1976 3172
256 144 360 195 306
855 143 1333 191 ΠΛΑΤΩΝΟΣ

258 275 418 342 ἀξίαν
448 282 550 332 τοῦ
580 276 803 340 πάθους
841 296 899 331 τε
932 276 1024 332 καὶ
1054 276 1327 347 πράξεως·
1364 276 1551 349 ἐπειδὴ
1588 279 1648 335 δὲ
1680 276 1761 344 οἷς
1789 278 1944 351 ἡμεῖς

257 363 697 430 νομοθετοῦμεν,
738 356 841 428 οὐχ
867 355 1063 428 ἥκιστα
1099 362 1346 429 ἐμμελεῖς
1379 358 1584 425 αὐτοὺς
1613 358 1833 431 οἰόμεθ’
1871 358 1945 418 ἀν

256 449 371 500 τῶν
389 442 660 499 τοιούτων
678 446 972 512 γίγνεσθαι
989 442 1192 512 κριτάς,
1213 445 1566 513 ἐπιτρεπτέον
1596 442 1664 515 δὴ
1695 442 1764 500 τά
1792 451 1946 500 πλεῖ-

258 543 372 582 στα.
412 521 483 580 οὐ
500 522 612 595 μὴν
630 520 754 579 ἀλλ’
773 521 911 593 ὅπερ
930 523 1193 588 πολλάκις
1208 518 1432 595 εἴπομέν
1450 545 1508 580 τε
1526 526 1618 581 καὶ
1637 524 1946 597 ἐδράσαμεν

257 610 320 664 ἐν
340 612 408 679 τῇ
426 612 539 660 τῶν
557 608 877 676 ἔμπροσθεν
895 603 1256 676 νομοθετήσει
1277 606 1486 676 νόμων,
1508 605 1569 662 τὸ
1592 606 1946 678 περιγραφήν

189 707 223 746 Ε
262 710 320 745 τε
340 688 431 743 καὶ
450 684 581 752 τοὺς
599 686 810 750 τύπους
828 690 940 741 τῶν
958 693 1235 758 τιμωριῶν
1249 687 1502 752 εἰπόντας
1523 691 1721 743 δοῦναι
1739 687 1806 743 τὰ
1838 708 1946 743 πα·-

259 774 594 841 ραδείγματα
622 778 764 822 τοῖσι
795 771 1075 834 δικασταῖς
1103 775 1207 824 τοῦ
1230 770 1440 875 μήποτε
1476 775 1694 875 βαίνειν
1719 774 1821 836 ἔξω
1851 776 1947 841 τῆς

259 856 430 921 δίκης,
454 848 578 904 τότε
599 869 656 902 τε
675 841 749 918 ἦν
768 846 1049 918 ὀρθότατα
1068 853 1193 919 ἔχον
1209 853 1301 906 καὶ
1320 851 1386 921 δὴ
1405 853 1497 908 καὶ
1515 859 1624 907 νῦν
1642 850 1786 908 τοῦτ’
1808 850 1943 908 αὐτὸ

257 933 535 1002 ποιητέον,
560 928 976 993 ἐπανελθόντας
994 927 1101 1000 ἤδη
1121 930 1290 985 πάλιν
1315 933 1402 986 ἐπὶ
1419 931 1550 996 τοὺς
1567 934 1791 1004 νόμους.
1820 932 1854 1005 ἡ
1877 931 1944 1003 δὴ

257 1011 446 1087 γραφὴ
471 1013 595 1083 περὶ
613 1010 927 1082 τραύματος
947 1004 1106 1067 ωδε
1073 1023 1208 1083 ημῖν
1227 1017 1464 1068 κεί·σθω
1504 1013 1604 1068 ἐάν
1621 1035 1701 1078 τις
1720 1018 1948 1085 διανοη-

257 1099 379 1162 θεὶς
399 1101 468 1168 τῇ
496 1094 761 1167 βουλήσει
784 1098 997 1150 κτεῖναί
1029 1116 1154 1150 τινα
1183 1100 1390 1167 φίλιον,
1419 1093 1565 1166 πλὴν
1597 1090 1677 1151 ὦν
1705 1093 1735 1150 ὁ
1776 1094 1948 1165 νόμος

256 1182 461 1250 ἐφίησι,
489 1175 676 1249 τρώσῃ
694 1177 814 1247 μέν,
834 1173 1155 1232 ἀποκτεῖναι
1174 1177 1233 1232 δὲ
1252 1175 1590 1249 ἀδυνατήσῃ,
1610 1174 1712 1233 τόν
1731 1180 1947 1248 διανοη-

141 1272 227 1319 877
258 1262 433 1317 θέντα
450 1280 509 1316 τε
538 1261 630 1315 καὶ
655 1258 949 1330 τρώσαντα
978 1257 1156 1324 οὕτως
1183 1257 1289 1314 οὐκ
1321 1259 1476 1325 ἄξιον
1506 1262 1678 1315 ἐλεεῖν
1705 1255 1838 1315 οὐδὲ
1860 1264 1948 1314 αι’-

260 1344 540 1416 δούμενον
574 1341 757 1407 ἄλλως
791 1336 830 1412 ἦ
865 1340 1124 1412 καθάπερ
1162 1340 1565 1398 ἀποκτείναντα
1593 1339 1817 1412 ὑπέχειν
1844 1339 1950 1410 τὴν

261 1430 422 1497 δίκην
451 1424 636 1496 φόνου
675 1422 1030 1493 ἀναγκάζειν·
1069 1422 1171 1493 τήν
1209 1422 1269 1478 δὲ
1305 1421 1374 1477 οὗ
1409 1421 1729 1478 παντάπασι
1765 1419 1948 1491 κακὴν

257 1508 433 1578 τύχην
453 1502 631 1560 αὐτοῦ
649 1502 956 1575 σεβόμενον
976 1506 1067 1559 καὶ
1083 1503 1184 1559 τὸν
1204 1507 1457 1575 δαίμονα,
1469 1500 1530 1568 ὂς
1543 1501 1828 1559 αὐτόνκαὶ
1845 1501 1947 1557 τὸν

257 1590 548 1658 τρωθέντα
581 1584 808 1656 ἐλεήσας
837 1582 1150 1654 ἀπότροπος
1178 1583 1364 1650 αὐτοῖς
1393 1587 1609 1655 ἐγένετο
1637 1582 1710 1655 μὴ
1736 1589 1815 1657 τῷ
1847 1583 1948 1653 μὲν

259 1669 492 1725 ἀνιάτον
512 1668 669 1732 ἕλκος
687 1669 972 1738 γενέσθαι,
992 1672 1072 1740 τῷ
1093 1665 1153 1722 δὲ
1183 1665 1462 1737 ἐπάρατον
1488 1666 1662 1738 τύχην
1690 1667 1782 1722 καὶ
1809 1668 1947 1738 ξυμ-

259 1754 465 1826 φοράν,
486 1751 666 1825 τούτῳ
689 1749 756 1821 δὴ
778 1750 943 1822 χάριν
961 1756 1038 1824 τῷ
1070 1753 1291 1828 δαίμονι
1312 1750 1539 1806 διδόντα
1566 1751 1751 1821 καὶμὴ
1782 1752 1947 1806 ἐναν-

258 1834 559 1906 τιούμενον
587 1831 687 1888 τόν
714 1833 817 1903 μὲν
836 1831 1090 1888 θάνατον
1112 1829 1341 1903 ἀφελεῖν
1358 1839 1460 1888 τοῦ
1485 1833 1818 1902 τρώσαντος,
1848 1853 1945 1901 με-

197 1935 232 1978 Β
263 1916 527 1974 τάστασιν
563 1918 623 1971 δὲ
661 1919 738 1980 εἰς
772 1913 876 1985 τὴν
910 1919 1130 1984 γείτονα
1152 1913 1321 1970 πόλιν
1351 1913 1504 1989 αὐτῷ
1529 1919 1824 1985 γίγνεσθαι
1855 1910 1944 1967 διά

255 2003 402 2071 βίου,
422 1995 820 2069 καρπούμενον
838 1993 1061 2051 ἅπασαν
1079 1996 1181 2067 τὴν
1201 1993 1377 2052 αὑτοῦ
1395 2003 1604 2068 κτῆσιν.
1642 1995 1851 2067 βλάβος
1869 1997 1944 2064 δέ,

257 2085 310 2136 εἰ
323 2077 743 2152 κατέβλαψετόν
761 2080 1068 2150 τρωθέντα,
1089 2079 1323 2134 ἐκτίνειν
1339 2085 1419 2152 τῷ
1434 2079 1762 2150 βλαφθέντι·
1782 2083 1947 2150 τιμᾷν

260 2165 320 2216 δε
347 2160 409 2217 τὸ
441 2161 814 2233 δικαστήριον,
844 2159 984 2230 ὅπερ
1018 2156 1091 2216 ἀν
1119 2161 1221 2232 τὴν
1252 2164 1411 2232 δίκην
1439 2165 1626 2232 κρίνῃ
1655 2163 1868 2230 κρίνειν
1888 2161 1947 2214 δὲ

259 2239 460 2314 οἵπερ”
435 2265 507 2297 αν
525 2250 627 2311 τοῦ
651 2242 837 2314 φόνου
856 2246 1134 2311 ἐδίκασαν,
1157 2247 1207 2298 εί
1232 2242 1583 2323 ἐτελεύτησεν
1613 2243 1671 2298 ἐκ
1691 2246 1787 2312 τῆς
1806 2247 1946 2312 πλη-

258 2327 358 2394 γῆς
374 2327 476 2377 τοῦ
495 2322 818 2393 τραύματος.
847 2325 1046 2393 γονέας
1064 2322 1115 2378 δ’
1140 2320 1212 2378 ἀν
1229 2335 1355 2388 παῖς
1385 2320 1422 2394 ἢ
1442 2327 1642 2387 δοῦλος
1672 2323 1944 2390 δεσπότην

261 2402 523 2468 ὡσαύτως
543 2405 603 2459 ἐκ
632 2409 896 2474 προνοίας
922 2406 1125 2476 τρώσῃ,
1145 2404 1398 2459 θάνατον
1425 2403 1566 2457 εἶναι
1592 2400 1696 2472 τὴν
1722 2405 1942 2472 ζημίαν·

260 2487 352 2542 καὶ
371 2481 469 2541 ἐὰν
486 2483 727 2555 ἀδελφὸς
743 2484 989 2556 ἀδελφὸν
1007 2484 1042 2555 ἢ
1065 2480 1368 2556 ἀδελφήν
1342 2482 1379 2555 η’
1402 2481 1614 2554 ἀδελφή
1638 2480 1942 2552 ἀδελφόν’“
1908 2506 1942 2554 η

189 2580 220 2622 c
260 2566 514 2639 ἀδελφὴν
547 2565 811 2632 ὡσαύτως
839 2566 1041 2639 τρώσῃ,
1071 2568 1162 2622 καὶ
1196 2566 1344 2638 ὄφλῃ
1364 2565 1676 2637 τραύματος
1712 2567 1773 2620 ἐκ
1803 2584 1943 2633 προ-

258 2653 431 2720 νοίας,
452 2648 706 2704 θάνατον
734 2647 873 2704 εἶναι
902 2647 1005 2720 τὴν
1024 2652 1240 2720 ζημίαν.
1276 2646 1420 2718 γυνὴ
1455 2647 1514 2703 δὲ
1547 2646 1726 2716 ἄνδρα
1749 2647 1943 2715 ἑαυτῆς

259 2735 315 2799 ἐξ
333 2734 629 2803 ἐπιβουλῆς
648 2737 752 2786 τοῦ
771 2728 1090 2787 ἀποκτεῖναι
1109 2729 1381 2801 τρώσασα,
1401 2725 1438 2801 ἢ
1457 2727 1599 2800 ἀνὴρ
1619 2727 1721 2799 τὴν
1740 2728 1941 2782 ἑαυτοῦ

259 2823 510 2886 γυναῖκα,
533 2815 782 2884 φευγέτω
800 2810 1095 2885 ἀειφυγίαν
1109 2834 1120 2846 ·
1140 2810 1241 2884 τὴν
1261 2811 1321 2868 δὲ
1338 2817 1550 2884 κτῆσιν,
1571 2809 1670 2868 ἐὰν
1687 2810 1788 2881 μὲν
1806 2809 1942 2870 υἱεῖς
