1976 3172
246 163 350 215 326
844 163 1022 209 HAA
1042 140 1322 211 ΤΩΝοΣ

247 315 345 360 σας
365 292 662 365 εἰρήκαμεν
681 291 753 358 ὡς
772 296 831 348 ἐν
847 297 1014 348 εἴδεσι
1032 299 1225 365 λαβεῖν
1243 292 1363 364 μετ’
1388 294 1652 368 οἷριθμοῦ,
1676 301 1822 371 πλήν
1841 322 1921 371 γε,

186 391 218 431 Β
250 370 294 431 ῶ
313 380 480 446 φίλοι,
505 378 689 442 δυοῖν;

387 455 864 527 Εβ4.1ῃηαωιδή;

385 545 503 594 ΑΘ.
540 537 775 609 Σχεδόν,
806 530 849 591 ὦ
877 535 1054 608 ’γαθέ,
1071 539 1325 609 ἐκείναιν,
1350 531 1428 594 οἶν
1447 539 1610 595 ἕνεκα
1629 547 1777 597 πᾶσα
1794 540 1932 613 ἡμῖν

250 623 396 676 ἐστὶν
414 620 448 690 ἡ
473 622 664 686 σκέψις
682 618 747 674 τοὶ
766 625 890 675 νῦν.

387 707 505 756 ΚΛ.
542 703 683 771 Λέγε
702 705 1055 770 σαφέστερον.

386 789 515 845 ΑΘ.Γ
545 789 734 852 Ψυχῆς
752 776 825 852 ἦν
844 781 1006 837 ἕνεκα
1025 801 1163 848 που;

386 868 503 916 ΚΛ.
542 861 709 916 Ποὶνυ
727 864 829 932 μὲν
844 855 963 916 οὖν.

394 946 511 1007 ΑΘ.
534 941 712 998 ’Ἐστω
727 947 920 998 τοίνυν
937 939 970 1012 ἡ
990 943 1091 1012 μὲν
1108 943 1265 1011 ἕτερα
1278 946 1556 1016 δυναμένη
1575 958 1750 1002 κινεῖν
1769 953 1931 1019 κίνη-

248 1041 349 1094 σις,
369 1024 574 1096 ἑαυτὴν
591 1026 651 1079 δὲ
669 1022 1026 1080 ἀδυνατοῦσα
1055 1022 1139 1079 ἀεὶ
1168 1028 1268 1095 μία
1292 1046 1391 1094 τις,
1415 1021 1449 1096 ἡ
1474 1024 1532 1080 δὲ
1551 1027 1754 1098 ἑαυτήν
1772 1027 1820 1083 τ’
1845 1028 1928 1085 ἀεὶ

247 1107 340 1162 καὶ
365 1107 523 1176 ἕτερα
543 1109 823 1177 δυναμένη
842 1105 981 1161 κατά
999 1126 1059 1160 τε
1079 1110 1392 1176 συγκρίσεις
1411 1110 1473 1162 ἔν
1502 1128 1562 1162 τε
1591 1111 1929 1180 διακρίσεσιν

246 1186 438 1254 αὔξαις
464 1209 523 1243 τε
552 1190 642 1243 καὶ
669 1193 746 1261 τῷ
776 1191 1005 1262 ἐναντίῳ
1035 1189 1126 1244 καὶ
1153 1191 1403 1259 γενέσεσι
1422 1189 1513 1245 καὶ
1532 1197 1773 1262 φθοραῖς
1791 1190 1929 1263 ἄλλη

187 1284 218 1326 c
246 1274 342 1339 μία
361 1291 440 1335 τις
461 1263 535 1325 αὖ
552 1275 666 1324 τῶν
684 1276 880 1325 πασῶν
897 1268 1186 1340 κινήσεων.

384 1358 505 1408 KA.
527 1353 703 1408 ’Έστω
721 1351 830 1424 γὰρ
859 1346 977 1408 οὖν.

383 1440 501 1491 ΑΘ.
542 1431 772 1490 Οὐκοῦν
792 1432 901 1505 τὴν
922 1433 1075 1504 μὲν”
1043 1453 1234 1504 ετερον
1251 1432 1334 1489 αεὶ
1362 1439 1634 1490 κινοῦσαν
1655 1439 1746 1491 καὶ
1765 1456 1930 1506 μετα-

244 1516 591 1586 βαλλομένην
609 1513 714 1586 υφ’
737 1516 926 1585 ἑτέρου
955 1514 1207 1587 θήσομεν
1226 1503 1427 1587 ένατην
1458 1509 1548 1586 αὖ,
1573 1515 1677 1587 τὴν
1710 1520 1768 1572 δε
1800 1519 1931 1571 ἑαυ-

243 1594 346 1667 τὴν
374 1602 642 1652 κινοῦσαν
675 1599 768 1652 καὶ
799 1597 974 1666 ἕτερα,
1012 1596 1460 1670 ἐναρμόττουσαν
1489 1603 1622 1651 πασι
1646 1598 1748 1667 μὲν
1769 1597 1931 1667 ποιή-

244 1693 394 1748 μασι,
416 1683 549 1732 πᾶσι
569 1679 629 1732 δὲ
646 1676 955 1748 παθήμασι,
977 1678 1328 1748 καλουμένην
1347 1675 1458 1733 δε”
1425 1699 1600 1743 οντως
1619 1677 1931 1734 τῶνόντων

245 1759 472 1814 πάντων
491 1757 802 1830 μεταβολὴν
825 1761 916 1814 καὶ
943 1763 1182 1830 κίνησιν,
1213 1759 1420 1831 ταύτην
1452 1759 1510 1816 δὲ
1542 1761 1778 1831 δεκάτην
1807 1777 1931 1830 σχε-

245 1841 619 1911 δὸνέροῦμεν.

383 1926 502 1976 KA.
541 1922 876 1977 Πανταπασι
892 1920 1003 1992 μὲν
1014 1916 1134 1977 οὖν.

132 2077 138 2080 ῃ
384 2009 502 2059 ΑΘ.
547 2009 673 2058 Τῶν
693 2001 760 2075 δὴ
778 2006 911 2060 δέκα
923 2001 1198 2075 μάλιστα
1168 2014 1300 2075 ημῖν
1312 1975 1586 2074 κινήσεων
1599 2000 1692 2059 τίν’
1712 1998 1783 2058 ἄν
1801 2022 1930 2074 προ-

189 2107 221 2147 D
252 2090 542 2156 κρίναιμεν
563 2082 842 2155 ὀρθότατα
860 2091 1055 2142 πασῶν
1084 2084 1567 2158 έρρωμενεστατην
1592 2105 1650 2139 τε
1681 2082 1821 2140 εἶναι
1839 2083 1933 2140 καὶ

247 2165 554 2239 πρακτικὴν
582 2169 984 2241 διαφερόντως;

386 2253 505 2304 ΚΛ.
545 2253 751 2323 Μυρίφ
772 2249 986 2321 ἀνάγκη
1007 2268 1118 2304 που
1138 2270 1314 2318 φαναι
1334 2251 1615 2321 διαφέρειν
1633 2245 1736 2318 τὴν
1756 2244 1932 2317 αὐτὴν

250 2327 426 2400 αὑτὴν
446 2333 765 2400 δυναμένην
782 2342 976 2399 κινεῖν,
998 2352 1093 2394 τας
1117 2330 1177 2386 δε
1197 2330 1366 2395 ἄλλας
1386 2330 1565 2394 πασας
1583 2327 1830 2398 ὑστέρας.

389 2417 503 2466 ΑΘ.
541 2404 629 2464 Ευ
648 2413 838 2479 λέγεις.
861 2405 952 2477 αρ’
975 2405 1080 2464 οὗν
1097 2409 1230 2479 ἡμῖν
1246 2417 1361 2466 τῶν
1378 2418 1487 2466 νῦν
1502 2410 1605 2465 οὐκ
1625 2407 1808 2475 ὀρθῶς
1830 2402 1927 2479 ρη-

247 2496 467 2550 θέντων
487 2495 820 2562 μεταθετέον
840 2486 948 2546 ἓν’
922 2512 956 2561 η
980 2491 1071 2545 καὶ
1091 2490 1220 2545 δύο·
1208 2532 1222 2556 ,

387 2579 506 2629 ΚΛ.
544 2579 686 2630 Ποῖα
706 2572 840 2649 φῄς;

387 2654 625 2711 ΑΘ.Τὸ
657 2661 763 2727 τῆς
789 2653 1019 2726 δεκατης
1047 2651 1222 2726 ρηθεν
1255 2649 1451 2762 σχεδὸν
1488 2648 1591 2706 οὐκ
1631 2648 1815 2723 ὀρθῶς
1853 2656 1932 2704 εἴ-

251 2757 423 2808 ρηται.

391 2823 508 2873 ΚΛ.
545 2823 662 2890 Πῇ;

147 612 159 636 Ἱ
