1976 3172
46 332 241 399 μανίας
274 324 553 397 τυγχάνοι,
599 325 727 392 νίκη
766 324 1014 392 πολέμου
1047 333 1162 386 τοῖς
1206 322 1494 392 ἑπομένοις
1532 347 1612 380 αν
1646 331 1731 395 γί-

47 431 255 480 γνοιτο,
273 405 344 465 οὐ
359 402 595 477 σμικρὰν
624 401 866 475 ἀγαθόν,
893 404 987 459 καὶ
1017 396 1177 460 τᾶλλ’
1206 401 1379 458 οὕτω·
1419 413 1735 476 συμποσίου

48 495 108 547 δὲ
138 490 328 561 ὀρθῶς
351 488 877 558 παιδαγωγηθέντος
903 491 961 541 τί
985 488 1126 556 μέγα
1151 485 1396 550 ἰδιώταις
1425 482 1461 557 ἦ
1489 492 1557 558 τῇ
1578 488 1734 543 πόλει

26 568 414 708 “γίννοὲτ8.αῗί
443 652 530 715 δέ;
581 647 779 713 παιδὸς
808 646 934 714 ἑνὸς
965 643 1004 720 ἦ
1039 649 1131 704 καὶ
1168 655 1342 721 χοροῦ
1378 653 1734 722 παιδαγωγη·

43 738 244 801 θέντος
260 732 402 791 κατὰ
419 732 634 803 τρόπον
651 731 776 798 ἑνὸς
792 754 844 787 τι
837 734 1000 803 ’μέγα
1025 738 1094 803 τῇ
1123 733 1283 788 πόλει
1311 744 1518 804 φαῖμεν
1545 755 1619 789 αν
1646 739 1735 804 γί-

42 824 322 888 γνεσθαι;’
342 810 381 885 ἦ
414 835 581 870 τουτο
621 810 800 878 οὕτως
833 815 1206 884 ἐρωτηθέντες
1243 821 1491 886 εἴποιμεν
1527 813 1616 886 ἄν,
1661 812 1736 880 ὡς

42 899 167 963 ἑνὸς
186 896 287 969 μὲν
306 893 486 969 βραχὺ
513 901 584 967 τῇ
602 895 762 952 πόλει
795 891 1033 965 γίγνοιτ’
1065 890 1139 951 ἄν
1173 893 1394 967 ὄφελος,
1429 902 1480 953 εἰ
1507 896 1561 952 δ’
1590 896 1735 963 ὅλως

42 982 253 1052 ἐρωτᾷς
279 981 536 1034 παιδείαν
561 982 678 1033 τῶν
704 979 1146 1048 παιδευθέντων,
1173 983 1231 1034 τί
1260 982 1401 1050 μέγα
1430 979 1535 1051 τὴν
1569 981 1735 1037 πόλιν

42 1058 315 1132 ὀνίνησιν,
350 1058 422 1116 οὐ
455 1058 700 1131 χαλεπὸν
737 1063 929 1130 εἰπεῖν,
968 1057 1055 1115 ὅτι
1091 1063 1491 1127 παιδευθέντες
1527 1062 1632 1133 μὲν
1668 1056 1734 1119 εὖ

43 1139 311 1212 γίγνοιντ’
333 1137 408 1197 ἄν
422 1138 627 1210 ἄνδρες
644 1140 871 1211 α’γαθοί,
899 1141 1193 1212 γενόμενοι
1221 1142 1282 1198 δὲ
1312 1149 1555 1199 τοιοῦτοι
1584 1142 1652 1199 τά
1677 1154 1730 1199 τ’

12 1248 19 1277 ι
43 1223 186 1279 ἄλλα
204 1221 502 1292 πράττοιεν
517 1227 719 1290 καλῶς,
739 1225 817 1276 ἔτι
836 1222 896 1278 δὲ
916 1219 1028 1278 κᾶν
1053 1229 1261 1295 νικῷεν
1283 1223 1417 1289 τοὺς
1438 1231 1735 1296 πολεμίους

41 1303 359 1376 μαχόμενοι.
410 1305 632 1357 παιδεία
671 1303 776 1371 μὲν
812 1296 919 1357 οὖν
956 1307 1116 1374 φέρει
1162 1307 1256 1359 καὶ
1291 1310 1472 1376 νίκην,
1511 1314 1638 1378 νίκη
1675 1305 1728 1363 δ’

42 1387 218 1442 ἐνίοτε
246 1382 641 1440 ἀπαιδευσίαν·
683 1385 880 1457 πολλοὶ
907 1381 1016 1454 γὰρ
1048 1381 1431 1456 ὑβριστότεροι
1451 1387 1543 1443 διὰ
1567 1395 1734 1446 πολέ-

13 1472 15 1478 ’
40 1489 164 1540 μων
181 1473 340 1531 νίκας
355 1466 655 1537 γενόμενοι
671 1471 890 1538 μυρίων
909 1465 1098 1523 ἄλλων
1113 1475 1307 1524 κακῶν
1328 1467 1402 1524 δι’
1425 1468 1596 1542 ὕβριν
1611 1475 1733 1527 ἐνεὲ

40 1549 393 1622 πλήσθησαν,
405 1552 499 1605 καὶ
515 1552 735 1605 παιδεία
752 1547 854 1619 μὲν
873 1547 1231 1607 οὐδεπώποτε
1249 1552 1446 1621 γέγονε
1463 1556 1731 1624 Καδμεία,

40 1644 190 1688 νῖκαι
209 1633 270 1690 δὲ
298 1630 624 1703 ἀνθρώποις
657 1633 862 1689 πολλαὶ
898 1630 966 1704 δὴ
997 1637 1247 1690 τοιαῦται
1270 1633 1540 1704 γεγόνασί
1563 1657 1621 1692 τε
1640 1638 1732 1693 καὶ

41 1718 277 1771 ἔσονται.

179 1801 301 1853 ΚΛ.
336 1803 539 1862 Λυπεῖς
562 1793 712 1868 ἡμῖν,
740 1789 786 1853 ὦ
814 1804 958 1868 φίλε,
988 1796 1094 1869 τὴν
1120 1801 1185 1855 ἐν
1201 1809 1317 1864 τοῖς
1334 1807 1508 1866 οἴνοις
1534 1798 1733 1870 κοινὴν

41 1877 330 1950 διατριβὴν
348 1876 423 1943 ὥς
444 1882 528 1943 εἰς
552 1881 800 1944 παιδείας
826 1878 1075 1951 μεγάλην
1099 1891 1303 1951 μοῖραν
1321 1887 1616 1937 τείνουσαν
1642 1885 1733 1937 λέ-

42 1980 180 2031 γειν,
198 1982 273 2016 αν
289 1957 481 2030 ὀρθως
498 1966 770 2031 γίγνηται.

182 2047 299 2098 ΑΘ.
340 2045 413 2097 Τί
426 2040 573 2139 μήν;

182 2126 304 2179 lu.
323 2121 505 2191 Ἔχοις
533 2144 608 2179 αν
635 2118 744 2180 οὖν
762 2125 825 2181 τὸ
857 2122 992 2196 μετὰ
1021 2121 1178 2181 τοῦτ’
1204 2129 1394 2197 εἰπεῖν,
1427 2148 1500 2191 ως
1529 2129 1643 2182 ἔστι
1669 2124 1730 2181 τό

43 2207 154 2258 νῦν
170 2205 464 2273 εἰρημένον
482 2201 716 2275 ἀληθές·
701 2244 719 2271 ,

180 2290 300 2340 ΑΘ.
339 2285 414 2341 Ta
450 2285 555 2355 μὲν
584 2284 807 2358 α’ληθίς,
849 2308 892 2342 ω
923 2289 1060 2357 ξένε,
1091 2290 1524 2359 διισχυρίζεσθαι
1558 2296 1732 2346 ταῦτα

17 2362 221 2430 ,οὕτως
246 2369 408 2437 ἔχειν,
435 2371 663 2423 πολλῶν
689 2365 1213 2440 ἀμφισβητούντων,
1239 2376 1410 2427 θεοῦ·
1449 2378 1498 2428 εἰ
1529 2369 1584 2427 δ’
1622 2370 1732 2444 ὅπη

41 2448 164 2517 ἐμοὶ
179 2453 435 2545 φαίνεται
449 2451 538 2505 δεῖ
551 2451 750 2521 λέγειν,
772 2448 956 2517 οὐδεὶς
972 2451 1211 2523 φθόνος,
1226 2453 1447 2523 ἐπείπερ
1466 2451 1729 2525 ω’ρμήκα-

43 2529 148 2598 μέν
172 2547 236 2597 γε
267 2529 400 2596 τοὺς
428 2530 632 2602 λόγους
658 2534 784 2602 περὶ
811 2533 1006 2604 νόμων
1030 2535 1124 2591 καὶ
1154 2539 1428 2601 πολιτείας
1447 2543 1730 2593 ποιεῖσθαι

41 2607 108 2664 τιὶ
129 2612 255 2666 νῦν.

184 2694 303 2749 ΚΔ.
332 2694 511 2751 Τοῦτ’
533 2695 670 2755 αὐτὸ
702 2697 772 2771 δὴ
801 2700 1126 2772 πειρώμεθα
1154 2701 1216 2759 τὰ
1249 2703 1338 2759 σοὶ
1368 2705 1576 2760 δοκοῦν
1604 2704 1728 2770 περὶ

16 2775 18 2777 ’
18 2790 156 2828 των
172 2777 283 2828 νῦν
306 2770 844 2852 ἀμφισβητουμένων
862 2790 1223 2859 καταμαθεῖν.

667 108 990 158 ΝΟΜΩΝ
1022 101 1081 157 α’.
1327 99 1335 158 J
1664 109 1733 160 23
1795 101 1799 106 ’

47 244 213 318 ημᾶς;
249 240 421 300 οἶον“
387 266 418 300 ο
444 248 554 300 νῦν
570 240 639 312 δὴ
666 243 947 311 ἐλέγομεν,
979 244 1031 295 εἰ
1055 240 1370 311 στράτευμα
1401 241 1578 314 ὀρθῆς
1603 243 1733 314 ἦγε-
1825 274 1830 279 ·
