1976 3172
231 153 338 205 242
654 220 657 222 v
807 226 817 230 ⁷
850 152 1323 199 ΠΛΑΤΩΝΟΣ

231 307 290 341 τε
321 288 494 357 οἰηθῇ
521 287 612 341 καὶ
639 283 846 355 ἀληθὲς
872 284 1105 355 μάθημα
1135 283 1274 339 εἶναι
1311 287 1404 341 καὶ
1441 287 1598 341 πόλει
1633 291 1916 358 ξυμφέρον

173 377 208 420 Β
234 369 325 423 καὶ
348 374 426 439 τῷ
447 374 567 442 θεω
593 366 911 422 παντάπασι
940 372 1123 436 φίλον,
1149 364 1338 423 οὐδενὶ
1369 366 1436 439 δὴ
1461 367 1647 457 τρόπω
1672 369 1916 426 δυνατόν

231 451 381 505 ἐστιν
400 453 478 505 ἔτι
494 447 568 520 μὴ
589 448 833 519 φράζειν.
1971 444 1973 446 ’

372 535 492 588 ΚΛ.
528 530 735 587 Εἰκότα
769 531 968 599 λέγεις·
1015 527 1138 586 ἀλλ’
1180 529 1402 599 ἄστρων
1430 534 1555 602 πέρι
1593 531 1825 604 μάθημα
1866 537 1922 587 τί

231 618 489 669 τοιοῦτον
515 609 929 683 ἄνευρήσομενς

372 701 491 751 ΑΘ.
520 687 585 749 Ὦ
609 691 833 764 ἀγαθοί,
865 692 1328 764 καταψευδόμεθα
1350 700 1460 749 νῦν
1487 692 1559 759 ὥς
1587 699 1716 759 ἔπος
1744 698 1917 750 εἰπεῖν

217 774 476 846 Ἕλληνες
520 775 720 839 πάντες
765 774 1021 845 μεγάλων
1055 782 1227 847 θεων,
1262 774 1425 847 ἡλίου
1454 798 1511 831 τε
1550 773 1663 847 ἅμα
1695 779 1787 831 καὶ
1824 792 1916 830 σε-

230 857 417 928 λήνης

370 937 609 995 ΚΛ.Τό
635 946 797 992 ποῖον
820 934 888 1006 δὴ
908 939 1139 1001 ψεῦδος;

373 1025 492 1075 ΑΘ.
532 1017 724 1089 Φαμὲν
758 1015 910 1077 αὐτοὶ,
930 1015 1196 1072 οὐδέποτε
1233 1015 1336 1087 τὴν
1373 1014 1551 1087 αὐτὴν
1585 1014 1730 1080 ὁδὸν,
1759 1020 1917 1087 ἰέναι,

230 1104 322 1158 καὶ
351 1098 478 1155 ἄλλ’
514 1098 648 1155 ἅττα
683 1098 861 1170 ἄστρα
884 1097 1017 1170 μετὰ
1034 1127 1036 1129 ·
1053 1097 1286 1168 τούτων,
1317 1098 1749 1168 ἐπονομάζοντες
1776 1106 1920 1154 πλα-

231 1181 371 1255 νητὰ
394 1179 552 1238 αὐτοί.
1012 1197 1019 1205 ‘

170 1274 202 1316 c
372 1270 491 1320 KA.
530 1261 622 1333 Νὴ
651 1260 755 1318 τὸν
780 1267 911 1331 Δία,
942 1255 989 1317 ὦ
1025 1265 1163 1330 ξένε,
1193 1259 1400 1333 ἀληθὲς
1433 1267 1598 1318 τοῦτο
1627 1262 1824 1333 λέγεις·
1861 1266 1923 1318 ἐν

229 1347 339 1418 γὰρ
367 1345 434 1418 δὴ
464 1351 540 1420 τῷ
569 1350 672 1419 βίῳ
702 1344 968 1408 πολλάκις
995 1344 1211 1411 ἑώρακα
1248 1345 1340 1399 καὶ
1370 1341 1539 1408 αὐτὸς
1568 1345 1668 1400 τόν
1695 1366 1754 1401 τε
1789 1346 1922 1409 ἕως·

231 1429 418 1500 φόρον
443 1429 535 1483 καὶ
561 1425 663 1483 τὸν
692 1427 930 1494 ἕσπερον
946 1426 1039 1480 καὶ
1057 1424 1261 1488 ἄλλους
1279 1423 1434 1490 τινας
1453 1423 1718 1481 οὐδέποτε
1737 1426 1922 1490 ἰόντας

231 1517 311 1575 εἰς
328 1510 431 1566 τὸν
449 1507 623 1564 αὐτὸν
643 1508 872 1580 δρόμον,
902 1505 1041 1562 ἀλλά
1066 1507 1247 1578 πάντη
1267 1511 1690 1579 πλανωμένους·
1728 1506 1831 1563 τὸν
1860 1508 1920 1564 δὲ

229 1591 402 1663 ἥλιόν
420 1611 531 1646 που
561 1591 654 1646 καὶ
686 1590 927 1660 σελήνην
959 1593 1210 1661 δρῶντας
1227 1595 1402 1645 ταῦτα
1422 1588 1507 1645 ἀεὶ
1535 1590 1740 1655 πάντες
1761 1592 1924 1655 ξυνε-

232 1673 569 1744 πιστάμεθα.

373 1759 492 1809 ΛΘ.
535 1749 710 1807 Ταῦτ’
730 1755 844 1807 ἔστι
871 1757 1082 1823 τοίνυν,
1117 1746 1164 1807 ὦ
1195 1752 1446 1822 Μέγιλλέ
1468 1772 1527 1807 τε
1555 1753 1647 1808 καὶ
1674 1756 1921 1821 Κλεινία,
1958 1759 1965 1767 ’

231 1843 341 1893 νῦν
360 1832 395 1890 ἃ
416 1835 485 1905 δή
508 1856 651 1905 φημι
670 1837 788 1889 δεῖν
807 1836 932 1906 περὶ
948 1839 1105 1890 θεῶν
1122 1838 1238 1890 τῶν
1267 1831 1389 1889 κατ’
1422 1832 1672 1903 οὐρανὸν
1699 1832 1831 1897 τούς
1858 1854 1920 1902 γε

231 1916 534 1988 ἡμετέρους
563 1921 863 1980 πολίταςτε
899 1917 992 1971 καὶ
1027 1907 1165 1981 τοὺς
1183 1917 1343 1980 νέους
1369 1914 1430 1970 τὸ
1464 1919 1621 1986 μέχρι
1647 1915 1921 1970 τοσούτου
1972 1951 1976 1995 4

172 2020 209 2061 1)
239 2007 444 2070 μαθεῖν
464 1999 588 2069 περὶ
606 1995 870 2054 ἁπάντων
898 1997 1131 2068 τούτων,
1163 1999 1320 2068 μέχρι
1346 2002 1448 2052 τοῦ
1469 1994 1543 2068 μὴ
1573 2002 1923 2068 βλασφημεῖν

233 2083 358 2152 περὶ
378 2078 534 2151 αυτοὶ,
558 2078 830 2151 εὐφημεῖν
849 2079 908 2135 δὲ
927 2077 1012 2135 ἀεὶ
1031 2077 1281 2144 θύοντάς
1297 2092 1355 2135 τε
1376 2079 1547 2135 καὶέν
1571 2075 1754 2149 εὐχαῖς
1772 2074 1922 2147 εὐχο-

234 2165 437 2234 με’νους
456 2161 711 2234 ευσεβῶς

375 2249 493 2300 KA.
532 2250 707 2299 Τοῦτο
744 2246 848 2314 μεν
883 2242 1085 2316 ὀρθόν,
1117 2251 1174 2300 εἴ
1200 2265 1264 2314 γε
1294 2262 1520 2314 πρωτον
1547 2242 1651 2313 μὲν
1678 2240 1922 2297 δυνατόν
1961 2235 1965 2239 ’

234 2321 423 2382 ἔστιν
403 2347 432 2380 ο
455 2327 629 2393 λέγεις
646 2332 876 2394 μαθεῖν’
917 2325 1048 2395 εἶτα,
1081 2328 1131 2380 εἰ
1153 2323 1226 2394 μὴ
1247 2325 1479 2394 λέγομέν
1500 2345 1552 2378 τι
1580 2324 1704 2391 περὶ
1735 2320 1921 2377 αὐτῶν

236 2406 426 2479 όρθως
459 2411 587 2476 νῦν,
616 2405 894 2475 μαθόντες
925 2406 984 2461 δὲ
1012 2408 1256 2474 λέξομεν,
1287 2408 1554 2471 συγχωρῶ
1582 2399 1736 2470 κᾶγω
1765 2399 1829 2453 τό
1855 2420 1920 2468 γε

235 2495 506 2548 τοσοῦτον
524 2488 618 2544 καὶ
635 2493 892 2543 τοιοῦτον
911 2509 981 2542 ον
1008 2486 1293 2556 μαθητέον
1326 2481 1480 2538 εἶναι.
1523 2478 1675 2536 ταῦτ’
1709 2502 1815 2535 ουν
1849 2476 1922 2544 ὡς
1967 2536 1969 2538 ,

236 2570 431 2644 ἔχοντά
452 2566 568 2626 ἐσθ’
589 2567 756 2640 οὕτω,
776 2573 948 2639 πειρῶ
969 2566 1040 2622 σὺ
1060 2569 1162 2637 μὲν
1180 2568 1493 2636 ἐξηγεῖσθαι
1511 2562 1750 2629 πάντως,
1767 2558 1921 2631 ἡμεῖς

239 2655 300 2712 δε
319 2655 661 2720 ξυνέπεσθαί
673 2667 760 2707 σοι
777 2649 1175 2723 μανθανοντες.
1954 2642 1955 2648 ¹

176 2759 211 2800 Ε
381 2742 499 2792 ΑΘ.
530 2731 672 2790 ”Αλλ
710 2737 824 2790 ἔστι
852 2734 955 2804 μὲν
989 2729 1059 2787 οὐ
1093 2725 1332 2803 ρᾴδιον
1315 2751 1345 2784 ο
1374 2729 1516 2799 λέγω
1543 2732 1764 2798 μαθεῖν,
1794 2719 1954 2778 οὐδ’.

241 2812 318 2876 αὖ
335 2814 652 2876 παντάπασι
669 2814 930 2887 χαλεπόν,
952 2811 1087 2870 οὐδέ
1099 2814 1168 2883 γε’
1179 2833 1329 2877 τινος
1346 2811 1554 2883 χρόνου
1573 2803 1958 2879 παμπόλλου
