1976 3172
725 157 1044 209 ΝΟΜΩΝ
1078 150 1125 206 ι’.
1672 154 1778 210 325

85 317 190 366 ται,
219 293 286 350 τὰ
314 295 374 351 δὲ
401 295 583 369 μένει;
619 290 688 348 τὰ
703 292 807 363 μὲν
821 293 1058 347 κινεῖταί
1079 308 1209 362 που,
1235 289 1417 362 φήσω,
1441 289 1511 347 τὰ
1530 292 1591 347 δὲ
1607 292 1775 363 μένει.
1809 306 1840 349 c

85 383 209 447 μῶν
227 370 334 432 οὖν
352 372 458 431 οὐκ
477 377 539 430 ἐν
556 371 709 445 χῶρα
725 373 832 427 τινὶ
849 367 919 426 τά
937 390 996 425 τε
1015 370 1222 428 ἑστῶτα
1249 373 1444 444 ἕστηκε
1471 374 1562 429 καὶ
1591 371 1659 428 τὰ
1685 382 1776 429 κι-

85 458 334 529 νούμενα
354 465 611 519 κινεῖταις
638 458 754 519 πῶς
768 450 877 522 γὰρ
899 448 971 506 οὔ
981 474 997 518 ;
1027 452 1120 507 καὶ
1142 449 1210 507 τὰ
1228 454 1333 530 μέν
1351 473 1416 523 γε
1442 454 1502 509 ἐν
1520 459 1622 526 μιᾷ
1640 453 1775 526 ἕδρᾳ

82 558 196 595 που
223 543 390 594 τοῦτο
419 533 493 593 ἂν
519 533 690 611 δρῴη,
716 530 785 589 τὰ
814 532 877 589 δὲ
904 533 967 588 ἐν
996 538 1222 589 πλείοσι.
1261 532 1329 588 τὰ
1347 531 1452 605 τὴν
1467 540 1583 590 τῶν
1602 533 1774 590 ἑστῶ-

82 642 197 678 των
214 622 276 678 έν
293 622 443 694 μέσῳ
466 616 823 689 λαμβάνοντα
838 612 1085 687 δύναμιν
1103 618 1296 687 λέγεις,
1317 615 1590 688 φήσομεν,
1611 618 1672 672 ἐν
1693 618 1774 674 ἑνὶ

81 709 379 771 κινεῖσθαι,
407 696 667 766 καθάπερ
702 694 737 767 ἡ
775 703 890 753 τῶν
925 696 1150 753 ἑστάναι
1190 703 1510 769 λεγομένων
1546 698 1776 754 κύκλων

81 786 373 853 στρέφεται
389 778 695 851 περιφορά,
682 802 694 814 ·
722 785 830 835 ναί.
851 779 1223 851 μανθάνομεν
1243 782 1307 837 δέ
1320 801 1403 852 γε,
1425 778 1499 846 ῶς
1518 782 1582 837 ἐν
1600 780 1776 852 ταύτῃ

77 867 150 936 τῇ
176 866 459 936 περιφορᾷ
487 859 590 918 τόν
619 864 880 933 μέγιστον
907 864 1000 917 καὶ
1035 860 1136 917 τὸν
1165 860 1535 932 σμικρότατον
1561 862 1774 918 κύκλον

76 943 191 1017 ἅμα
209 946 554 1016 περιάγουσα
568 944 605 1017 ἡ
623 943 851 1015 τοιαύτη
870 948 1086 1014 κίνησις
1105 943 1213 999 ἀνὰ
1230 944 1451 1015 λόγον’
1423 942 1628 1016 εαυτὴν
1646 946 1832 999 δια-1)

77 1029 230 1099 νέμει
248 1037 501 1098 σμικροῖς
515 1048 575 1083 τε
588 1028 680 1083 καὶ
695 1030 953 1099 μείζοσιν,
966 1025 1210 1083 ἐλάττων
1218 1047 1280 1083 τε
1295 1020 1439 1083 οὖσα
1456 1028 1549 1084 καὶ
1567 1032 1775 1084 πλείων

78 1107 227 1165 κατὰ
246 1108 450 1180 λόγον·
489 1106 577 1165 διὸ
608 1107 676 1180 δὴ
706 1113 823 1164 τῶν
842 1115 1190 1180 θαυμαστῶν
1216 1107 1484 1166 ἁπάντων
1510 1107 1660 1182 πηγὴ
1678 1110 1774 1180 γε’-

76 1212 265 1261 γονεν,
284 1213 401 1263 αμα
419 1189 680 1262 μεγάλοις
705 1191 799 1247 καὶ
816 1202 1069 1262 σμικροῖς
1089 1190 1318 1257 κύκλοις
1337 1191 1689 1268 βραδυτῆτάς
1711 1195 1774 1247 ’τε

75 1277 167 1330 καὶ
195 1273 330 1346 τάχη
361 1270 782 1345 ὁμολογούμενα
805 1273 1143 1343 πορεύουσα,
1173 1273 1460 1330 ἀδύνατον
1486 1272 1560 1340 ὥς
1586 1273 1661 1330 ἅν
1686 1295 1770 1340 τις

75 1358 311 1412 ἐλπίσειε
340 1359 636 1425 γίγνεσθαι
666 1355 866 1419 πάθος.
907 1353 1259 1426 ἀληθέστατα
1286 1358 1478 1426 λέγεις.
1515 1355 1582 1413 τὰ
1613 1358 1676 1413 δέ
1702 1376 1767 1427 γε

15 1448 18 1516 J
74 1434 379 1507 κινούμενα
397 1438 458 1490 έν
473 1442 701 1500 πολλοῖς
715 1439 904 1503 φαίνει
922 1456 1016 1506 μοι
1043 1439 1244 1507 λέγειν,
1278 1435 1384 1492 ὅσα
1413 1444 1567 1511 φορᾷ
1595 1448 1767 1494 κινεῖ-

75 1541 165 1575 ται
184 1522 590 1591 μεταβαίνοντα
607 1522 685 1584 εἰς
705 1518 899 1590 ἕτερον
917 1514 1002 1574 ἀεὶ
1021 1517 1215 1590 τόπον,
1234 1520 1326 1574 καὶ
1354 1517 1479 1575 τοτὲ
1497 1521 1600 1591 μὲν
1617 1524 1768 1576 ἔστιν

77 1601 171 1658 ὅτε
189 1601 361 1674 βάσιν
378 1599 504 1667 ἑνὸς
518 1602 828 1674 κεκτημένα
842 1600 993 1667 τινὸς
1019 1602 1275 1674 κέντρου,
1301 1604 1425 1658 τοτὲ
1452 1601 1514 1659 δὲ
1541 1607 1773 1659 πλείονα
1803 1613 1835 1653 Ε

76 1689 156 1755 τῶ
175 1686 703 1756 περικυλινδεῖσθαι.
741 1682 1238 1755 προστυγχάνοντα
1266 1680 1321 1740 δ’
1354 1683 1614 1740 ἑκάστοτε
1644 1684 1774 1741 ἑκά-

78 1782 228 1832 στοις
248 1778 364 1832 τοῖς
384 1766 580 1823 ἑστῶσι
599 1768 703 1838 μὲν
714 1769 1059 1837 διασχίζεται,
1069 1761 1242 1831 τοῖςιΥ
1254 1763 1444 1832 αλλοις
1454 1768 1509 1833 ἐξ
1523 1768 1776 1833 ἐναντίας

76 1845 363 1903 ἀπαντῶσι
382 1848 474 1903 καὶ
494 1850 824 1946 φερομένοις
844 1853 921 1913 εἰς
937 1850 999 1903 ἓν
1017 1846 1323 1920 γιγνόμενα
1341 1851 1479 1920 μέσα
1495 1869 1556 1904 τε
1570 1850 1665 1905 καὶ
1684 1870 1772 1920 με·

75 1926 213 1995 ταξυ
231 1935 346 1984 τῶν
361 1930 637 1986 τοιούτων
654 1937 1028 2004 συγκρίνεται.
1064 1932 1209 2002 λέγω
1228 1929 1338 2003 γὰρ
1357 1925 1464 1987 οὖν
1476 1936 1649 1986 ταῦτα
1669 1928 1772 1986 ού-

75 2030 182 2076 tos·
198 2014 411 2082 ἔχοντα,
432 2008 506 2077 ὡς
523 2009 597 2067 σύ
616 2014 806 2083 λέγεις.
843 2014 939 2069 καὶ
965 2010 1078 2084 μὴν
1108 2014 1203 2068 καὶ.
1226 2011 1641 2085 συγκρινόμενα
1672 2012 1773 2083 μὲν

78 2092 389 2164 αὐξάνεται,
414 2095 814 2166 διακρινόμενα
833 2096 895 2151 δὲ
912 2098 1111 2166 φθίνει
1126 2094 1270 2164 τότε,
1290 2092 1430 2151 ὅταν
1447 2092 1481 2166 ἡ
1501 2102 1771 2166 καθεστη-

77 2186 207 2231 κυῖα
226 2174 475 2231 ἑκάστων
495 2177 602 2242 ἕξις
621 2179 871 2251 διαμένῃ,
889 2176 962 2249 μὴ
983 2176 1261 2249 μενούσης
1279 2176 1340 2233 δὲ
1359 2173 1530 2248 αὐτῆς
1559 2174 1634 2232 δι’
1663 2174 1772 2248 άμ-

77 2258 289 2328 φότερα
306 2253 642 2315 ἀπόλλυται·
674 2263 923 2330 γίγνεται
940 2258 1008 2332 δὴ
1033 2259 1261 2317 πάντων
1272 2263 1504 2331 γένεσις,
1523 2254 1670 2330 ἡνίκ’
1693 2254 1764 2315 ἂν
1801 2270 1884 2316 894

77 2346 132 2396 τί
150 2339 333 2405 πάθος
349 2333 409 2414 ᾗς
432 2344 604 2411 δῆλον
623 2338 699 2407 ῶς
716 2339 927 2398 ὁπόταν
945 2338 1085 2414 ἀρχή
1105 2346 1359 2414 λαβοῦσα
1377 2339 1555 2412 αὔξην
1573 2344 1649 2406 εἰς
1667 2339 1771 2412 τὴν

0 2429 7 2482 ἶ
75 2423 343 2490 δευτέραν
359 2425 502 2496 ἔλθῃ
511 2422 817 2495 μετάβασιν
834 2425 926 2480 καὶ
944 2420 1053 2479 άπὸ
1074 2423 1277 2495 ταύτης
1294 2426 1372 2489 εἰς
1389 2421 1494 2494 τὴν
1517 2427 1769 2495 πλησίον,

0 2489 8 2564 ff
76 2506 170 2562 καὶ
202 2509 357 2577 μέχρι
387 2513 559 2579 τριῶν
582 2509 829 2565 ἐλθοῦσα
856 2515 1124 2581 αἴσθησιν
1153 2515 1258 2582 σχῇ
1286 2519 1401 2574 τοῖς
1427 2510 1771 2580 αἰσθανομέ-

79 2607 210 2653 νοις.
241 2589 587 2661 μεταβάλλον
615 2591 720 2662 μὲν
747 2586 856 2647 οὖν
883 2591 1031 2647 οὕτω
1060 2593 1153 2648 καὶ
1181 2589 1658 2663 μετακινούμενον
1685 2594 1773 2661 γί-

79 2689 269 2740 γνεται
290 2674 427 2727 πᾶν·
453 2675 567 2729 ἔστι
584 2673 645 2730 δὲ
665 2674 840 2740 ὄντως
858 2671 945 2744 ὅν,
965 2671 1177 2729 ὁπόταν
1193 2676 1355 2744 μένῃ’
1378 2670 1691 2744 μεταβαλὸν
1713 2671 1773 2728 δὲ

81 2755 158 2816 εἰς
177 2748 351 2822 ἄλλην
363 2752 476 2819 ἕξιν
494 2757 824 2827 διέφθαρται
845 2761 1141 2819 παντελῶς.
1164 2747 1257 2825 ἆρ’
1279 2746 1385 2810 οὖν
1404 2752 1647 2825 κινήσεις
1662 2753 1771 2812 πά-
