1976 3172
699 113 1019 162 N0M521v
1051 107 1114 173 β’.
1675 115 1745 168 59
1800 106 1805 113 ²

17 276 19 280 ·
57 270 150 304 και
179 248 388 311 πάντας
420 246 645 317 ψόφους
672 250 750 310 εἰς
775 242 944 300 ταύτὰ
975 242 1081 300 οὐκ
1112 244 1186 300 ἄν
1208 264 1341 302 ποτε
1369 249 1644 320 ξυνθεῖεν,
1670 247 1745 316 ὥς

58 330 122 384 ἓν
139 350 191 383 τι
207 326 543 399 μιμούμεναι
555 347 567 358 ·
588 326 810 396 ποιηταὶ
828 322 881 380 δ’
903 322 1258 400 ἀνθρώπινοι
1275 326 1499 394 σφόδρα
1525 326 1594 382 τὰ
1625 349 1743 384 τοι-

58 416 199 465 αὖτα
214 412 573 481 ἐμπλέκοντες
589 409 681 463 καὶ
698 413 1087 476 συγκυκῶντες
1105 404 1321 476 ἀλόγως
1337 407 1532 476 γέλωτ’
1553 405 1625 463 α”ν
1645 430 1744 464 πα-

15 508 17 518 ·
57 491 452 559 ρασκευάξοιεν
467 495 581 544 τῶν
591 486 918 558 ἀνθρώπων
936 487 1107 553 ὅσους
1124 490 1295 560 φησὶν
1308 485 1542 560 Ὀρφεὺς
1558 495 1742 559 λαχεῖν

57 572 212 643 ὤραν
226 577 324 642 τῆς
337 572 572 640 τέρψιος.
594 567 769 625 ταῦτά
794 591 860 640 γε
876 568 985 640 γάρ
1014 566 1188 639 ὁρῶσι
1213 568 1396 624 πάντα
1424 568 1739 640 κυκώμενα,

53 657 146 709 καὶ
170 657 250 708 ἔτι
269 657 578 708 διασπῶσιν
600 656 658 709 οἱ
672 653 888 723 ποιηταὶ
907 649 1133 724 ῥυθμὸν
1151 652 1255 722 μὲν
1272 651 1364 706 καὶ
1383 649 1630 723 σχήματα
1644 653 1742 721 με’-

52 741 189 800 λους
213 739 395 806 χωρίς,
432 732 636 806 λόγους
665 733 863 800 ψιλοὺς
890 738 968 799 εἰς
992 736 1164 804 μέτρα
1191 734 1456 802 τιθέντες,
1482 734 1647 803 μέλος
1684 731 1735 788 δ’

50 837 127 872 αυ
106 810 236 872 καὶ
252 813 545 888 ῥυθμὸν*
506 837 646 872 ανευ
663 837 941 888 ρηματων,
962 820 1098 888 ψιλῇ
1121 820 1400 885 κιθαρίσει
1427 835 1486 869 τε
1514 816 1606 870 καὶ
1635 812 1742 868 αύ-
1773 830 1808 870 Ε

43 897 206 971 Ἆήσει
232 897 672 969 προσχρώμενοι,
701 899 764 953 ἐν
794 893 879 963 οἷς
915 896 983 970 δὴ
1013 897 1368 968 παγχάλεπον
1396 894 1536 952 ἀνευ
1565 895 1740 966 λόγου
1801 925 1805 927 -

49 980 387 1051 γιγνόμενον
410 979 638 1053 ῥυθμόν
664 1001 723 1035 τε
750 980 843 1035 καὶ
869 977 1144 1051 ἁρμονίαν
1170 979 1517 1050 γιγνώσκειν,
1542 975 1574 1034 ὅ
1603 983 1656 1033 τί
1680 999 1740 1033 τε

11 1106 16 1126 ,
51 1061 313 1136 βούλεται
329 1059 474 1117 '‘al‘'
441 1082 551 1134 οτφ
579 1065 723 1117 ἔοικε
750 1067 866 1117 τῶν
888 1060 1194 1131 ἀξιολόγων
1223 1061 1572 1132 μιμημάτων·
1611 1057 1738 1116 ἀλλ’

11 1139 14 1152 ’
49 1139 358 1213 ὑπολαβεῖν
380 1140 703 1213 ἀναγκαῖον,
734 1141 822 1198 ὅτι
848 1141 909 1198 τὸ
932 1142 1190 1198 τοιοῦτόν
1213 1163 1278 1212 γε
1314 1147 1523 1213 πολλῆς
1548 1139 1742 1211 ἀγροι-

11 1249 15 1275 ι
49 1231 175 1290 κίας
190 1224 395 1296 μεστὸν
413 1231 546 1292 πᾶν,
562 1221 775 1279 ὁπόσον
791 1224 994 1292 τοίχους
1011 1244 1072 1278 τε
1091 1226 1182 1278 καὶ
1201 1224 1489 1287 ἀπταισίας
1508 1225 1600 1278 καὶ
1618 1244 1741 1291 φω-

54 1314 151 1376 νῆς
166 1305 488 1376 θηριώδους
516 1305 737 1375 σφόδρα
767 1310 951 1375 φίλον,
982 1304 1113 1360 ὥστ’
1150 1303 1380 1375 αὐλήσει
1404 1327 1467 1374 γε
1496 1310 1742 1376 χρῆσθαι

9 1446 11 1450 .
45 1389 438 1455 καὶκιθαρίσει
447 1385 604 1458 πλὴν
624 1383 762 1442 ὅσον
779 1383 890 1441 ὑπὸ
924 1385 1167 1456 ὄρχησίν
1183 1406 1243 1440 τε
1271 1387 1364 1440 καὶ
1393 1384 1564 1458 ώδήν,
1594 1379 1739 1459 ψιλῷ
1768 1395 1857 1441 670

8 1483 11 1494 ⁴
49 1467 106 1525 δ’
126 1469 364 1542 ἑκατέρῳ
382 1466 535 1523 πᾶσά
549 1489 631 1533 τις
653 1465 892 1539 ἀμουσία
919 1469 1013 1523 καὶ
1039 1472 1470 1566 θαυματουργία
1498 1465 1732 1536 γίγνοιτ’

7 1622 9 1628 A
47 1572 122 1607 αν
137 1557 236 1621 τῆς
256 1550 516 1648 χρήσεως.
554 1556 730 1607 ταῦτα
747 1551 850 1621 μὲν
869 1554 975 1621 ἔχει
992 1550 1164 1622 ταύτῃ
1181 1549 1377 1620 λόγον·
1415 1546 1570 1620 ἡμεῖς
1589 1551 1654 1603 δέ
1675 1568 1740 1618 γε

46 1631 149 1703 οὐχ
170 1629 205 1688 ὅ
223 1653 276 1687 τι
291 1630 365 1703 μὴ
387 1633 477 1688 δεῖ
486 1643 604 1697 ταῖς
617 1629 921 1698 Μούσαιςτ
890 1637 1049 1705 ημῶν
1067 1637 1453 1709 προσχρῆσθαι
1478 1627 1612 1694 τοὺς
1633 1628 1738 1700 ἤδη

45 1713 476 1785 τριακοντούτας
494 1715 589 1770 καὶ
606 1721 722 1791 τῶν
739 1713 1083 1786 πεντήκοντα
1100 1716 1277 1785 πέραν
1293 1710 1594 1783 γεγονότας
1613 1727 1737 1766 σκο-

6 1819 10 1870 5
45 1796 331 1867 πούμεθα,
352 1794 477 1852 ἀλλ’
513 1795 547 1853 ὅ
576 1801 633 1852 τί
662 1817 795 1852 ποτε
822 1799 920 1852 δεῖ.
954 1795 1083 1852 τόδε
1111 1795 1214 1867 μὲν
1241 1790 1350 1851 οὖν
1379 1797 1440 1850 ἐκ
1468 1794 1685 1849 τούτων
1705 1789 1734 1846 ὁ

42 1877 212 1949 λόγος
229 1876 361 1951 ἡμῖν
379 1881 538 1935 δοκεῖ
552 1900 648 1950 μοι
674 1880 963 1950 σημαίνειν
981 1878 1108 1950 ἤδη,
1127 1884 1223 1949 τῆς
1240 1898 1305 1947 γε
1321 1880 1546 1947 χορικῆς
1565 1873 1738 1929 Μού-

4 2016 5 2022 ,
46 1977 150 2031 σης
166 1958 202 2016 ὅ
217 1981 271 2017 τι
289 1964 699 2018 πεπαιδεῦσθαι
720 1965 808 2017 δεῖ
829 1961 1048 2034 βέλτιον
1075 1958 1208 2024 τούς
1236 1955 1732 2029 πεντηκοντούτας,

5 2071 9 2085 =
44 2040 199 2106 ὅσοις
228 2061 332 2114 περ
351 2038 426 2099 ἂν
453 2040 615 2115 ᾅδειν
642 2041 913 2114 προσήκῃ.
948 2047 1064 2097 τῶν
1090 2041 1199 2111 γὰρ
1230 2042 1471 2110 ῥυθμῶν
1498 2038 1591 2093 καὶ
1620 2042 1734 2091 τῶν
1763 2056 1796 2097 Β

0 2087 9 2180 f·
44 2122 332 2195 ἁρμονιῶν
363 2122 671 2194 ἀναγκαῖον
699 2121 888 2188 αὐτοῖς
911 2124 1069 2180 ἐστὶν
1098 2119 1446 2192 εὐαισθήτως
1475 2123 1617 2190 ἔχειν
1641 2120 1735 2175 καὶ

0 2207 3 2216 ’
44 2205 380 2276 γιγνώσκειν
392 2227 404 2239 ·
421 2205 460 2276 ἦ
478 2212 596 2271 πῶς
612 2228 693 2270 τις
702 2205 806 2277 τήν
824 2203 1108 2275 ὀρθότητα
1119 2203 1391 2275 γνώσεται
1404 2205 1516 2258 τῶν
1531 2205 1732 2271 μελῶν,

0 2313 10 2358 2
42 2280 92 2363 ᾧ
108 2294 389 2359 προσῆκεν
407 2285 445 2358 ἦ
461 2286 536 2359 μὴ
556 2293 801 2359 προσῆκε
816 2292 920 2343 τοῦ
938 2288 1163 2358 δωριστὶ
1182 2286 1275 2365 καὶΙ
1291 2290 1394 2341 τοῦ
1406 2286 1653 2358 ῥυθμοῦ,
1665 2279 1734 2338 ὃν

0 2366 10 2424 ⁶·
44 2365 77 2424 ὁ
93 2371 321 2443 ποιητὴς
340 2369 495 2445 αὐτῷ
513 2377 804 2443 προσῆψεν
830 2368 1018 2441 ὀρθῶς
1034 2365 1072 2442 ἦ
1094 2368 1169 2441 μή
1182 2393 1196 2434 ;

2 2495 3 2498 =
186 2457 306 2513 ΚΔ
341 2458 536 2525 Δῆλον
555 2450 630 2519 ῶς
648 2451 920 2525 οὐδαμῶς.

187 2542 304 2594 ΑΘ.
339 2543 564 2605 Γελοτος
589 2535 700 2610 γάρ
727 2537 760 2594 ὅ
789 2560 855 2610 γε
878 2536 1052 2604 πολύς
1076 2536 1238 2609 όχλος
1264 2533 1573 2608 ἡγούμενος
1608 2537 1735 2590 ἰκα-

1 2638 8 2668 ¹
47 2619 163 2680 ναῖς
178 2618 507 2686 γιγνώσκειν
523 2619 590 2677 τό
622 2617 671 2676 τ’
703 2618 1052 2693 εὐάρμοστον
1080 2621 1172 2676 καὶ
1198 2617 1492 2691 εὔρυθμον
1519 2617 1610 2674 καὶ
1637 2614 1730 2687 μή,

0 2718 7 2749 ι
47 2695 174 2752 οσοι
214 2700 514 2775 προσᾴδειν
538 2702 728 2760 αυτῶν
756 2705 850 2760 καὶ
884 2708 1101 2776 βαίνειν
1128 2705 1191 2759 ἐν
1226 2704 1430 2775 ῥυθμῷ
1467 2695 1732 2771 γεγόνασι

1 2781 536 2854 «μιηναγκασμένοι
566 2785 651 2844 ὅτι
684 2785 744 2845 δὲ
773 2791 946 2859 δρῶσι
975 2793 1148 2843 ταῦτα
1178 2782 1513 2856 ἀγνοοῦντες
1543 2778 1732 2836 αὐτῶν
1764 2793 1797 2836 c
