1976 3172
227 197 332 248 150
650 209 656 213 ’
830 194 1305 242 ΠΛΑΤΩΝΟΣ

230 327 415 400 λαχών
433 326 743 400 κεκτήσθω,
765 330 967 399 φαμέν,
987 325 1087 383 τὸν
1118 332 1328 400 κλῆρον
1359 327 1448 382 ἐπὶ
1478 326 1695 392 τούτοις
1730 324 1811 393 οἷς
1839 335 1916 386 εἰ-

164 423 195 463 Β
228 411 488 481 ρήκαμεν.
527 402 602 480 ἦν
629 407 730 479 μὲν
757 409 823 480 δὴ
851 406 1026 464 καλὸν
1053 410 1154 464 ’καὶ
1190 401 1361 463 τᾶλλα
1401 414 1494 463 ἴσα
1522 405 1690 463 πάντ’
1722 413 1915 479 ἔχοντα

226 494 326 548 ἕνα
345 494 580 548 ἕκαστον
600 494 791 548 ἐλθεῖν
810 495 886 556 εἰς
906 489 1010 562 τὴν
1027 487 1310 546 ἀποικίαν·
1352 487 1538 560 ἐπειδὴ
1563 489 1623 545 δὲ
1649 487 1719 545 οὐ
1739 493 1914 546 δυνα-

225 573 342 643 τόν,
363 570 486 628 ἀλλ’
508 569 538 629 ὁ
558 575 662 644 μέν
677 594 758 639 τις
777 578 945 629 πλείω
974 575 1308 644 κεκτημένος
1327 571 1577 644 ἀφίξεται
1595 572 1862 644 χρήματα,
1884 571 1912 628 ὁ

225 653 280 710 δ’
301 652 587 725 ἐλάττονα,
610 660 697 711 δεῖ
720 653 787 727 δὴ
809 659 1032 711 πολλῶν
1047 656 1214 717 ,ἕνεκα
1235 660 1347 709 τῶν
1364 659 1423 709 τε
1441 653 1580 709 κατὰ
1600 652 1769 710 πόλιν
1789 675 1913 709 και-

225 744 340 809 ρῶν
361 738 610 809 ἰσότητος
641 739 803 794 ἕνεκα
831 737 1104 810 τιμήματα
1135 736 1302 793 ἄνισα
1329 739 1610 808 γενέσθαι,
1638 736 1716 792 ἵν’
1756 734 1920 807 ἀρχαί

221 841 280 875 τε
300 821 393 874 καὶ
414 821 668 888 εἰσφοραὶ
694 822 784 875 καὶ
803 822 1061 890 διανομαὶ
1083 818 1187 891 τήν
1198 825 1293 891 τῆς
1313 817 1464 886 ἀξίας
1485 818 1731 883 ἑκάστοις
1751 817 1915 888 τιμὴν
1970 827 1976 872 «ἶ

221 899 294 971 μὴ
315 897 441 955 κατ’
485 896 691 970 ἀρετὴν
725 900 904 970 μόνον
940 901 1044 970 τήν
1070 921 1129 955 τε
1159 901 1456 969 προγόνων
1488 902 1580 954 καὶ
1606 901 1708 969 τὴν
1737 896 1914 954 αὑτοῦ
1963 915 1976 974 j

162 996 192 1037 C
224 981 361 1052 μηδὲ
385 978 525 1036 κατὰ
548 979 822 1052 σωμάτων
843 985 997 1051 ἰσχῦς
1015 981 1106 1035 καὶ
1129 979 1459 1051 εὐμορφίας,
1491 977 1629 1034 ἀλλὰ
1657 981 1748 1035 καὶ
1777 974 1915 1034 κατὰ
1963 998 1976 1013 2

225 1061 475 1117 πλούτου
509 1067 710 1133 χρῆσιν
746 1062 839 1118 καὶ
877 1066 1066 1125 πενίας
1098 1059 1194 1126 τὰς
1230 1061 1387 1132 τιμάς
1420 1082 1480 1116 τε
1517 1064 1607 1117 καὶ
1636 1058 1806 1132 ἀρχὰς
1842 1059 1916 1124 ὡς
1957 1055 1976 1128 ’ζ

227 1145 475 1197 ἰσαίτατα
494 1148 571 1216 τῷ
590 1139 764 1216 ἀνίσῳ
787 1145 1071 1215 ξυμμέτρςο
1093 1145 1152 1197 δὲ
1171 1139 1659 1215 ἀπολαμβάνοντες
1689 1141 1761 1214 μὴ
1795 1146 1917 1196 δια-
1951 1138 1967 1218 ι’

226 1225 519 1294 φέρωνται.
538 1223 753 1280 τούτων
764 1224 929 1296 χάριν
946 1227 1175 1295 τέτταρα
1194 1227 1418 1295 μεγέθει
1434 1220 1528 1296 τῆς
1548 1222 1739 1288 οὐσίας
1757 1223 1918 1293 τιμή·
1963 1229 1976 1238 ”

225 1328 369 1376 ματα
388 1315 670 1362 ποιεῖσθαι
688 1307 885 1379 χρεών,
907 1306 1163 1379 πρώτους
1173 1308 1265 1362 καὶ
1286 1308 1580 1379 δευτέρους
1591 1307 1683 1362 καὶ
1699 1310 1916 1375 τρίτους

225 1390 318 1444 καὶ
336 1387 650 1460 τετάρτους,
671 1386 708 1459 ἤ
725 1406 868 1450 τισιν
887 1387 1074 1451 ἄλλοις
1094 1391 1683 1459 προσαγορευομένους
1700 1384 1914 1456 ’ὀνόμα-

224 1486 332 1540 σιν,
355 1467 492 1524 ὅταν
512 1491 572 1524 τε
593 1472 837 1540 μένωσιν
855 1471 916 1525 ἐν
934 1475 1014 1543 τῷ
1033 1466 1187 1542 αὐτῷ
1203 1468 1462 1541 τιμήματι
1479 1471 1571 1525 καὶ
1594 1466 1730 1523 ὅταν
1749 1474 1913 1523 πλου-

224 1549 477 1619 σιώτεροι
503 1552 562 1606 ἐκ
583 1550 840 1622 πενήτων
859 1550 949 1605 καὶ
969 1553 1028 1605 ἐκ
1048 1555 1332 1605 πλουσίων
1354 1551 1581 1621 πένητες
1598 1548 1915 1620 γιγνόμενοι
1964 1569 1967 1574 ’

166 1652 200 1692 D
231 1637 637 1703 μεταβαίνωσιν
663 1637 739 1696 εἰς
765 1631 826 1686 τὸ
859 1637 1144 1702 προσῆκον
1181 1632 1401 1687 ἕκαστοι
1428 1633 1668 1686 ἑαυτοῖσι
1696 1631 1918 1700 τίμημα,

222 1712 352 1768 τόδε
373 1710 426 1768 δ’
451 1713 538 1768 ἐπὶ
558 1711 774 1777 τούτοις
793 1705 866 1767 αὖ
892 1710 1074 1783 νόμου
1104 1717 1283 1784 σχῆμα
1314 1711 1477 1784 ἔγωγ’
1502 1708 1575 1767 ἀν
1605 1716 1821 1782 τιθείην
1843 1707 1915 1774 ὦς

228 1795 519 1866 ἑπόμενον.
561 1797 649 1850 δεῖ
658 1792 766 1865 γὰρ
788 1797 848 1849 ἐν
867 1794 1022 1850 πόλει
1041 1814 1169 1864 που,
1203 1797 1405 1866 φαμέν,
1431 1800 1498 1866 τῇ
1523 1791 1624 1850 τοῦ
1655 1798 1915 1865 μεγίστου
1963 1790 1966 1822 ³

226 1875 538 1947 νοσήματος
562 1874 631 1932 ού
647 1876 978 1950 μεθεξούσῃ,
1010 1874 1041 1932 ὂ
1071 1877 1358 1931 διάστασιν
1384 1871 1421 1946 ἢ
1453 1875 1648 1930 στάσιν
1680 1872 1914 1942 ὀρθότε-

227 1980 330 2030 ρον
351 1954 423 2014 ἂν
454 1965 537 2030 εἴη
567 1963 888 2030 κεκλῆσθαι,
915 1957 1051 2030 μήτε
1080 1962 1276 2014 πενίαν
1305 1955 1408 2028 τὴν
1436 1955 1683 2028 χαλεπὴν
1708 1957 1913 2010 ἐνεῖναι
1951 1941 1962 1961 κ

225 2040 378 2111 παρά
398 2055 506 2095 τισι
523 2045 638 2096 τῶν
657 2046 900 2096 πολιτῶν
919 2038 1045 2112 μήτ’
1077 2033 1152 2095 αὖ
1183 2045 1447 2108 πλοῦτον,
1480 2035 1554 2102 ὡς
1583 2035 1914 2108 ἀμφοτέρων
1943 2096 1952 2100 ,

226 2119 528 2175 τικτόντων
563 2125 738 2176 ταῦτα
775 2118 1087 2191 ἀμφότερα·
1117 2118 1237 2175 νῦν
1264 2112 1370 2175 οὖν
1407 2117 1545 2189 ὅρον
1583 2121 1671 2175 δεῖ
1699 2118 1914 2174 τούτων
1973 2155 1976 2188 2

227 2201 491 2278 ἑκατέρου
509 2199 610 2257 τὸν
629 2203 946 2273 νομοθέτην
959 2201 1199 2273 φράζειν.
1225 2205 1362 2258 ἔστω
1376 2199 1441 2271 δὴ
1463 2204 1654 2265 πενίας
1665 2200 1767 2271 μὲν
1785 2198 1916 2271 ὅρος

165 2307 199 2348 Ε
224 2278 257 2353 ἡ
280 2286 382 2336 τοῦ
401 2281 613 2352 κλήρου
630 2283 778 2354 τιμή,
804 2280 870 2338 ὃν
891 2287 978 2338 δεῖ
986 2286 1175 2354 μένειν
1190 2285 1282 2339 καὶ
1302 2280 1370 2338 ὂν
1394 2280 1580 2355 ἄρχων
1602 2279 1785 2346 οὐδεὶς
1814 2280 1914 2336 ού-

227 2366 347 2419 δενί
363 2380 496 2417 ποτε
526 2361 846 2433 περιόψεται
877 2364 1082 2419 ἐλάττω
1105 2364 1459 2434 γιγνόμενον,
1495 2370 1610 2418 τῶν
1639 2384 1698 2418 τε
1728 2363 1914 2418 ἄλλων

181 2444 188 2450 ”
226 2442 364 2500 κατὰ
385 2441 558 2499 ταύτὰ
580 2440 779 2514 οὐδείς,
800 2442 949 2508 ὅστις
978 2442 1266 2514 φιλότιμος
1283 2442 1370 2498 ἐπ’
1402 2441 1568 2514 ἀρετῇ
1583 2465 1594 2477 ·
1633 2446 1834 2513 μέτρον
1855 2444 1912 2498 δὲ

226 2523 403 2581 αὐτὸν
421 2528 657 2596 θέμενος
684 2522 712 2581 ὅ
731 2528 1039 2597 νομοθέτης
1058 2524 1348 2580 διπλάσιον
1367 2524 1513 2580 ἐάσει
1547 2523 1750 2580 τούτου
1779 2545 1923 2579 κτα-,

228 2613 365 2660 σθαι
383 2605 475 2660 καὶ
494 2604 819 2674 τριπλάσιον
838 2608 929 2662 καὶ
960 2607 1116 2676 μέχρι
1139 2608 1555 2675 τετραπλασίου.
1595 2609 1824 2661 πλείονα
1856 2601 1906 2660 δ’

227 2685 299 2741 ἄν
316 2708 397 2751 τις
417 2692 610 2741 κτᾶται
631 2687 845 2744 τούτων
863 2683 1048 2760 ευρών
1066 2682 1103 2759 ἢ
1124 2683 1409 2743 δοθέντων
1427 2686 1608 2743 ποθεν
1636 2710 1669 2758 η
1702 2707 1912 2758 χρημα-

112 2791 199 2836 745
225 2768 517 2840 τισάμενος
533 2768 570 2841 ἥ
589 2792 698 2826 τινι
719 2770 857 2843 τύχῃ
873 2769 1099 2843 τοιαύτη
1128 2769 1469 2869 κτησάμενος
1500 2767 1638 2842 άλλῃ
1656 2767 1724 2824 τά
1756 2783 1922 2864 :rtem-f·

226 2851 531 2922 γιγνόμενα
553 2857 656 2908 τοῦ
677 2857 896 2924 μέτρου,
918 2859 986 2925 τῇ
1005 2852 1163 2908 πόλει
1181 2848 1254 2907 ἀν
1273 2849 1414 2907 αὐτὰ
1437 2853 1528 2906 καὶ
1553 2862 1665 2915 τοις
1684 2847 1785 2920 τὴν
1805 2847 1923 2903 πό-
