1976 3172
241 163 311 214 34
848 165 1021 212 ΠΛΑ
1042 146 1323 213 ΤΩΝΟΣ

244 301 488 366 ροῦσθαι
506 299 598 354 καὶ
619 298 909 368 δυνάμεως
927 301 1002 362 εἰς
1026 297 1221 363 δόξαν;
1243 299 1332 352 καὶ
1352 303 1622 352 τελευτῶν
1651 296 1721 368 δὴ
1743 299 1920 370 πάσης

240 376 270 432 ὁ
293 383 542 443 τοιοῦτος
558 384 864 451 παρρησίας
885 375 958 442 ὥς
978 375 1154 449 σοφὸς
1175 374 1254 433 ὢν
1272 384 1567 449 μεστοῦται
1583 380 1676 435 καὶ
1692 382 1923 436 ἐλευθε-

241 463 378 530 ρίας,
399 460 578 531 πάσης
614 459 673 516 δὲ
709 458 962 532 ἀφοβίας,
995 458 1135 514 ὥστε
1161 463 1334 515 εἰπεῖν
1371 482 1433 516 τε
1466 458 1681 525 ἀόκνως
1711 460 1918 533 ὁτιοῦν,

243 537 505 607 ὡσαύτως
523 540 690 598 δὲκαὶ
710 545 937 613 πρᾶξαι;
974 547 1082 606 ποῖς
1109 539 1259 613 ἡμῖν,
1291 540 1457 614 οἶμαι,
1487 542 1645 598 ταῦτ’
1681 538 1753 598 ἂν
1782 559 1921 613 σαγ-

239 634 422 693 χωροῖ.

380 708 500 759 ΚΛ.
545 710 616 760 Τί
629 703 767 776 μήν;

381 789 508 840 XVI.
545 791 663 842 ΑΘ.
700 783 1172 857 Ἀναμνησθσόμεν
1201 785 1267 857 δὴ
1297 786 1441 856 τόδε,
1471 784 1556 842 ὅτι
1586 783 1681 841 δύ’
1712 788 1923 855 ἔφαμεν

241 865 401 938 ἡμῶν
429 869 489 922 ἐν
508 878 623 932 ταῖς
641 878 841 937 ψυχαῖς
860 871 975 924 δεῖν
993 869 1431 939 θεραπεύεσθαι,
1450 866 1511 924 τὸ
1534 891 1636 940 μεν
1656 866 1806 931 ὅπως
1825 864 1858 922 ὅ
1872 888 1925 922 τι

245 947 481 1020 μάλιστα
496 949 874 1022 θαρρήσομεν,
895 947 956 1005 τὸ
978 949 1036 1006 δὲ
1054 948 1383 1006 τούναντίον
1409 949 1442 1006 ὅ
1469 972 1520 1006 τι
1550 948 1786 1021 μάλιστα
1817 969 1924 1018 φο-

241 1031 548 1103 βησόμεθα.

381 1118 501 1169 ΚΛ.
536 1109 603 1166 A
618 1117 716 1182 τῆς
732 1116 922 1176 αἰδοῦς
942 1117 1140 1182 ἔλεγες,
1161 1110 1236 1176 ὡς
1255 1113 1507 1182 οἰόμεθα.

383 1200 501 1249 ΑΘ.
539 1198 739 1258 Καλῶς
759 1194 1148 1264 μνημονεύετε.
1183 1191 1368 1264 ἐπειδὴ
1392 1194 1450 1250 δὲ
1468 1192 1571 1265 τήν
1589 1214 1647 1248 τε
1666 1190 1927 1264 ἀνδρείαν

240 1278 333 1332 καὶ
351 1277 455 1347 τὴν
475 1273 720 1346 ἀφοβίαν
740 1277 802 1330 ἐν
817 1285 932 1339 τοῖς
950 1275 1147 1346 φόβοις
1171 1279 1259 1331 δεῖ
1271 1282 1767 1346 καταμελετᾶσθαι,
1797 1275 1945 1329 aus-⁸

240 1361 424 1428 πτέον,
457 1351 568 1426 ἀρα
594 1354 675 1412 ¹156·
693 1359 948 1412 ἐναντίον
976 1358 1038 1413 ἐν
1066 1367 1177 1421 τοῖς
1204 1358 1483 1421 ἐναντίοις
1506 1356 1926 1428 θεραπεύεσθαι

242 1440 371 1495 δέον
391 1435 463 1492 ἂν
481 1446 582 1508 εἴη.

380 1524 500 1576 ΚΛ.
544 1518 622 1575 Τό
640 1516 698 1590 γ’
720 1512 828 1574 οὖν
848 1519 1009 1583 εἰκός.

383 1607 500 1657 ΛΘ.
524 1596 592 1656 “A
610 1600 889 1664 παθόντες
911 1600 1020 1668 ἄρα
1038 1597 1367 1671 πεφύκαμεν
1387 1599 1761 1669 διαφερόντως
1781 1606 1929 1668 θαρ-

242 1687 429 1753 ραλέοι
447 1681 495 1739 τ’
519 1681 659 1738 εἶναι
679 1684 770 1755 καὶ
787 1691 1034 1754 θρασεῖς,
1057 1685 1119 1739 ἐν
1147 1682 1362 1747 τούτοις
1390 1685 1519 1738 δέον
1548 1682 1637 1754 ἅν,
1669 1680 1741 1748 ὡς
1770 1683 1926 1755 ἔοικ’,
1975 1732 1976 1736 ,

243 1773 325 1837 εἴη
344 1763 405 1821 τό
428 1772 671 1838 μελετᾷν
694 1762 767 1829 ὡς
786 1763 982 1836 ἥκιστα
1001 1763 1141 1821 εἶναι
1160 1762 1562 1835 ἀναισχύντους
1587 1786 1645 1820 τε
1672 1767 1763 1820 καὶ
1782 1773 1922 1835 θρα-

244 1848 479 1918 σύτητος
501 1849 786 1918 γέμοντας,
810 1849 1090 1920 φοβερούς
1110 1848 1168 1903 δε
1190 1851 1266 1910 εἰς
1289 1847 1354 1902 τό
1372 1868 1424 1901 τι
1442 1850 1655 1920 τολμᾷν
1675 1846 1928 1903 ἑκάστοτε

238 1927 473 1999 λέγειν’
437 1952 471 1999 η
492 1928 724 1999 πάσχειν
748 1925 787 2000 ἦ
803 1930 892 1985 καὶ
913 1932 1056 2002 δρᾷν
1085 1925 1315 1998 αἰσχρὸν
1340 1925 1544 2023 ὁτιοῦν.

381 2015 501 2068 ΚΛ.
523 2009 753 2068 Ἔοικεν.

380 2099 498 2149 ΑΘ.
539 2090 770 2148 Οὐκοῦν
789 2091 964 2147 ταῦτά
983 2095 1095 2147 ἐστι
1113 2091 1294 2147 πάντα
1315 2094 1374 2146 ἐν
1394 2085 1475 2154 οἷς
1488 2092 1651 2159 ἐσμὲν
1669 2096 1927 2159 τοιοῦτοι,
1971 2083 1976 2092 ”

239 2175 443 2245 θυμός,
463 2178 618 2245 ἔρως,
639 2173 817 2247 ὕβρις,
839 2171 1071 2245 ἀμαθία,
1102 2175 1469 2245 φιλοκέρδεια,
1495 2176 1708 2242 [δειλία]
1741 2173 1833 2227 καὶ
1853 2175 1930 2227 ἔτι
1973 2184 1976 2187 ’

156 2284 162 2289 ·
242 2254 444 2323 τοιάδε,
466 2261 722 2323 πλοῦτος,
754 2254 972 2322 κάλλος,
997 2255 1168 2325 ἰσχύς,
1188 2256 1279 2310 καὶ
1298 2249 1475 2308 πάνθ’
1505 2249 1702 2309 &aad
1726 2250 1931 2323 ἡδονῆς

210 2343 212 2345 ’
244 2329 318 2391 αὖ
346 2333 704 2406 μεθύσκοντα
733 2333 1102 2404 παράφρονας
1127 2344 1296 2388 ποιεῖ·
1328 2332 1545 2387 τούτων
1578 2330 1630 2386 δ’
1659 2331 1854 2402 εὐτελῆ
1871 2355 1929 2387 τε

243 2418 336 2473 καὶ
355 2414 716 2487 ἀσινεστέραν
737 2434 963 2485 πρωτον
991 2418 1092 2485 μὲν
1123 2414 1261 2484 πρὸς
1287 2411 1349 2467 τό
1381 2412 1691 2483 λαμβάνειν
1710 2424 1926 2483 πεῖραν,

245 2497 358 2555 εἶτα
379 2503 454 2564 εἰς
475 2496 536 2554 τὸ
557 2503 809 2570 μελετᾷν,
839 2494 986 2567 πλὴν
1018 2502 1114 2567 τῆς
1141 2498 1202 2551 ἐν
1231 2502 1365 2568 οἴνῳ
1391 2492 1645 2565 βασάνου
1671 2494 1762 2547 καὶ
1797 2513 1928 2548 παι-

247 2583 366 2645 διᾶς
384 2585 507 2636 τίνα
528 2584 721 2651 ἔχομεν
741 2575 953 2650 ἡδονὴν
983 2581 1155 2633 εἰπεῖν
1172 2581 1455 2647 ἔμμετρον
1482 2579 1710 2644 μᾶλλον,
1735 2569 1807 2628 ἄν
1836 2575 1929 2629 καὶ

244 2659 560 2717 ὁπωστιοῦν
585 2660 704 2732 μετ’
737 2657 1025 2731 εὐλαβείας
1051 2663 1331 2730 γίγνηται;
1376 2673 1670 2725 σκοπωμεν
1692 2653 1802 2726 γάρ
1832 2655 1925 2726 δή

246 2741 529 2799 δυσκόλου
547 2744 728 2814 ψυχῆς
742 2737 885 2797 καὶ’
855 2748 1066 2812 αγρίας,
1093 2741 1192 2806 ἐξ
1163 2763 1229 2810 ης
1256 2738 1461 2794 ἀδικίαι
1488 2741 1681 2808 μυρίαι
1700 2743 1926 2807 γίγνον-

246 2846 351 2896 ται,
381 2825 618 2895 πότερον
647 2823 804 2880 ἰόντα
834 2826 908 2887 εἰς
942 2822 1009 2878 τὰ
1044 2821 1347 2893 ξυμβόλαια
1379 2830 1575 2891 πεῖραν
1602 2817 1924 2890 λαμβάνειν,
1962 2873 1976 2896 ι
