1976 3172
268 145 370 198 182
882 146 1355 195 ΠΛΑΤΩΝΟΣ

263 278 366 350 χρὴ
380 288 610 349 γαμεῖν,
648 281 704 333 οἳ
735 294 824 333 σοι
859 290 1182 350 παραινοῖεν
1216 276 1289 335 ἄν
1317 281 1390 352 μή
1430 281 1663 353 φεύγειν
1698 282 1800 339 τὸν
1833 306 1947 342 των

264 361 521 432 πενήτων
547 361 685 461 μηδε
720 357 820 416 τὸν
852 381 966 416 των
998 365 1282 416 πλουσίων
1320 360 1541 419 διω’κειν
1573 367 1950 465 διαφερόντως

263 443 463 514 γάμον,
493 440 617 498 ἀλλ’
651 441 751 497 ἐαν
782 435 952 498 τᾶλλα
979 443 1153 515 ἰσάζῃ,
1189 442 1290 499 τὸν
1319 441 1721 518 ὑποδεέστερον
1753 446 1837 504 ἀεὶ
1867 471 1950 504 τι-

263 529 455 594 μῶντα
475 528 551 588 εἰς
570 521 673 595 τὴν
691 527 992 579 κοινωνίαν
1010 526 1271 590 ξυνιέναι.
1318 531 1384 599 τῇ
1405 547 1463 602 τε
1486 526 1600 598 γὰρ
1627 528 1785 584 πόλει
1815 530 1952 600 ξυμ-
1972 587 1974 590 ,

264 616 447 704 φορον
477 600 553 660 α“ν
572 611 655 675 εἴη
682 604 855 678 ταύτῃ
883 616 998 670 ταῖς
1026 627 1085 661 τε
1120 606 1437 672 ξυνιούσαις
1474 608 1698 684 ἑστίαις·
1750 610 1810 674 τὸ
1841 610 1976 682 γάρῖζ

263 684 477 757 ὁμαλὸν
513 687 606 742 καὶ
643 686 952 757 ξύμμετρον
989 685 1236 758 άκράτου
1281 695 1486 762 μυρίον
1522 682 1795 761 διαφέρει
1814 691 1976 774 πρὸςϊΙ

262 765 480 838 ἀρετήν.
521 774 769 839 κοσμίων
799 791 857 824 τε
895 773 1148 839 πατέρων
1181 771 1283 844 χρὴ
1318 780 1739 849 προθυμεῖσθαι
1728 758 1976 871 firm-³

200 862 234 904 Β
263 856 400 903 σθαι
418 850 694 918 κηδεστὴν
721 847 824 904 τόν
853 848 1009 923 αὐτῷ
1038 851 1325 916 ξυνειδότα
1353 853 1744 925 ἰταμωτερον
1719 854 1832 926 α’μα
1862 854 1976 940 καὶξ-

260 934 475 983 θᾶττον
493 934 595 983 τοῦ
623 929 844 993 δέοντος
862 930 1001 998 πρὸς
1017 930 1197 995 πάσας
1223 931 1319 995 τὰς
1348 933 1569 1000 πράξεις
1603 934 1960 1007 φερόμενον

248 1009 361 1086 ,τὸν
389 1009 440 1065 δ’
473 1013 738 1075 ἐναντίως
765 1011 1055 1081 πεφυκότα
1084 1014 1172 1068 ἐπι
1207 1009 1472 1068 τάναντία
1502 1014 1604 1085 χρὴ
1633 1017 1962 1087 κηδεύματα

261 1093 622 1165 πορεύεσθαι.
659 1094 751 1149 και
769 1091 908 1149 κατὰ
930 1092 1138 1159 παντὸς
1155 1091 1232 1159 εἷς
1251 1098 1389 1150 ἔστω
1414 1101 1597 1166 μῦθος
1614 1096 1821 1168 γάμον·
1851 1097 1955 1153 τὸν

259 1174 367 1246 γὰρ
387 1181 456 1246 τῇ
474 1177 632 1231 πόλει
649 1178 737 1231 δεῖ
748 1179 1105 1248 συμφέροντα
1134 1177 1466 1248 μνηστεύειν
1494 1177 1676 1249 γάμον
1696 1179 1952 1251 ἕκαστον,

261 1255 331 1312 οὐ
351 1254 453 1312 τὸν
471 1256 704 1328 ἥδιστον
723 1256 892 1314 αὑτω.
924 1260 1150 1329 φέρεται
1172 1261 1236 1314 δέ
1251 1279 1367 1325 πως
1386 1279 1493 1325 πας
1514 1257 1599 1316 άεὶ
1618 1283 1757 1316 κατα
1778 1261 1976 1332 φύσιν

259 1339 402 1411 πρὸς
429 1337 530 1400 τὸν
550 1337 877 1410 ὁμοιότατον
907 1337 1076 1411 αυτῷ,
1109 1339 1251 1396 όθεν
1282 1339 1574 1412 ἀνώμαλος
1600 1340 1633 1413 ἡ
1663 1343 1822 1406 πόλις
1850 1340 1970 1412 ὅλη

203 1437 235 1480 G
266 1427 513 1493 γίγνεται
530 1422 770 1494 χρήμασί
785 1444 844 1477 τε
864 1424 956 1478 καὶ
979 1422 1204 1494 τρόπων
1220 1421 1443 1494 ἤθεσιν·
1483 1427 1536 1490 ἐξ
1560 1417 1640 1479 ὦν
1659 1422 1695 1478 ὁὶ
1719 1422 1792 1494 μὴ
1813 1429 1953 1494 βου-

261 1503 481 1573 λόμεθα
500 1508 822 1576 ξυμβαίνειν
842 1502 989 1575 ἡμῖν,
1003 1506 1095 1560 καὶ
1114 1504 1349 1575 μάλιστα
1369 1510 1654 1576 ξυμβαίνει
1671 1516 1788 1568 ταῖς
1808 1507 1950 1558 πλεί-

255 1588 416 1651 σταις
434 1585 642 1642 πόλεσι.
682 1593 855 1642 ταῦτα
875 1586 942 1657 δὴ
964 1586 1053 1642 διὰ
1073 1586 1245 1656 λόγον
1271 1589 1374 1658 μὲν
1393 1587 1549 1660 νόμῳ
1568 1585 1947 1656 προστάττειν,
1960 1623 1976 1662 ⁷3

262 1667 337 1740 μὴ
374 1679 571 1740 γαμεῖν
609 1668 882 1724 πλούσιον
918 1675 1191 1725 πλουσίου
1227 1668 1365 1739 μηδὲ
1409 1666 1586 1724 πολλὰ
1601 1666 1976 1929 δυνάμενον,

262 1749 524 1820 πράττειν
543 1749 717 1812 άλλον
731 1752 1007 1822 τοιούτου,
1034 1750 1276 1816 θάττους
1295 1750 1355 1807 δε
1383 1750 1550 1822 ἤθεσι
1577 1770 1716 1821 προς
1737 1753 1950 1822 βραδυ-

260 1837 463 1905 τέρονς·
473 1837 566 1890 καὶ
583 1838 959 1906 βραδυτέρους
977 1832 1115 1903 πρὸς
1133 1834 1378 1899 θάττους
1397 1831 1728 1903 ἀναγκάζειν
1747 1854 1814 1901 τη
1837 1854 1950 1887 των

260 1916 456 1987 γάμων
474 1922 740 1972 κοινωνία
759 1917 1118 1987 πορεύεσθαι,
1140 1915 1279 1988 πρὸς
1296 1938 1372 1971 τω
1391 1921 1576 1987 γελοῖα
1597 1913 1737 1970 εἶναι
1757 1912 1968 1983 θυμὸν

260 1994 332 2053 ὅὶν
356 2001 560 2071 ἐγείραι
578 2006 817 2064 πολλοῖς·
839 1998 907 2054 οὐ
928 1998 1035 2070 γὰρ
1051 2000 1296 2101 ράδιον’
1268 2010 1500 2069 εννοεῖν,
1522 1997 1606 2053 ὅτι
1626 1996 1791 2053 πόλιν
1812 1995 1951 2051 ειναι

192 2093 227 2136 D
260 2085 348 2137 δεῖ
362 2085 523 2153 δίκην
544 2088 817 2154 κρατῆρος
835 2085 1199 2154 κεκραμένην,
1221 2103 1291 2137 ου
1303 2080 1651 2181 μαινόμενος
1681 2102 1783 2150 μεν
1802 2077 1976 2174 οἶνοςζξ

259 2165 619 2234 ἐγκεχυμένος
657 2167 746 2235 ζεῖ,
784 2164 1150 2234 κολαζόμενος
1187 2167 1246 2219 δὲ
1287 2161 1398 2218 ὑπὸ
1437 2162 1717 2234 νήφοντος
1758 2139 1976 2251 §vs'povsz

257 2249 404 2298 θεοῦ
420 2243 600 2314 καλὴν
617 2250 917 2301 κοινωνίαν
936 2244 1126 2317 λαβών
1155 2243 1379 2316 άγαθὸν
1409 2249 1573 2315 πῶμα
1604 2244 1696 2299 καὶ
1723 2241 1976 2326 μέτριον,

255 2323 634 2394 ἀπεργάζεται.
675 2326 830 2381 τοῦτ’
871 2349 976 2382 ουν
1011 2327 1345 2397 γιγνόμενον
1381 2329 1442 2382 ἐν
1476 2331 1545 2396 τῇ
1581 2347 1696 2380 των
1729 2324 1972 2379 παιδων

260 2411 401 2477 μίξει
423 2409 620 2478 διοραν
653 2428 726 2471 ως
754 2410 881 2479 ε”πος
915 2413 1086 2463 εἰπεῖν
1117 2406 1354 2471 δυνατὸς
1391 2404 1597 2469 οὐδείς·
1631 2403 1846 2459 τούτων
1877 2403 1944 2473 δὴ

259 2487 421 2559 χάριν
440 2491 540 2562 ε’ᾆν
566 2487 667 2559 μὲν
695 2488 848 2562 νόμω
879 2488 947 2544 τά
967 2495 1193 2544 τοιαῦτα
1221 2487 1543 2558 ἀναγκαῖον,
1579 2485 1857 2559 ἐπᾴδοντα
1886 2485 1946 2541 δὲ

260 2575 479 2626 πείθειν
498 2576 800 2639 πειρᾶσθαι
817 2569 922 2642 τὴν
937 2576 1050 2626 τῶν
1071 2574 1286 2626 παίδων
1305 2568 1615 2641 ὁμαλότητα
1635 2566 1823 2623 αὐτῶν
1841 2565 1947 2622 αὑ-

189 2664 222 2704 Ε
261 2663 373 2717 τοῖς
391 2655 487 2723 τῆς
505 2659 618 2708 τῶν
638 2653 831 2723 γάμων
861 2652 1106 2724 ἰσότητος
1134 2651 1418 2723 ἀπλήστου
1447 2652 1742 2722 χρημάτων
1775 2648 1946 2720 οὔσης

217 2750 219 2754 ’
258 2737 383 2804 περὶ
403 2740 655 2800 πλείονος
675 2736 908 2792 ἕκαστον
922 2742 1216 2806 ποιεῖσθαι,
1239 2735 1330 2790 καὶ
1351 2732 1415 2789 δι’
1441 2731 1689 2798 ὀνείδους
1709 2731 1944 2802 ἀποτρέ-
