1976 3172
742 137 1053 186 ΝΟΜΩΝ
1086 130 1148 200 η’.
1619 172 1621 174 ψ
1677 101 1784 188 249

92 273 422 345 μαχόμενοι;
453 267 493 343 ἦ
510 271 718 327 πύκται
734 291 799 341 γε
816 267 973 334 ὄντες
999 269 1327 341 παμπόλλας
1357 293 1430 328 αν
1452 270 1659 343 ἡμέρας
1686 276 1786 343 ἔμ-

4 387 7 410 ;
93 363 348 426 προσθεν
375 359 478 409 τοῦ
516 351 735 422 α’γῶνος
766 349 1157 422 έμανθανομέν
1187 373 1245 407 τε
1272 374 1345 408 αν
1381 352 1657 451 μάχεσθαι
1692 354 1787 411 καὶ

3 463 6 476 ·
93 434 523 506 διεπονούμεθα,
562 432 895 506 μιμούμενοι
923 431 1107 488 πάντα
1140 437 1340 504 ἐκεῖνα,
1371 431 1598 499 ὁπόσοις
1624 437 1844 505 έμέλ-Β

91 524 264 588 λομεν
277 520 354 581 είς
370 516 495 572 τότε
512 516 819 587 χρήσεσθαι
835 515 961 585 περὶ
978 520 1075 584 τῆς
1089 519 1245 586 νίκης
1265 514 1672 586 διαμαχόμενοι·
1693 515 1786 570 καὶ

93 596 167 664 ὥς
185 597 459 668 ἐγγύτατα
475 602 582 654 τοῦ
599 594 797 667 ὁμοίου
826 595 1003 661 ἰόντες
1022 594 1147 653 ἀντὶ
1174 596 1424 667 ἱμάντων
1447 600 1687 668 σφαίρας
1712 591 1785 651 ἄν

90 681 521 752 περιεδούμεθα,
542 677 695 744 ὅπως
711 682 775 735 αἰ
789 684 999 750 πληγαί
1010 700 1069 735 τε
1088 681 1181 735 καὶ
1199 682 1263 734 αἰ
1283 684 1401 734 τῶν
1425 685 1656 750 πληγῶν
1688 677 1785 734 εὐ-

89 762 308 832 λάβειαι
325 766 715 834 διεμελετῶντο
735 765 811 826 είς
826 759 890 817 τὸ
917 759 1165 817 δυνατὸν
1182 764 1404 832 ἱκανῶς,
1422 768 1531 816 εἴτε
1549 782 1631 824 τις
1649 756 1784 830 ἡμῖν

90 850 537 915 συγγυμναστῶν
566 845 898 915 συνέβαινεν
936 839 1140 914 ἀπορία
1170 847 1395 910 πλείων,
1429 835 1519 912 ἆρ’
1561 837 1634 896 ἄν
1670 844 1784 896 δεί-

92 942 289 991 σαντες
305 923 408 982 τὸν
434 931 550 982 τῶν
567 923 825 995 ἀνοήτων
841 927 1055 994 γέλωτα
1084 921 1189 978 οὐκ
1212 922 1286 978 ἂν
1312 924 1632 993 ἐτολμῶμεν
1652 942 1787 993 κρε-

91 1009 404 1078 μαννύντες
430 1011 664 1063 εἴδωλον
682 1005 904 1076 ἄψυχον
922 1005 1304 1078 γυμνάζεσθαι
1322 1004 1463 1075 πρὸς
1485 1001 1655 1072 αὐτός
1691 1007 1785 1061 καὶ

90 1093 172 1144 ἔτι
207 1087 437 1144 πάντων
452 1093 583 1144 «τῶν
616 1109 675 1143 τε
710 1086 977 1158 ἐμψύχων
1018 1091 1111 1143 καὶ
1144 1092 1259 1143 τῶν
1295 1085 1529 1158 ἀψύχων
1565 1086 1782 1159 ἀπορή-
1815 1099 1845 1141 G

92 1171 289 1234 σαντές
306 1189 458 1239 ποτε,
482 1174 545 1226 ἐν
563 1172 760 1242 ἐρημία
791 1175 1236 1240 συγγυμναστῶν
1264 1162 1374 1238 ἀρά
1401 1190 1466 1240 γε
1498 1165 1604 1225 οὐκ
1629 1171 1785 1225 ἐτολ-

90 1250 348 1321 μήσαμεν
364 1246 438 1305 ἂν
455 1247 615 1305 αὐτοὶ
631 1248 774 1319 πρὸς
790 1248 937 1321 ἡμᾶς
957 1248 1163 1316 αὐτοὺς
1181 1261 1503 1321 σκιαμαχεῖν
1522 1248 1726 1317 ὅντως;
1746 1244 1784 1321 ἦ

87 1337 144 1386 τί
162 1350 297 1385 ποτε
312 1328 447 1386 αλλο
467 1329 573 1402 τὴν
598 1336 702 1385 τοῦ
718 1342 1066 1402 χειρονομεῖν
1084 1334 1316 1404 μελέτην
1335 1331 1408 1388 ἄν
1436 1354 1517 1397 τις
1535 1336 1670 1403 φαίη
1689 1353 1786 1402 γε-

72 1413 339 1480 »γονέναις

24 1481 28 1514 ³
229 1496 348 1548 KA.
386 1490 623 1562 Σχεδόν,
645 1514 688 1548 ω
667 1485 845 1564 ξένε,
866 1489 1034 1548 οὐδεν
1053 1490 1190 1549 άλλο
1208 1514 1273 1564 γε
1291 1491 1439 1565 πλὴν
1457 1500 1624 1550 τοῦτο
1645 1493 1782 1550 αὐτὸ

90 1595 121 1629 ο
144 1571 218 1629 συ
235 1579 347 1629 νῦν
364 1576 648 1645 ἔφθεγξαι.

230 1661 349 1711 ΑΘ.
390 1661 461 1711 Τί
475 1650 607 1723 οὖν;
624 1652 687 1712 τὸ
709 1663 806 1728 τῆς
823 1653 1083 1723 πόλεως’
1054 1668 1188 1728 ημῖν
1208 1655 1448 1729 μάχιμον
1465 1647 1501 1728 ἦ
1522 1657 1710 1733 χεῖρόν
1731 1678 1785 1713 τι

87 1738 661 1810 παρασκευασάμενον
678 1745 794 1795 τῶν
821 1737 1092 1795 τοιούτων
1121 1738 1447 1811 ἀγωνιστῶν
1466 1744 1543 1806 εἰς
1561 1739 1661 1796 τὸν
1683 1742 1785 1812 με’-

84 1834 279 1892 γιστον
295 1825 410 1883 τῶν
430 1818 669 1891 ἀγώνων
698 1820 956 1878 ἑκάστοτε
986 1820 1248 1894 τολμήσει
1276 1827 1556 1896 παριέναι,
1580 1827 1782 1894 διαμα-

87 1900 368 1972 χούμενον
384 1905 511 1974 περὶ
528 1909 708 1976 ψυχῆς
724 1906 834 1960 καὶ.
846 1908 1061 1961 παίδων
1090 1906 1183 1961 καὶ
1207 1905 1504 2006 χρημάτων
1529 1908 1622 1962 καὶ
1651 1903 1782 1976 ὅλης
1812 1918 1847 1960 D

86 1987 185 2050 τῆς
202 1981 441 2051 πόλεως;
480 1987 572 2041 καὶ
597 1993 772 2042 ταῦτα
801 1986 868 2058 δὴ
901 1990 1174 2059 φοβηθεὶς
1194 1986 1384 2043 αὐτῶν
1402 1986 1431 2043 ὁ
1453 1990 1781 2059 νομοθέτης,

86 2059 155 2116 τὰ
176 2060 317 2133 πρὸς
334 2062 608 2136 ἀλλήλους
624 2067 904 2139 γυμνάσια
923 2071 997 2139 μὴ
1020 2072 1287 2139 φαίνηταί
1313 2085 1421 2124 τισι
1447 2075 1653 2140 γελοῖα,
1677 2066 1781 2125 οὐκ

86 2162 197 2213 αρα
215 2147 583 2218 νομοθετήσει
601 2148 1005 2218 στρατεύεσθαι
1032 2149 1392 2221 προστάττων
1422 2149 1660 2222 μάλιστα
1678 2153 1782 2222 μὲν

11 2234 13 2242 “
86 2222 319 2297 ἑκάστης
335 2225 541 2300 ἡμέρας
557 2229 626 2286 τά
645 2252 709 2301 γε
728 2230 930 2305 σμικρα
959 2234 1122 2303 χωρὶς
1140 2238 1253 2288 τῶν
1272 2231 1480 2303 ὅπλων,
1501 2232 1705 2304 χορούς
1722 2255 1781 2289 τε

88 2310 166 2370 εἰς
183 2314 357 2362 ταῦτα
376 2330 492 2380 αμα
509 2313 602 2366 καὶ
619 2310 1004 2383 γυμναστικὴν
1028 2317 1215 2369 πᾶσαν
1240 2316 1570 2380 ξυντείνωνς
1595 2313 1692 2380 τὰς
1721 2315 1781 2371 δὲ

84 2382 207 2444 οἷόν
224 2410 378 2455 τινας
395 2396 612 2461 μείζους
631 2399 707 2462 [τε
730 2395 822 2449 καὶ
842 2393 1120 2465 ἐλάττους]
1133 2400 1444 2466 γυμνασίας
1455 2394 1529 2467 μὴ
1551 2399 1781 2453 ἔλαττον

85 2462 124 2536 ἦ
159 2467 295 2525 κατὰ
329 2475 482 2543 μῆνα
518 2473 755 2529 ἕκαστον
788 2484 1071 2532 ποιεῖσθαι
1108 2476 1419 2549 προστάξει,
1458 2476 1689 2549 ἁμίλλας
1719 2499 1779 2533 τε

4 2632 5 2635 ¹
88 2546 228 2615 πρὸς
254 2547 528 2623 ἀλλήλους
553 2559 923 2629 ποιουμένους
954 2557 1092 2615 κατὰ
1112 2565 1300 2615 πᾶσαν
1328 2557 1434 2631 τὴν
1451 2559 1656 2631 χῶραν,
1687 2560 1773 2615 ἐπὶ
1801 2570 1836 2611 Ε

3 2637 5 2714 j
88 2630 400 2703 κατάληψιν
417 2642 635 2707 χωρίων
653 2636 1068 2711 ἁμιλλωμένους
1086 2642 1178 2697 καὶ
1195 2643 1436 2711 ἐνέδρας,
1466 2642 1559 2696 καὶ
1588 2647 1775 2696 πᾶσαν

2 2715 4 2754 J
89 2714 467 2782 μιμουμένους
493 2716 598 2790 τὴν
626 2722 935 2793 πολεμικήν
962 2721 1138 2787 ὅντως
1166 2733 1568 2793 σφαιρομαχεῖν
1595 2743 1652 2778 τε
1685 2722 1779 2777 καὶ

0 2837 1 2841 =
88 2797 278 2864 βολαῖς
306 2791 380 2859 ὥς
408 2796 678 2867 ἐγγύτατα
706 2810 821 2859 τῶν
850 2801 1083 2874 ἀληθῶν
1117 2807 1437 2875 χρωμένους
1466 2800 1780 2859 ὑποκινδύ-

1871 922 1905 932 2
