1976 3172
255 138 358 190 238
870 142 1043 189 HAA
1063 142 1345 191 ΤΩΝΟΣ

254 273 491 338 δυνατὸς
511 274 608 346 ὤν,
630 272 863 345 σελήνης
882 275 942 330 δὲ
960 275 1051 330 καὶ
1068 272 1228 345 ἡλίου
1247 279 1335 331 καὶ
1356 282 1469 332 τῶν
1488 274 1674 333 ἄλλων
1704 279 1926 349 ἄστρων

186 370 217 409 D
250 362 557 427 περιφορᾶς
578 354 815 427 ἀπείρως
833 359 999 426 ἔχων·
1025 355 1179 412 ταῦτ’
1203 351 1309 412 οὖν
1329 358 1395 430 δὴ
1414 359 1593 414 πάντα
1613 357 1684 424 ὡς
1704 363 1804 432 μὲν
1824 361 1929 418 οὐκ

250 433 525 506 ἀναγκαῖά
543 438 656 492 ἐστι
675 437 974 508 μαθήματα
994 444 1072 511 τῷ
1095 440 1349 508 μέλλοντι
1379 440 1575 511 σχεδὸν
1600 438 1788 497 ὁτιοῦν
1819 449 1930 498 τῶν

251 522 563 574 καλλίστων
593 520 939 591 μαθημάτων
976 528 1240 593 εἴσεσθαι,
1279 521 1451 593 πολλὴ
1492 525 1583 580 καὶ
1619 530 1796 595 μωρία
1827 530 1931 581 τοῦ

251 600 639 672 διανοήματος·
678 610 809 656 ποῖα
830 603 890 658 δὲ
918 602 1118 658 ἕκαστα
1136 604 1352 659 τούτων
1379 606 1471 659 καὶ
1499 605 1646 661 πόσα
1674 608 1766 662 καὶ
1796 606 1930 662 πότε

249 683 550 753 μαθητέον,
573 685 666 739 καὶ
684 688 741 738 τί
755 681 889 754 μετὰ
910 689 1058 749 τίνος
1077 687 1168 740 καὶ
1196 690 1252 740 τί
1272 688 1435 788 75&th3
1465 693 1578 742 τῶν
1605 686 1807 759 ἄλλων,
1838 690 1929 744 καὶ

248 769 436 817 πᾶσαν
471 764 575 833 τὴν
605 764 822 819 τούτων
857 771 1078 836 κρασιν,
1116 766 1291 821 ταῦτά
1326 769 1475 823 ἐστιν
1511 791 1546 822 α
1575 772 1661 824 δεῖ
1684 769 1927 840 λαβόντα

247 842 436 914 ὀρθῶς
465 863 655 913 πρωτα
691 847 778 899 ἐπὶ
811 839 984 900 τᾶλλα
1020 847 1176 901 ἰόντα
1210 848 1426 903 τούτων
1460 847 1789 919 ἡγουμένων
1816 857 1928 905 τῶν

245 925 593 995 μαθημάτων
611 925 949 995 μανθάνειν·
988 925 1135 981 οὕτω
1166 948 1273 997 γαρ
1308 924 1522 999 ἀνάγκη
1553 929 1719 1000 φύσει
1749 936 1931 987 κατεί-

188 1024 219 1063 Ε
251 1012 446 1077 ληφεν,
470 998 509 1078 ᾗ
527 1005 709 1077 φαμὲν
730 1004 934 1062 οὐδένα
952 1012 1108 1062 θεῶν
1128 1004 1256 1062 οὔτε
1275 1005 1549 1078 μάχεσθαι
1575 1031 1641 1066 τα
1673 1017 1782 1067 νῦν
1801 1011 1929 1068 οὔτε

248 1093 547 1158 μαχεῖσθαί
566 1107 714 1143 ποτε.

322 1232 327 1235 ,
387 1175 506 1224 ΚΛ.
525 1167 713 1225 Ἐοικέ
727 1191 808 1240 γε,
833 1192 874 1225 ω
895 1173 1030 1269 ξένε,
1052 1177 1162 1226 νῦν
1181 1168 1328 1227 οὕτω
1347 1192 1462 1238 πως
1480 1175 1722 1246 ῥηθέντα
1742 1174 1929 1247 ὀρθῶς

246 1256 504 1322 εἰρῆσθαι
522 1253 614 1307 και
632 1250 772 1307 κατὰ
793 1251 967 1322 φύσιν
986 1274 1021 1306 α
1036 1257 1225 1351 λέγεις.

388 1340 509 1392 ΑΘ
534 1332 675 1404 Ἔχει
714 1335 815 1405 μὲν
851 1355 957 1404 γαρ
993 1333 1186 1404 ου’τως,
1228 1357 1270 1389 ω
1305 1341 1551 1407 Κλεινία,
1589 1338 1829 1407 χαλεπὸν
1866 1341 1934 1394 δὲ

245 1414 387 1471 αὐτοὶ
427 1416 846 1486 προταξάμενον
879 1415 1058 1470 τούτω
1090 1437 1164 1470 τω
1195 1417 1383 1490 τρόπω
1413 1427 1764 1488 νομοθετεῖν·
1803 1417 1925 1474 ἀλλ’

244 1504 320 1561 είς
350 1497 538 1567 ἄλλον,
571 1501 622 1552 εἰ
645 1500 810 1567 δοκεῖ,
847 1497 1052 1570 χρόνον
1089 1496 1478 1569 ἀκριβέστερον
1509 1496 1581 1554 ἀν
1616 1509 1927 1572 νομοθετη-

242 1585 498 1651 σαίμεθα.
967 1607 969 1609 ·

383 1667 501 1717 ΚΛ.
540 1669 740 1726 Δοκεῖς
767 1659 916 1732 ἡμῖν,
950 1656 995 1717 ὦ
1024 1664 1158 1732 ξένε,
1187 1667 1486 1733 φοβεῖσθαι
1514 1659 1575 1717 τὸ
1614 1668 1708 1734 τῆς
1735 1660 1929 1734 ἡμετέ-

245 1765 346 1814 ρας
385 1745 509 1814 περὶ
543 1749 658 1799 τῶν
694 1744 966 1799 τοιούτων
1003 1741 1252 1815 ἀπειρίας
1293 1748 1439 1808 ἔθος.
1487 1741 1698 1799 οὔκουν
1737 1742 1953 1812 ὀρθῶς

244 1830 432 1895 φοβεῖ·
481 1831 653 1894 πειρῶ
689 1823 756 1896 δὴ
801 1826 981 1896 λέγειν
1017 1827 1190 1897 μηδὲν
1226 1823 1718 1897 ἀποκρυπτόμενος
1757 1827 1924 1882 ἕνεκα

242 1907 472 1963 τούτων.

124 2000 210 2045 819
227 1990 230 1991 ’
384 1995 503 2053 ΑΘ.
545 1994 837 2060 Φοβοῦμαι
855 1991 956 2060 μὲν
976 1992 1067 2045 καὶ
1087 1994 1277 2060 ταῦτα,
1301 1987 1337 2043 ὁὶ
1361 1986 1433 2043 σύ
1452 1995 1559 2044 νῦν
1577 1990 1765 2060 λέγεις,
1788 1996 1927 2061 μᾶλ-

242 2079 343 2127 λον
364 2069 414 2126 δ’
440 2076 519 2127 ἔτι
540 2074 762 2128 δέδοικα
781 2069 912 2135 τούς
935 2069 1212 2143 ἡμμένους
1231 2069 1331 2142 μὲν
1361 2069 1547 2126 αὐτῶν
1573 2070 1788 2128 τούτων
1812 2078 1924 2128 τῶν

241 2154 608 2224 μαθημάτων,
648 2161 831 2220 κακῶς
872 2151 922 2210 δ’
966 2151 1258 2226 ἡμμένους.
1312 2151 1566 2225 οὐδαμοῦ
1597 2154 1702 2224 γὰρ
1741 2153 1927 2210 δεινὸν

243 2223 374 2290 οὐδὲ
399 2236 652 2306 σφοδρὸν
672 2234 892 2308 ἀπειρία
910 2243 1023 2292 τῶν
1048 2236 1275 2292 πάντων
1295 2234 1426 2292 οὐδὲ
1455 2240 1713 2308 μέγιστον
1730 2235 1924 2306 κακόν,

241 2314 362 2372 ἀλλ’
386 2313 420 2387 ἡ
441 2325 771 2389 πολυπειρία
788 2320 879 2374 καὶ
898 2326 1222 2388 πολυμαθία
1241 2318 1376 2388 μετὰ
1402 2325 1574 2388 κακῆς
1593 2316 1811 2387 ἀγωγῆς
1838 2322 1926 2385 γί-

241 2419 428 2469 γνεται
445 2395 588 2454 πολὺ
609 2399 824 2454 τούτων
844 2404 1042 2469 μείζων
1065 2403 1237 2468 ζημία.

305 2492 310 2496 ’
382 2486 502 2537 ΚΛ.
535 2479 744 2551 Ἀληθῆ
763 2483 951 2549 λέγεις.

382 2565 511 2618 XXI.
548 2567 666 2616 ΑΘ.
706 2560 917 2616 Τοσάδε
948 2564 1143 2615 τοίνυν
1171 2559 1418 2616 ἑκάστων
1447 2559 1548 2631 χρὴ
1574 2559 1750 2632 φάναι
1782 2581 1924 2630 μαν-

241 2643 444 2701 θάνειν
464 2647 581 2699 δεῖν
598 2645 730 2708 τους
747 2643 1096 2713 ἐλευθέρους,
1118 2638 1222 2696 ὅσα
1243 2643 1332 2696 καὶ
1352 2641 1646 2712 πάμπολυς
1664 2644 1724 2696 ἐν
1743 2640 1923 2710 Αίγύ-

178 2736 210 2776 Β
242 2747 358 2799 πτω
379 2728 592 2780 παίδων
612 2725 770 2795 ὄχλος
789 2723 900 2796 ἅμα
926 2723 1206 2797 γράμμασι
1238 2723 1532 2793 μανθάνει.
1568 2729 1792 2795 πρῶτον
1819 2722 1921 2792 μὲν

241 2807 348 2881 γὰρ
369 2809 492 2879 περὶ
509 2806 807 2879 λογισμοὺς
818 2805 1054 2878 ἀτεχνῶς
1065 2807 1251 2862 παισὶν
1271 2808 1600 2878 ἐξευρημένα
1620 2803 1921 2877 μαθήματα
1943 2826 1947 2835 ,
