1976 3172
711 115 1167 178 EHJNOMIZ.
1353 109 1360 115 ·
1676 111 1789 180 ‚437

95 253 188 308 καὶ
205 249 345 321 καλὴ
367 249 599 304 κάλλιον
614 249 708 302 καὶ
726 245 1074 315 δικαιότερον
1091 245 1266 312 ὅντως
1292 253 1388 317 τῆς
1417 248 1478 303 ἐκ
1505 252 1619 302 τῶν
1646 252 1789 319 βαρ-
1816 257 1906 303 988

98 332 292 428 βάρων
318 328 596 398 ἐλθούσης
626 327 814 398 φήμης
846 347 907 382 τε
942 324 1057 397 ἅμα
1095 330 1190 383 καὶ
1225 333 1526 398 θεραπείας
1561 327 1790 384 πάντων

0 485 1 489 ¹
96 412 315 467 τούτων
325 416 441 466 τῶν
449 414 607 465 θεῶν
610 407 1055 493 ἐπιμελήσεσθαι
1074 406 1204 473 τούς
1220 405 1506 480 Ἕλληνας,
1520 413 1791 474 παιδείαις

97 514 156 548 τε
174 493 267 548 καὶ
283 493 345 547 ἐκ
362 495 610 559 Δελφων
632 493 912 559 μαντείαις
926 491 1244 561 χρωμένους
1262 491 1354 546 καὶ
1384 491 1536 563 πάσῃ
1559 495 1629 562 τῇ
1650 489 1787 545 κατὰ

25 643 31 647 .
94 572 304 644 νόμους
321 576 609 644 θεραπείᾳ.
642 570 780 627 τόδε
792 569 852 626 δὲ
869 573 1058 642 μηδείς
1075 590 1208 628 ποτε
1227 576 1459 642 φοβηθῇ
1478 578 1600 627 τῶν
1599 570 1790 642 Ἑλλή-

98 675 236 723 νων,
255 675 332 718 ως
347 651 419 709 οὐ
442 650 544 723 χρὴ
563 654 689 720 περὶ
705 650 774 707 τὰ
803 652 935 707 θεῖά
963 671 1098 707 ποτε
1123 651 1617 722 πραγματεύεσθαι
1639 660 1790 722 θνη-

95 733 231 798 τοὺς
256 733 440 803 ὄντας,
466 740 583 789 πᾶν
609 733 671 788 δὲ
698 730 903 787 τούτου
929 735 1305 802 διανοηθῆναι
1332 731 1682 804 τούναντίον,
1715 730 1792 798 ὣς

97 812 228 871 οὔτε
247 813 436 885 ἄφρον
461 815 579 869 ἐστί
596 832 729 868 ποτε
751 813 813 868 τὰ
841 821 1004 868 θεῖον
1034 810 1163 868 οὔτε
1196 810 1391 883 άγνοεῐ
1417 833 1529 870 που
1555 815 1660 884 τὴν
1688 810 1792 870 ἆν-

97 902 398 966 θρωπίνην
416 894 609 965 φύσιν,
628 892 751 951 ἀλλ’
774 893 943 964 οἶδεν,
966 892 1052 949 ὅτι
1071 894 1432 960 διδάσκοντος
1459 893 1639 951 αὐτοῦ
1656 898 1791 962 ξυν-

94 976 475 1047 ακολουθήσει
501 979 592 1032 καὶ
621 976 935 1046 μαθήσεται
966 975 1032 1031 τὰ
1061 976 1462 1047 διδασκόμενα·
1502 976 1588 1034 ὄτι
1618 980 1679 1033 δὲ
1706 981 1794 1033 δι-

98 1059 292 1115 δάσκει
307 1063 474 1113 τοῦτο
494 1055 629 1112 αὐτὸ
649 1054 811 1128 ἡμᾶς,
829 1056 1198 1129 μανθάνομεν
1219 1057 1279 1114 δὲ
1300 1058 1452 1130 ἡμεῖς
1470 1057 1718 1131 ἀριθμόν
1735 1079 1794 1114 τε

71 1161 74 1164 ·
100 1143 193 1196 καὶ
211 1138 491 1210 ἀριθμεῖν,
512 1137 627 1195 οἶδε
644 1138 714 1210 δή
734 1158 872 1193 που·
911 1138 1141 1197 πάντων
1156 1161 1263 1211 γαρ
1283 1137 1720 1240 άφρονέστατον
1721 1162 1795 1195 αν

97 1229 181 1292 εἰη
202 1228 368 1277 τοῦτο
388 1220 659 1290 ἀγνοοῦν·
678 1219 742 1276 τὸ
760 1219 1065 1291 λεγόμενον
1082 1219 1192 1293 γὰρ
1213 1244 1286 1279 αν
1304 1220 1480 1288 ὅντως
1498 1220 1633 1279 αὐτὸ
1654 1219 1793 1277 αὑτὸ

96 1324 207 1373 wyt-
208 1314 312 1374 οοτ,
325 1309 660 1373 χαλεπαῖνον
677 1323 754 1375 τω
771 1304 1063 1375 δυναμένῳ
1083 1305 1414 1376 μανθάνειν,
1428 1302 1553 1359 ἀλλ’
1574 1301 1644 1360 οὐ
1663 1321 1793 1373 συγ-

95 1395 291 1453 χατρον
313 1404 455 1438 ανευ
473 1383 704 1452 φθόνου
722 1382 813 1438 δια
832 1383 977 1438 θεὸν
994 1382 1196 1455 ἀγαθῷ
1213 1387 1512 1459 γενομένῳ.
1533 1385 1705 1455 λόγον
1724 1383 1792 1454 δὴ
1882 1414 1898 1427 κ

96 1466 190 1520 καὶ
208 1461 493 1520 πολύνκαὶ
509 1463 686 1518 καλὸν
703 1466 828 1533 ἔχει,
847 1463 972 1519 τότε
990 1466 1111 1534 μέν,
1132 1463 1226 1521 ὅτε
1256 1468 1383 1537 περὶ
1410 1472 1567 1522 θεῶν
1590 1459 1664 1537 ἦν
1691 1464 1796 1521 άν-

98 1545 352 1615 θρώποις
371 1543 714 1615 διανοήματα
732 1551 943 1614 πρῶτα,
973 1543 1048 1609 ὥς
1073 1542 1126 1600 τ’
1156 1546 1415 1616 ἐγένοντο
1447 1543 1559 1602 οἶοί
1591 1545 1643 1601 τ’
1679 1549 1793 1616 ἐγί-
1816 1566 1847 1608 c

97 1647 302 1695 yvovw
319 1627 414 1682 καὶ
440 1626 582 1682 ὅθεν
597 1626 689 1682 καὶ
708 1627 826 1690 οἵας
842 1630 1265 1696 μετεχειρίζοντο
1293 1627 1535 1698 πράξεις,
1563 1626 1638 1698 μὴ
1658 1627 1797 1682 κατὰ

99 1713 245 1764 νοῦν
262 1719 378 1774 τοῖς
394 1707 649 1779 σώφροσι
667 1709 930 1777 λέγεσθαι
948 1707 1087 1778 μηδὲ
1107 1712 1299 1778 φίλως,
1318 1706 1450 1779 μηδ’
1478 1705 1554 1773 ὡς
1582 1711 1639 1764 οἰ
1662 1709 1796 1764 δεύ-

98 1811 266 1860 τεροι,
285 1793 348 1847 έν
366 1786 448 1856 οἷς
466 1790 822 1863 πρεσβύτατα
840 1788 944 1861 μὲν
960 1788 1028 1845 τὰ
1050 1789 1228 1862 πυρὸς
1250 1792 1462 1859 ἐλέγετο
1482 1790 1574 1845 καὶ
1593 1787 1797 1855 ὕδατος

101 1873 193 1928 καὶ
216 1877 338 1928 τῶν
365 1870 554 1927 ἄλλων
583 1871 874 1942 σωμάτων,
911 1869 1118 1940 ὕστερα
1149 1870 1209 1926 δὲ
1237 1868 1304 1926 τὰ
1338 1876 1436 1940 τῆς
1462 1866 1794 1946 θαυμαστῆς

100 1957 298 2024 W&
316 1954 411 2010 καὶ
430 1951 582 2024 φορὰ
604 1959 869 2023 κρείττων
887 1954 979 2008 καὶ
996 1954 1307 2023 τιμιωτέρα,
1326 1950 1399 2023 ἢν
1426 1949 1490 2007 τὸ
1524 1957 1683 2023 σῶμα
1714 1959 1797 2008 εἴ-
1899 2019 1909 2024 ἰ

104 2040 229 2105 ληχε
247 2034 441 2105 φέρειν
463 2031 602 2091 αύτό
621 2055 680 2090 τε
699 2032 861 2090 ἑαυτὸ
881 2031 1191 2105 θερμότησι
1206 2033 1299 2089 καὶ
1324 2033 1523 2100 ψύξεσι
1545 2033 1638 2088 καὶ
1657 2038 1809 2088 πᾶσι

100 2126 215 2181 τοῖς
235 2115 523 2187 τοιούτοις,
551 2112 675 2172 ἄλλ’
696 2113 765 2171 οὐ
784 2112 930 2186 ψυχὴ
953 2114 1115 2186 σῶμά
1133 2135 1191 2170 τε
1210 2116 1302 2170 καὶ
1331 2113 1536 2185 ἑαυτήν
1551 2135 1562 2146 ·
1598 2118 1709 2170 νῦν
1737 2109 1791 2168 δ’

100 2195 193 2254 ὅτε
208 2200 444 2269 λέγομεν
461 2197 644 2269 ψυχὴν
671 2199 791 2268 μέν,
811 2196 988 2266 ἄνπερ
1017 2200 1079 2253 ἐν
1099 2196 1312 2269 σώματι
1337 2197 1579 2268 γένηται,
1598 2200 1795 2267 θαῦμα

101 2277 270 2336 οὐδὲν
287 2290 476 2343 ,κινεῖν
510 2302 568 2336 τε
605 2282 698 2336 καὶ
719 2282 1041 2351 περιφέρειν
1075 2285 1243 2336 τοῦτο
1279 2280 1371 2335 καὶ
1398 2278 1621 2350 ἑαυτήν,
1660 2275 1789 2334 οὐδ’
1826 2297 1859 2338 1)

99 2361 236 2433 ἡμῖν
251 2360 470 2417 ἀπιστεῖ
483 2360 629 2433 ψυχὴ
650 2361 790 2419 κατὰ
809 2361 983 2433 λόγον
1001 2358 1206 2419 οὐδένα
1220 2357 1294 2427 ὥς
1310 2361 1484 2433 βάρος
1505 2358 1675 2416 οὐδὲν
1693 2379 1794 2414 πε-

103 2446 353 2513 ριφέρειν
380 2445 679 2514 δυναμένη.
713 2441 800 2499 διὸ
820 2445 914 2499 καὶ
927 2449 1039 2499 νῦν
1065 2440 1228 2513 ἡμῶν
1256 2439 1583 2510 ἀξιούντων,
1616 2446 1795 2510 ψυχῆς

103 2521 276 2592 οὔσης
292 2527 466 2588 αἰτίας
482 2529 587 2580 τοῦ
604 2520 761 2593 ὅλου,
782 2525 875 2579 καὶ
902 2522 1133 2578 πάντων
1159 2522 1263 2593 μὲν
1283 2527 1397 2576 τῶν
1426 2518 1665 2590 ἀγαθῶν
1692 2518 1788 2576 ὅν-

101 2624 215 2665 των
233 2602 520 2675 τοιούτων,
545 2613 656 2662 τῶν
678 2604 739 2661 δὲ
767 2598 841 2660 αὖ
867 2603 1139 2676 φλαύρων
1169 2603 1440 2659 τοιούτων
1465 2602 1670 2672 ἄλλων,
1697 2608 1794 2673 τῆς

103 2687 206 2758 μὲν
224 2691 404 2756 φορᾶς
422 2685 600 2758 πάσης
616 2690 708 2744 καὶ
725 2687 995 2758 κινήσεως
1020 2684 1202 2757 ψυχὴν
1219 2689 1400 2742 αἰτίαν
1420 2682 1557 2741 εἶναι
1579 2691 1794 2756 [θαῦμα

104 2767 309 2838 οὐδέν1,
334 2770 436 2840 τὴν
457 2766 506 2824 δ’
532 2771 618 2827 ἐπὶ
633 2768 887 2841 τάγαθὸν
905 2767 1093 2839 φορὰν
1108 2768 1200 2823 καὶ
1219 2771 1439 2839 κίνησιν
1458 2772 1555 2836 τῆς
1572 2764 1795 2838 ἀρίστης
1818 2785 1850 2826 Ε
