1976 3172
267 137 336 189 46
862 137 1356 200 ,ΠΛΑΤΩΝΟΣ

209 279 239 321 C
271 273 363 326 καὶ
381 271 519 327 κατὰ
541 270 735 342 ταύτά,
758 268 830 336 ὥς
848 269 919 326 σύ
937 269 1063 326 κατ’·
1081 279 1372 341 Αἴγυπτον
1390 269 1814 346 ἀφερμηνεύεις,
1833 276 1947 334 ἀλλ’

269 351 538 409 οὐδέποτε
564 359 678 408 τῶν
697 351 902 408 αὐτῶν.

406 442 526 492 ΑΘ.
547 434 775 506 ’Ἀριστοὶ
793 434 869 507 γ’,
893 430 938 492 ὦ
957 442 1198 493 Κλεινία.
1239 442 1290 493 εἰ
1305 436 1360 493 δ’
1387 437 1548 504 ἔδοξά
1579 453 1667 494 σοι
1693 436 1728 493 ἃ
1759 438 1831 494 σύ
1860 443 1950 495 λέ-

264 538 378 588 γεις
396 520 577 588 λέγειν
598 514 671 581 ὥς
689 523 798 571 νῦν
820 518 1140 589 γιγνόμενα,
1173 517 1278 575 οὐκ
1307 516 1381 575 ἄν
1407 520 1766 592 θαυμάζοιμι,
1798 525 1849 577 εἰ
1874 520 1948 592 μὴ

265 605 459 669 σαφῶς
493 600 673 669 λέγων
708 596 744 654 α’
773 601 1103 670 διανοοῦμαι
1130 607 1295 658 τοῦτο
1326 604 1556 673 ἐποίησα
1584 604 1676 658 καὶ
1706 607 1948 658 ἔπαθον·

264 679 389 736 ἀλλ’
411 677 448 735 ὁὶ
476 679 751 752 βούλομαι
778 683 1071 751 γίγνεσθαι
1099 684 1224 750 περὶ
1251 683 1546 754 μουσικήν,
1574 681 1786 739 τοιαῦτ’
1815 683 1949 739 ἅττα

265 761 424 818 εἶπον
452 770 600 832 ἴσως,
639 761 780 817 ὥστε
809 764 896 819 σοὶ
926 763 1083 829 δόξαι
1111 771 1284 820 ταῦτα
1319 765 1414 836 ἐμὲ
1440 769 1636 835 λέγειν.
1675 770 1950 837 λοιδορεῖν

263 842 372 915 γὰρ
392 843 689 914 πράγματα
711 841 907 899 ἀνίατα
925 847 1018 900 καὶ
1048 846 1239 915 πόρρω
1269 846 1653 918 προβεβηκότα
1683 843 1950 917 ἁμαρτίας

264 923 524 996 οὐδαμῶς
540 923 667 997 ἡδύ,
688 922 996 998 ἀναγκαῖον
1015 925 1071 981 δ’
1091 925 1260 982 ἐνίοτ’
1281 930 1457 1002 ἐστίνὸ
1478 926 1664 999 ἐπειδὴ
1686 927 1745 983 δὲ
1772 933 1946 982 ταῦτα

198 1010 232 1049 D
265 1010 526 1074 ξυνδοκεῖ
540 1011 631 1063 καὶ
656 1013 761 1078 σοί,
791 1009 943 1078 φέρε,
966 1006 1076 1079 φῂς
1103 1006 1235 1078 παρ’
1261 1006 1394 1079 ὑμῖν
1414 1011 1506 1066 καὶ
1525 1013 1709 1065 τοῖσδε
1736 1015 1948 1081 μᾶλλον

147 2580 231 2625 661

256 1087 300 1161 ἢ
320 1088 470 1158 παρα
492 1102 606 1153 τοῖς
633 1086 1055 1159 ἄλλοιςἝλλησι
1073 1094 1367 1158 γίγνεσθαι
1382 1091 1450 1144 τοὶ
1469 1096 1697 1145 τοιαῦτα
1711 1115 1726 1156 3
1742 1134 1762 1145 κ

404 1177 524 1226 ΚΛ.
565 1174 639 1225 Τί
651 1170 790 1242 μήν;

405 1260 522 1310 ΛΘ.
569 1257 639 1308 Τί
661 1249 734 1323 δ’,
767 1257 816 1307 εἰ
843 1253 937 1307 καὶ
965 1249 1117 1320 παρὰ
1138 1263 1252 1316 τοῖς
1278 1250 1465 1317 ἄλλοις
1493 1251 1740 1324 γίγνοιθ’
1781 1253 1946 1325 οὕτω,

262 1335 500 1405 πότερον
519 1332 660 1390 αὐτοὶ
680 1332 986 1397 καλλιόνως
1009 1331 1187 1398 οὕτως
1207 1332 1347 1389 εἶναι
1377 1346 1580 1405 φαῖμεν
1609 1333 1682 1390 ἂν
1709 1331 1746 1406 ἦ
1765 1336 1949 1390 καθά-

263 1438 366 1489 περ
385 1423 496 1473 νῦν
518 1421 763 1487 γίγνεται
782 1414 1114 1486 γιγνόμενα;

402 1505 520 1555 ΚΛ.
560 1498 718 1555 Πολύ
754 1518 868 1554 που
904 1495 966 1553 τό
1005 1501 1291 1570 διαφέρον,
1333 1503 1383 1554 εἰ
1416 1498 1674 1570 καθάπερ
1710 1497 1859 1567 παροὶ
1890 1518 1948 1552 τε

261 1585 444 1637 τοῖσδε
473 1583 566 1637 καὶ
593 1577 725 1651 παρ’
761 1577 911 1651 ἡμῖν,
945 1582 1037 1635 καὶ
1068 1584 1146 1635 ἔτι
1174 1579 1433 1650 καθάπερ
1462 1577 1607 1643 εἶπες
1634 1577 1706 1633 σύ
1735 1584 1844 1634 νῦν
1880 1576 1948 1650 δὴ

263 1670 379 1720 δεῖν
400 1663 556 1734 εἶναι,
580 1668 840 1733 γίγνοιτο.
1842 1734 1848 1736 s

366 1775 372 1780 ·
403 1749 486 1800 vl.
523 1751 640 1801 ΑΘ.
679 1748 821 1816 Φέρε
842 1743 929 1815 δή,
950 1745 1531 1815 ξυνομολογησώμεθα
1557 1742 1624 1798 τοὶ
1647 1750 1771 1799 νῦν.
1810 1742 1946 1799 ἄλλο

261 1850 313 1894 τι
343 1825 478 1899 παρ’
511 1825 644 1898 ὑμῖν
663 1829 723 1882 έν
752 1825 901 1897 ποῖσῇ
931 1829 1151 1900 παιδεία
1179 1827 1271 1881 καὶ
1301 1831 1542 1897 μουσικῇ
1570 1823 1637 1880 τὰ
1673 1824 1946 1895 λεγόμενά

261 1914 376 1967 ἐστι
395 1908 552 1977 τάδε;
573 1907 705 1973 τούς
730 1906 956 1978 ποιητὰς
973 1905 1304 1978 ἀναγκάζετε
1322 1910 1520 1978 λέγειν,
1542 1903 1615 1970 ὥς
1635 1903 1663 1962 6
1682 1907 1785 1977 μὲν
1804 1905 1946 1977 ἀγα-

260 1990 368 2057 θὸς
387 1989 532 2062 ἀνὴρ
553 1991 800 2060 σώφρων
813 1987 903 2045 ’ὢν
921 1991 1013 2045 καὶ
1042 1993 1250 2054 δίκαιος
1268 1988 1551 2060 εὐδαίμων
1577 1990 1690 2045 ἐστὶ
1718 1990 1809 2043 καὶ
1837 2010 1945 2058 μα-

260 2075 470 2145 κάριος,
495 2073 596 2129 εὀἱν
615 2094 674 2128 τε
691 2076 859 2143 μέγας
877 2073 969 2126 καὶ
987 2070 1321 2142 ἰσχυρόςέοὶν
1341 2093 1396 2126 τε
1411 2069 1640 2141 σμικρὸς
1659 2071 1750 2125 καὶ
1771 2067 1946 2124 οἷσθε-

259 2154 360 2225 νὴς
390 2149 441 2226 ᾖ,
477 2158 567 2211 καὶ
604 2155 703 2211 ἐὰν
740 2159 953 2225 πλουτῇ
976 2156 1066 2209 καὶ
1098 2152 1200 2225 μή·
1239 2152 1338 2208 ἐὰν
1367 2152 1425 2208 δὲ
1450 2150 1560 2224 ἄρα
1599 2157 1810 2223 πλουτῇ
1837 2150 1947 2221 ,μὲν

260 2240 483 2310 Κινύρα
501 2260 559 2294 τε
582 2241 673 2294 καὶ
695 2242 852 2292 Μίδα
867 2231 1159 2341 μᾶλλον,ᾗ
1191 2238 1250 2291 δὲ
1278 2235 1486 2305 ἄδικος,
1522 2233 1719 2298 ἄθλιός
1751 2231 1801 2288 τ’
1833 2234 1947 2288 ἐστὶ

262 2323 354 2378 καὶ
385 2319 628 2391 ἀνιαρως
661 2324 752 2390 ζῇ·
793 2322 884 2374 καὶ
914 2317 1033 2372 οὔτ’
1075 2314 1148 2372 οἶν
1173 2324 1506 2387 μνησαίμην,
1550 2317 1723 2384 φησὶν
1751 2312 1884 2383 ὑμῖν
1913 2311 1942 2368 ὁ

262 2404 507 2476 ποιητής,
521 2411 672 2472 εἴπερ
693 2401 883 2471 ὀρθῶς
901 2402 1062 2470 λέγει,
1083 2397 1203 2454 οὔτ’
1230 2402 1290 2453 ἐν
1308 2398 1454 2470 λόγῳ
1476 2396 1655 2466 α’νδρα
1667 2399 1943 2489 τιθείμην,

263 2484 324 2553 ὃς
344 2508 417 2558 μη
443 2485 625 2541 πάντα
651 2507 717 2540 τα
749 2483 1021 2554 λεγόμενα
1045 2480 1186 2536 καλὰ
1217 2478 1350 2551 μετὰ
1380 2477 1739 2547 δικαιοσύνης
1767 2495 1943 2545 πρατ-

261 2591 347 2626 τοι
367 2570 458 2624 καὶ
478 2574 670 2641 κτῷτο,
691 2568 782 2622 καὶ
802 2563 867 2637 δὴ
890 2566 982 2620 καὶ
1002 2568 1173 2635 δηΐων
1191 2568 1441 2627 τοιοῦτος
1473 2557 1553 2616 ὧν
1583 2559 1829 2631 ὀρέγοιτο
1853 2562 1942 2628 ἐγ-

263 2651 444 2722 γύθεν
465 2652 770 2720 ισταμενος,
797 2645 989 2710 ἄδικος
1009 2647 1068 2701 δὲ
1098 2641 1178 2700 ὠν
1206 2643 1343 2716 μήτε
1370 2649 1555 2716 τολμῷ
1585 2639 1734 2710 ὁρῶν
1761 2638 1942 2711 φόνον

265 2732 596 2833 αιματόεντα
615 2731 748 2802 μήτε
767 2735 907 2802 νικῷ
925 2730 1078 2784 θέων
1102 2732 1368 2826 Θρηΐκιον
1386 2728 1618 2796 Βορέην,
1652 2720 1786 2795 μήτε
1807 2722 1941 2777 ἄλλο
1973 2732 1976 2741 ²

266 2814 416 2890 αὐτῷ
453 2819 624 2887 μηδεν
650 2821 765 2870 τῶν
793 2817 1107 2883 λεγομένων
1138 2807 1372 2880 αγαθων
1408 2805 1654 2878 γίγνοιτό
1677 2824 1835 2862 ποτε·
1874 2825 1941 2857 τα
