1976 3172
259 151 365 204 316
866 153 1040 200 HAA
1061 153 1342 200 ΤΩΝΟΣ

259 283 326 339 τά
357 286 416 339 δὲ
445 290 559 339 τών
587 287 734 341 νέων
767 282 899 354 ἡμῖν
925 286 1018 339 καὶ
1048 290 1243 352 σοφῶν
1275 285 1576 355 αἰτιαθήτω
1613 275 1724 357 ὅπῂ
1747 293 1938 341 κακῶν

260 372 420 419 αἴτια.
469 365 596 420 τόδε
635 359 741 420 οὖν
777 369 834 420 οἱ
876 371 991 420 τῶν
1034 366 1308 420 τοιούτων
1344 366 1720 435 ἐξεργάζονται
1754 367 1935 438 λόγοι·

258 446 394 515 ἐμοῦ
429 444 538 517 γάρ
566 447 658 501 καὶ
686 451 808 514 σοῦ,
839 444 977 500 ὅταν
1005 444 1268 515 τεκμήρια
1298 447 1543 516 λέγωμεν
1564 444 1638 511 ὦς
1667 447 1769 502 εἰσὶ
1794 451 1937 515 θεοί,

258 531 432 581 ταῦτα
453 524 592 582 αὐτοὶ
613 529 1005 598 προφέροντες,
1025 524 1188 596 ἥλιόν
1200 546 1258 580 τε
1277 528 1368 582 καὶ
1386 526 1624 598 σελήνην
1642 531 1734 583 καὶ
1764 526 1937 598 ἄστρα

257 609 350 662 καὶ
367 615 475 677 γῆν
496 606 568 672 ώς
586 607 759 673 θεοὺς
777 610 867 664 καὶ
885 615 1013 663 θεῖα
1031 606 1183 678 ὄντα,
1215 605 1325 663 ὑπὸ
1355 615 1471 664 τών
1497 614 1693 678 σοφών
1721 609 1938 664 τούτων

258 682 722 760 ἀναπεπεισμένοι
755 685 827 744 ἀν
865 691 1078 759 λέγοιεν
1116 685 1189 753 ὥς
1217 695 1325 760 γῆν
1347 710 1406 744 τε
1444 691 1535 745 καὶ
1571 694 1769 754 λίθους
1804 690 1938 745 ὄντα

197 792 232 833 Ε
261 766 403 823 αὐτοὶ
422 772 513 824 καὶ
542 769 708 825 ουδὲν
729 775 844 826 τῶν
871 767 1241 840 ἀνθρωπείων
1272 770 1610 840 πραγμάτων
1630 775 1939 841 φροντίζειν

259 847 562 918 δυνάμενα,
584 850 798 919 λόγοισι
817 848 876 903 δε
896 855 1068 903 ταῦτα
1089 842 1154 903 εὖ
1182 869 1296 914 πως
1317 855 1393 914 εἰς
1419 849 1481 906 τὸ
1505 850 1752 907 πιθανὸν
1781 872 1935 922 περι-

257 933 591 1000 πεπεμμένα.

398 1012 517 1066 KA.
554 1010 814 1067 Χαλεπόν
838 1032 901 1080 γε
930 1011 1119 1080 λόγον,
1144 1014 1186 1065 ώ
1219 1014 1355 1081 ξένε,
1388 1012 1643 1083 εἰρηκως
1634 1015 1937 1084 τυγχάνεις,

258 1100 388 1163 εἴγε
410 1088 486 1157 εἷς
514 1087 587 1163 ἦν
615 1092 821 1163 μόνον·
858 1098 967 1148 νῦν
999 1095 1058 1148 δὲ
1088 1091 1180 1147 ὅτε
1207 1092 1523 1163 πάμπολλοι
1550 1094 1939 1165 τυγχάνουσιν,

257 1181 335 1233 ἔτι
352 1176 737 1249 χαλεπώτερον
755 1174 828 1233 ἀν
847 1185 944 1248 εἴη.

397 1266 515 1315 ΑΘ.
554 1265 623 1315 Τί
641 1254 746 1315 οὖν
767 1259 836 1330 δή
847 1282 863 1326 ;
899 1263 955 1313 τί
969 1261 1228 1329 λέγομεν;
1258 1266 1314 1313 τί
1336 1256 1437 1329 χρὴ
1467 1263 1608 1333 δρᾷν
1630 1259 1798 1330 ἡμᾶς;
1834 1259 1941 1314 πό-

256 1363 419 1411 τερον
440 1338 921 1412 ἀπολογησώμεθα
933 1335 1052 1395 οἷον
1066 1341 1551 1412 κατηγορήσαντός
1568 1363 1717 1406 τινος
1737 1343 1797 1397 έν
1811 1339 1940 1397 ἀσε-

254 1427 412 1493 βέσιν
440 1422 764 1491 ἀνθρώποις
792 1419 969 1492 ἡμῶν,
1006 1421 1279 1490 φεύγουσι
1309 1424 1435 1492 περὶ
1462 1427 1559 1492 τῆς
1585 1427 1938 1493 νομοθεσίας,

139 1523 226 1570 887
260 1507 518 1573 λέγουσιν
538 1501 610 1566 ὦς
631 1499 785 1556 δεινοὶ
814 1501 1156 1571 ἐργαζόμεθα
1186 1507 1626 1572 νομοθετοῦντες
1655 1500 1729 1566 ὡς
1757 1502 1939 1557 ὄντων

255 1590 434 1648 θεών;
463 1578 501 1653 ἦ
534 1589 745 1653 χαίρειν
779 1581 1040 1645 ἐάσαντες
1076 1582 1164 1636 ἐπὶ
1200 1583 1330 1646 τοὺς
1364 1580 1573 1652 νόμους
1607 1582 1940 1653 τρεπώμεθα

255 1665 443 1734 πάλιν,
463 1662 536 1734 μὴ
557 1661 728 1718 καὶτὸ
749 1668 1042 1733 προοίμιον
1059 1660 1190 1733 ἡμῖν
1202 1663 1547 1735 μακρότερον
1557 1668 1809 1736 γίγνηται
1826 1671 1941 1721 τών

257 1746 474 1816 νόμων;
510 1742 579 1799 οὐ
598 1743 704 1813 γάρ
725 1765 776 1798 τι
795 1743 1004 1814 βραχὺς
1023 1740 1052 1798 ὁ
1071 1744 1235 1813 λόγος
1254 1746 1503 1808 ἐκταθεὶς
1521 1740 1593 1798 ἀν
1611 1749 1872 1816 γίγνοιτο,
1893 1750 1942 1800 εἰ

256 1838 434 1882 τοῖσιν
454 1820 827 1896 ἐπιθυμοῦσιν
852 1824 1072 1896 ἀσεβεῖν
1092 1823 1158 1879 τὰ
1176 1828 1278 1895 μὲν
1297 1824 1681 1896 ἀποδείξαιμεν
1709 1832 1939 1896 μετρίως

255 1920 367 1972 τοῖς
386 1908 587 1977 λόγοις,
606 1902 688 1963 ών
708 1913 948 1979 ἔφραζον
968 1911 1083 1962 δεῖν
1101 1909 1225 1978 πέρι
1241 1911 1439 1979 λέγειν,
1451 1914 1564 1962 τών
1583 1907 1648 1962 δέ
1661 1912 1737 1973 εἰς
1757 1907 1941 1980 φόβον

254 1991 571 2061 τρέψαιμεν,
608 1990 674 2044 τὰ
715 1990 775 2045 δὲ
818 1993 1201 2060 δυσχεραίνειν
1237 1988 1566 2060 ποιήσαντες
1605 1987 1711 2044 ὅσα
1747 1992 1941 2056 πρέπει

255 2069 388 2141 μετὰ
411 2077 584 2126 ταῦτα
604 2069 711 2142 ἤδη
731 2078 1150 2141 νομοθετοῖμεν.

191 2173 226 2214 Β
397 2161 515 2211 ΚΛ.
551 2153 719 2226 Ἀλλ’,
761 2149 807 2210 ώ
846 2157 984 2226 ξένε,
1022 2153 1287 2219 πολλάκις
1324 2153 1426 2225 μὲν
1464 2153 1539 2219 ὥς
1573 2176 1636 2224 γε
1674 2157 1736 2210 ἐν
1774 2154 1940 2228 ὀλίγῳ

256 2238 440 2309 χρόνῳ
460 2235 614 2291 τοῦτ’
634 2235 770 2292 αὐτὸ
794 2236 1105 2308 εἰρήκαμεν,
1130 2233 1201 2300 ὡς
1222 2234 1386 2292 οὐδὲν
1404 2239 1465 2291 ἐν
1492 2242 1567 2310 τῷ
1600 2236 1832 2306 παρόντι
1861 2239 1947 2290 δεῖ

257 2324 534 2388 προτιμᾷν
546 2322 920 2387 βραχυλογίαν
937 2324 1149 2389 μᾶλλον
1163 2314 1199 2388 ἦ
1219 2324 1390 2388 μῆκος
1404 2339 1416 2351 ·
1456 2316 1636 2382 οὐδεὶς
1655 2317 1762 2387 γάρ
1781 2315 1939 2389 ἡμᾶς,

257 2397 319 2454 τὸ
342 2397 661 2467 λεγόμενον,
683 2400 917 2467 ἐπείγων
948 2398 1155 2452 διώκει·
1198 2406 1415 2467 γελοῖον
1435 2397 1501 2466 δὴ
1522 2400 1612 2452 καὶ
1636 2403 1858 2467 φαῦλον
1874 2397 1936 2450 τό

261 2479 368 2551 πρὸ
401 2485 514 2534 τῶν
550 2482 849 2549 βελτίστων
885 2477 952 2533 τά
990 2478 1303 2549 βραχύτερα
1341 2478 1708 2578 αἱρουμένους
1744 2484 1939 2547 φαίνε-

262 2569 411 2617 σθαι.
453 2563 701 2631 διαφέρει
730 2557 782 2616 δ’
813 2559 883 2615 οὐ
912 2556 1147 2631 σμικρὸν
1173 2556 1327 2630 αμώς
1355 2560 1422 2628 γέ
1447 2579 1562 2622 πως
1590 2547 1940 2629 πιθανότητά

263 2663 387 2697 τινα
405 2663 536 2707 τους
555 2639 800 2711 λόγους’
773 2647 932 2712 ημῶν
950 2646 1110 2712 ἔχειν,
1133 2638 1206 2704 ὦς
1233 2645 1364 2695 θεοί
1385 2637 1438 2695 τ’
1462 2642 1564 2695 εἰσὶ
1595 2641 1687 2695 καὶ
1716 2638 1938 2710 ἀγαθοί,

266 2727 426 2794 δίκην
463 2729 727 2794 τιμῶντες
769 2723 1145 2794 διαφερόντως
1191 2720 1539 2791 ἀνθρώπων·
1594 2719 1792 2792 σχεδὸν
1830 2719 1938 2791 γάρ

198 2826 230 2868 c
262 2811 426 2861 τοῦτο
456 2801 589 2876 ἡμῖν
613 2803 752 2880 ὑπὲρ
782 2803 1046 2862 ἁπάντων
1071 2810 1185 2860 τῶν
1213 2804 1406 2875 νόμων
1438 2795 1732 2859 κάλλιστόν
1758 2824 1816 2857 τε
1848 2804 1940 2857 καὶ
