1976 3172
700 165 1016 216 ΝοΜαΝ
1050 159 1098 215 ι’.
1570 142 1588 150 “
1650 158 1757 213 321

68 318 205 358 πασι
222 312 337 367 τοῖς
353 298 696 371 ἀνθρώποις,
728 296 802 364 ὦς
829 302 883 355 εί
901 297 979 369 μὴ
1009 297 1291 369 φήσουσιν
1310 294 1451 354 εἶναι
1478 293 1654 362 θεοὺς
1670 296 1763 352 καὶ

69 383 542 455 διανοηθήσονται
573 379 891 448 δοξάζοντες
916 379 1205 449 τοιούτους
1226 381 1380 445 οἵους
1396 381 1570 451 φησὶν
1599 375 1629 433 6
1661 374 1762 435 νό-

68 486 194 536 μος;
230 467 324 521 καὶ
341 469 467 535 περὶ
483 470 677 520 καλῶν
699 463 794 518 καὶ
822 462 1054 529 δικαίων
1081 464 1174 518 καὶ
1204 462 1330 531 περὶ
1356 458 1622 516 ἁπάντων
1650 464 1764 516 τῶν
1815 490 1817 493 v

68 550 343 616 μεγίστων
373 541 405 599 6
436 541 605 609 αὐτὸς
638 541 823 612 λόγος,
855 539 963 597 ὅσα
994 563 1052 598 τε
1083 541 1223 612 πρὸς
1249 539 1455 613 ἀρετὴν
1474 546 1644 596 τείνει
1671 542 1763 596 καὶ
1794 557 1825 598 C·

67 631 287 697 κακίαν,
333 625 409 692 ὥς
457 629 547 682 δεῖ
577 630 754 681 ταῦτα
797 621 947 679 οὕτω
996 623 1261 692 πράττειν
1306 624 1760 693 διανοουμένους,

65 706 283 779 ὅπῃπερ
306 705 382 763 ἂν
417 704 449 763 6
478 707 792 778 νομοθέτης
819 702 1175 776 ὑφηγήσηται
1209 704 1472 777 γράφων·
1511 701 1573 768 ὂς
1602 699 1655 758 δ’
1689 699 1762 758 ἄν
1822 738 1825 742 -

62 786 139 859 μὴ
176 791 474 859 παρέχηται
507 785 712 844 ἑαυτὸν
743 796 860 851 τοῖς
888 785 1083 858 νόμοις
1111 784 1365 858 εὐπειθῆ,
1391 783 1495 842 τ’ὀν
1521 786 1623 857 μὲν
1644 787 1762 840 δεῖν

31 878 35 882 ’
61 867 351 939 τεθνάναι,
383 868 485 925 τόν
513 872 577 925 δέ
604 889 731 925 τινα
764 874 999 939 πληγαῖς
1026 870 1119 924 καὶ
1145 871 1382 939 δεσμοῖς,
1411 866 1513 922 τὸν
1542 866 1603 922 δὲ
1642 861 1762 921 α’τι·
1818 924 1838 933 ,

62 956 228 1022 μίαις,
265 950 469 1016 ἄλλους
488 951 550 1007 δὲ
581 956 799 1015 πενίαις
823 949 1160 1016 κολάζεσθαι
1188 951 1280 1006 καὶ
1311 958 1544 1021 φυγαῖς·
1578 948 1758 1005 πειθώ

20 1106 21 1112 1
62 1031 125 1088 δὲ
140 1043 255 1097 τοῖς
280 1031 609 1100 ἀνθρώποις
629 1029 742 1102 ἅμα
760 1034 989 1106 τιθέντα
1008 1029 1197 1097 αὐτοῖς
1213 1029 1348 1095 τοὺς
1362 1029 1574 1102 νόμους
1590 1032 1760 1101 μηδε-

63 1118 199 1183 μίαν
216 1118 360 1184 ἔχειν
376 1124 491 1178 τοῖς
509 1111 698 1183 λόγοις
715 1114 1109 1183 προσάπτοντα
1125 1118 1203 1179 εἰς
1222 1110 1465 1184 δύναμιν
1481 1108 1757 1183 ἡμεροῦν;

208 1199 328 1251 ΚΛ.
365 1197 675 1266 Μηδαμῶς,
697 1187 743 1250 ὦ
760 1197 898 1265 ξένε,
918 1193 1040 1252 ἀλλ’
1062 1202 1216 1267 εἴπερ
1234 1194 1496 1267 τυγχάνει
1522 1213 1586 1264 γε
1613 1186 1758 1249 οὖσα
1790 1203 1823 1245 D

63 1276 156 1331 καὶ
194 1274 402 1347 σμικρὰ
428 1276 612 1331 πειθώ
635 1297 718 1341 τις
747 1278 875 1347 περὶ
909 1275 979 1332 τὰ
1013 1283 1264 1347 τοιαῦτα,
1294 1280 1382 1333 δεῖ
1411 1278 1635 1348 μηδαμῇ
1655 1273 1759 1330 κά-

59 1376 224 1425 μνειν
243 1356 346 1412 τόν
361 1377 427 1426 γε
446 1356 606 1422 ἄξιον
630 1359 726 1412 καὶ
746 1364 989 1428 σμικροῦ
1014 1363 1351 1429 νομοθέτην,
1383 1356 1524 1414 ἀλλὰ
1553 1363 1756 1427 πᾶσαν,

57 1434 124 1492 τὰ
159 1436 484 1507 λεγόμενον,
522 1435 727 1509 φωνὴν
754 1438 906 1493 ἱέντα
933 1443 1014 1511 τῷ
1043 1444 1259 1513 παλαιῷ
1282 1438 1437 1512 νόμῳ
1459 1441 1765 1510 ἐπίκουρον

56 1523 355 1587 γίγνεσθαι
374 1517 545 1593 λόγῳ,
567 1516 642 1584 ὥς
660 1519 764 1575 εἰσὶ
781 1521 908 1576 θεοὶ
939 1518 1086 1576 καὶ’“’
1052 1535 1158 1576 οσα
1176 1525 1288 1576 νῦν
1318 1518 1386 1592 δὴ
1410 1523 1635 1592 διῆλθες
1664 1520 1755 1590 σύ,

58 1601 154 1654 καὶ
172 1598 241 1671 δὴ
261 1602 353 1656 καὶ
371 1601 526 1675 νόμω
546 1599 704 1675 αύτςο
720 1606 1004 1674 βοηθῆσαι
1013 1604 1106 1658 καὶ
1125 1605 1304 1676 τέχνῃ,
1320 1598 1394 1668 ὥς
1411 1597 1572 1658 ἐστὸν
1589 1621 1672 1673 φι·
1661 1600 1759 1656 ’σει

58 1675 98 1750 ἢ
115 1679 340 1749 φύσεως
367 1678 470 1751 οὐχ
496 1678 704 1752 ἥττονι,
736 1688 889 1752 εἴπερ·
917 1688 1026 1739 νοῦ
1049 1687 1119 1754 γέ
1134 1685 1249 1739 ἐστι
1275 1684 1593 1759 γεννήματα
1616 1703 1756 1739 κατα

61 1762 236 1831 λόγον
256 1759 521 1833 όρθόν,“
487 1784 557 1819 ον
577 1762 649 1819 σύ
666 1784 726 1819 τε
744 1765 928 1835 λέγειν
954 1785 1052 1839 μοι
1080 1769 1269 1837 φαίνει
1286 1768 1382 1824 καὶ.
1407 1765 1516 1837 ἐγώ
1546 1781 1636 1822 σοι
1663 1783 1757 1821 πι-

62 1841 242 1898 στεύω
267 1840 334 1898 τὰ
354 1849 478 1898 νῦν.

202 1929 323 1980 ΛΘ.
351 1917 422 1979 Ὦ
455 1926 852 1998 προθυμότατε
888 1932 1135 1998 Κλεινία,
1173 1934 1231 1984 τί
1259 1927 1313 1986 δ’
1346 1927 1416 1986 ού
1452 1928 1662 2001 χαλεπά
1698 1932 1758 1985 τέ
1787 1939 1818 1980 Ε

61 2004 176 2059 ἐστι
205 2007 651 2070 ξυνακολουθεῖν
686 2008 870 2080 λόγοις
907 2007 1086 2076 οὕτως
1119 2015 1197 2076 εἰς
1233 2010 1422 2083 πλήθη
1463 2010 1754 2083 λεγόμενα,

58 2084 210 2157 μήκη
226 2107 286 2141 τε
304 2081 382 2142 αὖ
400 2090 657 2161 κέκτηται
680 2091 979 2162 διωλύγια;

204 2173 324 2223 ΚΛ.
366 2174 438 2225 Τί
463 2173 554 2241 δέ,
594 2165 638 2227 ιὸ
667 2175 813 2239 {em
852 2174 978 2244 περὶ
1012 2176 1189 2246 μέθης
1224 2174 1328 2246 μὲν
1362 2175 1455 2231 καὶ
1487 2180 1756 2247 μουσικῆς

61 2248 212 2307 οὕτω
243 2274 430 2324 μακρα
463 2257 728 2355 λέγοντας
756 2253 899 2327 ἡμᾶς
926 2254 1134 2323 αύτούς
1160 2263 1597 2329 περιεμείναμεν,
1629 2259 1753 2329 περὶ

58 2337 217 2389 θεων
236 2334 297 2390 δὲ
318 2334 411 2390 καὶ
431 2342 549 2392 τιῦν
565 2337 838 2394 τοιούτων
856 2338 959 2411 οὐχ
975 2336 1396 2412 ύπομενοῦμεν;
1417 2341 1510 2396 καὶ
1526 2337 1637 2411 μὴν
1661 2341 1754 2396 καὶ

7 2470 9 2487 Ι
58 2420 370 2490 νομοθεσίᾳ
392 2420 458 2486 γέ
477 2419 594 2475 ἐστί
610 2438 723 2476 που
739 2426 807 2492 τῇ
837 2440 975 2491 μετα
1005 2422 1331 2494 φρονήσεως
1356 2428 1584 2521 μεγίστη
1615 2420 1754 2495 βοή-

59 2500 209 2564 θεια,
244 2497 387 2554 διότι
421 2519 491 2555 τα
527 2504 655 2572 περὶ
697 2502 909 2574 νόμους
945 2502 1340 2577 προστάγματα
1374 2507 1438 2561 ἐν
1470 2503 1754 2575 γράμμασι
1778 2519 1860 2563 891

60 2576 314 2648 τεθέντα,
334 2577 679 2645 αἱς-δώσοντα
705 2588 782 2651 εἰς
812 2582 996 2641 πάντα
1020 2584 1229 2656 χρόνον
1256 2589 1499 2657 ἔλεγχον,
1531 2584 1751 2650 πάντως

61 2655 266 2728 ἦθέμδῖ,
287 2658 427 2718 ὅστε
455 2662 578 2722 οὔτ’
610 2672 662 2725 εί
675 2666 888 2740 χαλεπα
907 2665 1029 2723 κατ’
1066 2665 1238 2739 ἀρχὰς
1256 2665 1484 2723 ἀκούειν
1502 2668 1614 2724 ἐστὶ
1642 2688 1749 2737 φο-

58 2738 335 2811 findam*
298 2761 334 2795 α
357 2739 416 2811 γ’
443 2747 594 2803 ἔσται
622 2751 715 2805 καὶ
753 2756 832 2824 τῷ
869 2753 1154 2821 δυσμαθεῖ
1176 2747 1442 2814 πολλάκις
1467 2748 1749 2805 ἐπανιόντι

59 2819 458 2946 σκοπέἷνέἓῦὖτε
478 2829 530 2883 εί
541 2830 747 2903 μακρά,
770 2808 1019 2903 α’ὄφέλιμα
1038 2833 1116 2901 δέ,
1138 2829 1229 2887 διὰ
1258 2829 1620 2956 ταῦτα2λιόγον
1648 2828 1748 2887 ού-
