1976 3172
11 526 13 534 ’
51 555 125 588 αν
144 554 277 590 ποτε
293 518 509 605 γένοιτο
528 528 654 586 οὐδ’
675 522 751 585 αὖ
774 527 993 599 σφόδρα
1013 532 1194 600 πένης.
1220 527 1359 586 ὥστε
1376 527 1405 586 ὁ
1429 529 1639 601 λόγος’
1612 545 1743 603 ημῖν

53 613 247 685 ὀρθός,
282 610 357 678 ὥς
391 611 496 668 οὐκ
515 613 676 672 εἰσὶν
710 613 768 666 οἰ
801 611 1180 682 παμπλούσιοι
1216 608 1447 682 ἀγαθοί
1487 616 1539 668 εί
1570 611 1630 669 δὲ
1666 611 1740 684 μὴ

12 711 13 714 ’
53 694 275 767 ἀγαθοί,
299 692 432 752 ουδὲ
457 693 801 765 ευδαίμονες.

186 778 317 834 xm.
353 774 513 848 Ἡμῖν
531 773 640 833 δὲ“
609 798 644 847 η
662 797 777 831 των
798 774 992 847 νόμων
1010 772 1280 842 υπόθεσις
1309 778 1559 833 ἐνταῦθα
1588 780 1743 847 ἔβλε-

11 859 13 862 ’
48 878 170 930 πεν,
190 857 342 925 ὅπως
370 857 446 924 ὥς
461 857 965 930 εὐδαιμονέστατοι
997 862 1216 915 ἔσονται
1246 857 1389 914 καὶ
1367 858 1400 914 ό
1429 881 1481 915 τι
1508 856 1744 930 μάλιστα

12 959 13 963 ’
46 938 307 1012 ἀλλήλοις
334 946 512 1012 φίλοι·
554 939 665 997 εἷεν
685 941 745 997 δὲ
764 938 869 996 οὐκ
901 939 973 995 άν
1002 960 1134 996 ποτε
1163 947 1382 996 πολῖται
1402 938 1621 1012 φίλοι,
1600 938 1744 996 όπου

45 1026 247 1079 πολλαὶ
264 1022 368 1094 μὲν
386 1027 535 1079 δίκαι
554 1025 614 1078 ἐν
635 1019 894 1094 ἀλλήλοις
913 1021 1042 1093 εἷεν,
1064 1023 1264 1078 πολλαὶ
1292 1022 1353 1078 δὲ
1373 1019 1600 1093 ἀδικίαι,
1627 1019 1740 1078 ἀλλ’
1777 1040 1812 1080 D

12 1148 13 1157 2
47 1102 235 1159 ὅπου
213 1100 286 1168 οἷς
304 1101 338 1160 ὅ
355 1126 408 1160 τι
426 1103 784 1175 σμικρόταται
802 1105 894 1158 καὶ
919 1101 1204 1173 ὀλίγισται.
1242 1105 1478 1174 λέγομεν
1508 1102 1574 1174 δὴ
1607 1102 1742 1174 μήτε

43 1182 257 1255 χρυσὸν
276 1183 418 1241 εἶναι
437 1188 557 1241 δεῖν
575 1185 711 1257 μήτε
731 1183 983 1255 ἄργυρον
1002 1187 1062 1240 ἐν
1080 1189 1149 1256 τῇ
1169 1185 1344 1255 πόλει,
1364 1183 1495 1257 μήτ’
1518 1177 1593 1240 αὖ
1608 1205 1742 1256 χρη-

13 1284 19 1325 t
43 1266 320 1336 ματισμόν
339 1264 522 1322 πολὺν
542 1266 632 1321 διὰ
655 1271 960 1337 βαναυσίας
979 1269 1071 1321 καὶ
1091 1266 1277 1320 τόκων
1295 1267 1434 1336 μηδε
1452 1265 1741 1337 βοσκημά-

42 1367 155 1402 των
171 1350 431 1415 αἰσχρῶν,
450 1343 575 1401 ἀλλ’
599 1345 705 1400 ὅσα
723 1351 964 1416 γεωργία
985 1349 1177 1401 δίδωσι
1195 1348 1289 1402 καὶ
1310 1347 1486 1419 φέρει,
1508 1350 1600 1406 καὶ
1617 1347 1742 1407 τού·

15 1448 155 1483 ’των
199 1424 379 1483 ὁπόσα
415 1426 490 1498 μὴ
533 1427 1002 1498 χρηματιζόμενον
1039 1425 1344 1499 ἀναγκάσει
1390 1429 1613 1501 ἀμελεῖν
1663 1427 1741 1488 ὧν

43 1509 206 1565 ἓνεκα
226 1511 441 1581 πέφυκε
464 1509 532 1565 τὰ
552 1509 803 1582 χρήματα
820 1531 831 1542 ·
867 1516 1043 1567 ταῦτα
1061 1510 1114 1567 δ’
1146 1514 1259 1568 ε’στὶ
1282 1509 1429 1584 ψυχή
1451 1514 1738 1586 καὶσῶμα,

15 1592 18 1641 ῗ
42 1587 79 1645 ἃ
95 1593 261 1661 χωρὶς
283 1599 657 1663 γυμναστικῆς
681 1594 772 1648 καὶ
791 1598 888 1664 τῆς
915 1592 1085 1664 ἄλλης
1107 1597 1359 1659 παιδείας
1380 1592 1485 1650 οὐκ
1505 1594 1578 1649 ἄν
1606 1615 1740 1652 ποτε

14 1697 21 1742 p
39 1676 257 1746 γένοιτο
277 1671 400 1738 ἄξια
419 1673 607 1744 λόγου.
630 1671 716 1729 διὸ
738 1672 806 1746 δὴ
827 1675 1122 1747 χρημάτων
1141 1677 1455 1746 ἐπιμέλειαν
1475 1675 1578 1748 οὐχ
1597 1674 1739 1745 ἅπαξ
1772 1691 1804 1731 Ε

39 1754 340 1826 εἰρήκαμεν
371 1752 444 1821 ὥς
477 1777 582 1828 χρη
613 1763 933 1813 τελευταῖον
966 1763 1160 1831 τιμᾷν·
1198 1756 1382 1814 ὄντων
1418 1755 1530 1831 γὰρ
1562 1766 1739 1831 τριῶν

40 1837 157 1895 ξων
184 1832 469 1907 ἁπάντων,
489 1840 616 1908 περὶ
648 1835 685 1893 ἃ
721 1845 830 1905 πᾶς
865 1837 1170 1939 α’νθρωπος
1202 1840 1516 1912 σπουδάζει,
1546 1847 1739 1897 τελευ-

14 1926 198 2007 statuat
214 1919 307 1975 καὶ
323 1923 513 1990 τρίτον
530 1918 729 1976 ἐστὶν“
698 1944 732 1992 η
753 1942 867 1977 των
879 1921 1178 1993 χρημάτων
1198 1920 1392 1994 όρθως
1424 1927 1738 1989 σπουδαζο-

15 2002 180 2071 μμένη
217 1999 455 2073 σπουδή,
494 2002 749 2073 σωματος
793 2006 853 2059 δὲ
890 2006 1015 2073 πέρι
1050 2007 1205 2076 με’ση,
1245 2004 1436 2075 πρώτη
1474 2006 1532 2059 δὲ
1570 2001 1605 2074 ἡ
1643 2010 1737 2074 τῆς

15 2085 237 2178 ιψυχῆς.
264 2082 364 2178 pul
382 2081 451 2153 δὴ
471 2085 563 2139 καὶ
579 2089 691 2140 νῦν
709 2080 782 2155 ἢν
813 2083 1206 2155 διεξερχόμεθα
1240 2090 1539 2156 πολιτείαν,
1563 2089 1615 2141 εἰ
1634 2087 1737 2156 μὲν

42 2159 139 2226 τὰς
155 2159 316 2232 τιμὰς
334 2160 484 2219 οὕτω
502 2163 770 2234 τάττεται,
798 2162 989 2235 όρθως
1006 2169 1469 2245 νενομοθέτηται·
1503 2171 1554 2223 εἰ
1571 2168 1638 2222 δέ
1656 2187 1735 2232 τις

41 2247 158 2298 τῶν
176 2246 671 2316 προσταττομένων
688 2244 893 2303 αὐτόθι
911 2246 1106 2318 νόμων
1133 2246 1504 2320 σωφροσύνης
1524 2252 1734 2319 ἔμπρο-

16 2339 23 2370 1
43 2321 186 2379 σθεν
202 2321 417 2394 ὑγίειαν
434 2327 498 2382 έν
515 2348 583 2399 τῃ
563 2326 755 2383 πόλει
775 2338 1031 2398 φανεῖται
1043 2347 1223 2384 ποιων
1235 2324 1477 2401 τιμίαν’”
1438 2352 1472 2402 η
1493 2336 1737 2387 πλοῦτον
1763 2343 1849 2388 744

17 2399 252 2473 εὖγιείας
266 2406 357 2461 καὶ
377 2412 480 2462 τοῦ
498 2418 832 2479 σωφρονεῖν,
852 2429 959 2465 ουκ
984 2407 1174 2480 ὀρθως
1195 2406 1560 2482 ἀναφανεῖται
1579 2415 1734 2467 τιθέ-

18 2498 225 2551 ‘5²2⁹oe
268 2484 423 2543 τοῦτ’
461 2510 571 2545 ουν
610 2488 676 2561 δὴ
710 2491 975 2556 πολλάκις
1004 2493 1468 2564 ἐπισημαίνεσθαι
1502 2493 1604 2565 χρὴ
1633 2494 1734 2550 τὸν

19 2587 22 2600 “
51 2567 376 2639 νομοθέτην,
395 2574 450 2626 τί
462 2592 521 2627 τε
548 2571 828 2644 βούλομαι
853 2574 945 2630 καὶ
975 2580 1032 2630 εἴ
1054 2595 1149 2645 μοι
1181 2576 1469 2647 ξυμβαίνει
1501 2582 1668 2631 τοῦτο
1698 2572 1733 2646 ἦ

19 2672 22 2690 ‹
46 2644 139 2698 καὶ
161 2640 525 2719 ἀποτυγχάνω
542 2659 646 2709 τοῦ
665 2661 907 2710 σκοποῦ·
947 2656 1040 2714 καὶ
1069 2653 1216 2712 οὕτω
1244 2655 1362 2728 τάχ’
1408 2654 1482 2714 ἀν
1513 2665 1644 2723 ἴσως
1672 2660 1731 2713 ἐκ

45 2730 143 2796 τῆς
162 2733 494 2797 νομοθεσίας
510 2730 676 2802 αὐτός
692 2757 752 2792 τε
772 2738 1020 2810 ἐκβαίνοι
1043 2741 1134 2803 καὶ
1162 2738 1293 2805 τούς
1321 2738 1524 2806 άλλους
1553 2738 1732 2795 ἀπαλ-

45 2807 250 2880 λάττοι,
291 2807 414 2866 κατ’
452 2809 622 2871 ἄλλον
659 2816 719 2874 δὲ
752 2820 967 2891 τρόπον
1005 2818 1130 2876 οὐδ’
1173 2817 1247 2877 ἂν
1285 2822 1384 2877 ἕνα
1425 2821 1568 2877 ποτέ.
1603 2817 1631 2875 ὁ
1661 2816 1726 2890 δὴ
