1976 3172
250 90 356 143 344
866 89 1040 151 ΠᾼΑ
1058 84 1339 150 ΤΩΝΟΣ

251 224 347 288 τοὶς
374 227 489 278 τῶν
524 221 796 292 φυλάκων
817 219 996 292 ψυχὰς
1025 219 1134 294 ἄρα
1156 228 1349 278 κυνῶν
1380 219 1417 293 ἢ
1441 220 1540 288 τὰς
1568 225 1688 279 ’τῶν
1718 226 1935 294 νομέων
1972 266 1974 271 ι

251 302 287 375 ἦ
316 302 454 375 πρὸς
473 303 569 368 τὰς
595 308 709 359 τῶν
729 302 1080 360 παντάπασιν
1109 301 1432 376 ἀκροτάτων
1456 308 1740 360 δεσποτῶν
1768 324 1935 372 προς-

252 392 554 448 πίπτουσαι
570 389 833 440 πείθουσι
850 390 1116 450 θωπείαις
1137 385 1319 456 λόγων
1341 387 1434 441 καὶ
1463 387 1525 441 ἐν
1553 383 1828 451 εὐκταίαις
1854 407 1937 440 τι-

198 484 229 525 C
257 470 346 523 σὶν
375 470 629 544 ἐπῳδαῖς,
663 463 744 532 ὥς.
764 470 826 522 αἱ
857 472 1042 539 φῆμαί
1070 484 1242 538 φασιν
1279 471 1339 523 αἱ
1370 474 1485 523 τῶν
1509 473 1717 538 κακῶν,
1741 468 1938 532 ἐξεῖναι

252 555 646 614 πλεονεκτοῦσι
669 555 861 620 σφίσιν
888 553 949 605 ἐν
969 549 1292 623 ἀνθρώποις
1320 549 1549 620 πάσχειν
1575 550 1750 620 μηδὲν
1777 555 1939 619 χαλε-

252 630 384 687 πόν·
425 631 611 701 φαμὲν
629 629 683 686 δ’
703 630 850 687 εἷναί
864 650 976 687 που
992 632 1053 689 τὸ
1075 638 1182 687 νῦν
1198 629 1609 703 ὀνομαζόμενον
1627 629 1936 702 ἁμάρτημα,

251 712 353 783 τὴν
372 716 711 784 πλεονεξίαν,
732 717 794 769 ἐν
811 715 915 785 μὲν
933 720 1217 783 σαρκίνοις
1245 715 1463 785 σώμασι
1486 714 1703 785 νόσημα
1731 710 1938 768 καλού-

253 814 444 862 μενον,
465 796 526 848 ἐν
546 794 606 861 δὲ
621 793 808 863 ω’ραις
827 798 968 850 ἐτοῖν
988 797 1080 851 καὶ
1103 799 1378 851 ἐνιαυτῶν
1405 794 1617 866 λοιμόν,
1647 795 1709 850 ἐν
1742 793 1801 848 δὲ
1832 789 1938 847 πό-

254 881 378 971 λεσι·
393 874 486 929 καὶ
503 878 799 938 πολιτείαις
818 881 983 930 τοῦτο
1004 869 1079 929 αὗ
1106 876 1168 930 τὸ
1201 877 1348 946 ῥῆμα
1376 875 1940 946 μετεσχηματισμένον

256 959 492 1010 αδικίαν.

397 1042 517 1091 ΚΛ.
554 1035 885 1091 Παντάπασι
905 1035 1008 1106 μὲν
1026 1029 1146 1091 οὖν.

396 1124 514 1173 ΛΘ.
557 1123 773 1173 Τοῦτον
793 1118 860 1188 δὴ
882 1116 986 1172 τὸν
1004 1117 1175 1187 λόγον
1194 1114 1500 1187 ἀναγκαῖον
1528 1121 1708 1190 λέγειν
1732 1118 1832 1175 τὸν
1851 1121 1944 1175 λε’-

256 1221 446 1270 γοντα,
469 1197 540 1265 ὥς
560 1200 662 1255 εἰσὶ
691 1199 1084 1269 συγγνώμονες
1104 1197 1189 1254 ἀεὶ
1207 1200 1333 1255 θεσῖ
1352 1210 1465 1265 τοῖς
1476 1197 1597 1256 ’τῶν
1620 1198 1942 1270 ἀνθρώπων

184 1301 221 1342 1)
256 1280 465 1346 ἀδίκοις
483 1282 575 1337 καὶ
593 1281 902 1350 ἀδικοῦσιν,
915 1276 987 1335 ἀν
1005 1279 1192 1345 αὐτοῖς
1211 1287 1325 1335 τῶν
1336 1279 1689 1352 ἀδικημάτων
1705 1302 1785 1347 τις
1802 1279 1943 1337 ἀπο-

257 1366 414 1434 νέμῃ,
446 1361 704 1432 καθάπερ
736 1366 762 1398 *
775 1366 860 1416 εἰ*
883 1363 1012 1416 κυσὶ
1031 1360 1193 1414 λύκοι
1213 1359 1328 1415 τῶν
1346 1359 1722 1431 ἁρπασμάτων
1734 1359 1941 1431 σμικρὰ

258 1442 611 1514 ἀπονέμοιεν,
649 1444 708 1496 οἱ
739 1443 798 1496 δὲ
831 1438 1208 1512 ἡμερούμενοι
1236 1449 1349 1504 τοῖς
1378 1440 1576 1511 δώροις
1605 1451 1943 1511 συγχωροῖεν

258 1525 324 1580 τὰ
346 1527 574 1594 ποίμνια
603 1521 939 1592 διαρπάζειν.
979 1517 1073 1591 ἀρ’
1095 1519 1197 1591 οὐχ
1217 1514 1380 1586 οὗτος
1395 1519 1425 1576 ὁ
1446 1521 1611 1591 λόγος
1639 1518 1667 1575 ὁ
1698 1526 1812 1576 τῶν
1833 1542 1943 1591 φα-

260 1605 515 1661 σκόντων
534 1601 907 1673 παραιτητοὺς
926 1600 1066 1658 εἶναι
1077 1601 1274 1666 θεούςς

372 1732 376 1735 .
400 1690 518 1743 ΚΛ.
559 1677 738 1748 Οὗτος
759 1683 863 1754 μὲν
890 1677 1013 1738 οὖν.

399 1771 527 1823 XIV.
562 1772 680 1822 ΑΘ.
728 1769 884 1821 Τίσιν
904 1759 1011 1820 οὖν
1037 1764 1103 1836 δὴ
1126 1772 1240 1820 τῶν
1259 1768 1694 1837 προρρηθέντων
1713 1762 1946 1819 ἀπεικά-

259 1855 367 1916 ζων
386 1846 611 1918 ὁμοίους
624 1846 880 1918 φύλακας
898 1845 1038 1902 εἶναι
1052 1844 1226 1911 θεοὺς
1237 1843 1341 1901 οὐκ
1362 1841 1433 1899 ἀν
1451 1845 1850 1913 καταγέλαστος
1869 1848 1944 1911 γί-

258 1951 447 2002 γνοιτο
472 1928 797 1999 ἀνθρώπων
819 1924 1111 1994 ὁστισοῦν;
1129 1925 1370 1997 πότερον
1387 1924 1768 1996 κυβερνήταις,
1785 1929 1946 1995 λοιβῇ

200 2027 234 2067 Ε
262 2035 320 2069 τε
340 2020 502 2069 οἴνου
531 2016 696 2083 κνίσῃ
721 2032 780 2065 τε
808 2011 1316 2080 παρατρεπομένοις
1345 2004 1548 2076 αὐτοῖς,
1575 2004 1946 2077 ἀνατρέπουσι

263 2098 322 2150 δὲ
337 2101 478 2159 ναῦς·
493 2115 552 2150 τε
571 2094 663 2149 καὶ
681 2092 916 2159 ναύτας;

403 2181 523 2230 ΚΛ.
559 2177 865 2245 Μηδαμῶς.

405 2264 523 2314 ΑΘ.
556 2254 692 2310 Ἀλλ’
716 2254 786 2309 οὔ
804 2276 857 2308 τι
875 2254 987 2324 μὴν
1004 2251 1275 2324 ἡνιόχοισί
1291 2271 1354 2321 γε
1366 2254 1425 2306 ἐν
1438 2248 1637 2321 ἁμίλλῃ
1657 2264 1944 2316 συντεταγ-

260 2339 464 2410 μένοις,
487 2343 799 2390 πεισθεῖσιν
821 2333 931 2390 ὑπό
955 2338 1164 2410 δωρεᾶς
1182 2335 1412 2400 ἑτέροισι
1430 2331 1532 2401 τὴν
1551 2335 1715 2399 νίκην
1735 2328 1946 2396 ζεύγεσι

261 2422 588 2489 προδοῦναι.
1680 2434 1683 2437 ’

405 2505 523 2555 ΚΛ.
561 2505 773 2569 Δεινην
797 2498 904 2568 γάρ
925 2495 1114 2551 εἰκόνα
1143 2496 1322 2563 λέγοις
1353 2488 1426 2548 ἄν
1454 2496 1631 2563 λέγων
1659 2489 1760 2546 τόν
1778 2489 1946 2560 λόγον

262 2588 482 2639 τοῦτον.
1866 2575 1884 2581 ”

407 2670 524 2719 ΛΘ.
563 2658 648 2716 Οὐ
677 2660 789 2732 μὴν
818 2659 950 2715 οὐδὲ
981 2666 1301 2728 στρατηγοῖς
1330 2677 1392 2726 γε
1422 2653 1546 2711 οὐδ’
1579 2660 1783 2725 ἰατροῖς
1815 2651 1945 2709 οὐδὲ
