1976 3172
703 122 1020 172 ΝοΜῼΝ
1051 116 1112 185 γ’.
1549 119 1556 122 ·
1684 122 1754 175 83
1801 95 1806 102 '

19 253 21 308 ἶ
57 271 148 318 λιν
159 259 302 329 ἅπερ
323 259 463 329 τότε,
485 256 653 329 εἰμὲν
670 254 965 327 βούλεσθε,
989 251 1063 319 ὥς
1078 259 1304 324 παίζων,
1324 259 1375 311 εἰ
1392 255 1466 327 δ’,
1489 253 1563 322 ὥς
1577 273 1754 313 σπου-

59 342 256 411 διέζων,
279 339 365 396 ὅτι
382 339 452 412 δή
470 360 612 410 φημι
631 335 767 408 εὐχῇ
784 339 1029 412 χρῆσθαι
1046 337 1335 408 σφαλερὸν
1355 335 1497 392 εἶναι
1514 345 1659 394 νοῦν
1677 339 1752 411 μὴ

17 415 21 454 ¹
58 425 415 495 κεκτημένον,
435 418 576 477 ἀλλὰ
592 416 858 475 τάναντία
877 428 995 482 ταῖς
1010 415 1351 489 βουλήσεσίν
1370 419 1426 472 οἰ
1439 423 1750 488 γίγνεσθαι.

19 502 21 519 '
59 504 444 572 σπουδάζοντα
463 499 517 558 δ’
538 508 597 557 εἴ
608 520 676 572 με
692 499 911 556 τιθέναι
929 497 1227 569 βούλεσθε,
1248 502 1432 554 τίθετε
1447 495 1460 530 ³
1475 498 1628 554 πάνυ
1646 500 1752 570 γὰρ
1780 516 1810 557 c

61 670 252 739 ὀλίγον
271 670 557 737 ἔμπροσθε
574 662 965 735 προύθέμεθα,
982 667 1082 734 τῆς
1096 668 1212 718 τῶν
1230 664 1507 733 βασιλέων
1524 683 1584 718 τε
1602 670 1755 732 φθο-

18 761 21 778 ²
57 757 159 819 ρᾶς
176 748 268 805 καὶ
301 744 439 803 ολου
472 751 577 802 τοῦ
605 744 974 816 διανοήματος
1003 741 1074 800 οὐ
1105 746 1316 800 δειλίαν
1334 745 1515 798 οὖσαν
1543 741 1647 815 τὴν
1668 747 1757 799 αἰ-

18 851 22 893 ι
57 837 200 899 τίαν,
221 827 344 886 οὐδ’
370 826 457 884 ὅτι
474 827 542 883 τὰ
561 828 687 899 περὶ
703 828 804 883 τὸν
831 827 1080 898 πόλεμον
1105 822 1211 882 οὐκ
1228 822 1529 897 ἠπίσταντο
1549 825 1756 898 ἄρχον-

19 916 144 977 τές
162 933 219 968 τε
233 912 326 968 καὶ
345 907 446 977 οὓς
462 916 749 982 προσῆκεν
768 908 1056 982 αρχεσθαι,
1069 913 1139 980 τῇ
1157 913 1322 980 λοιπῇ
1342 905 1403 962 δὲ
1420 905 1571 979 πάσῃ
1589 912 1755 980 κακίᾳ

19 1015 23 1046 ι
61 994 466 1065 διεφθαρμένα,
496 994 590 1050 καὶ
625 993 863 1064 μάλιστα
890 997 959 1065 τῇ
997 993 1124 1062 περὶ
1149 989 1217 1046 τὰ
1243 992 1472 1062 μέγιστα
1501 994 1615 1046 τῶν
1651 987 1756 1046 ἆν-

19 1080 368 1144 θρωπίνων
377 1074 723 1145 πραγμάτων
733 1072 963 1147 ἀμαθίᾳ.
987 1069 1145 1130 ταῦτ’
1168 1093 1275 1128 ουν
1297 1069 1372 1136 ὡς
1390 1069 1539 1127 ου’τω
1556 1074 1755 1143 γέγονε
1778 1078 1812 1120 D

19 1179 23 1210 ι
57 1157 185 1225 περὶ
204 1154 271 1211 τὰ
291 1155 434 1227 τότε,
453 1157 546 1212 καὶ
569 1161 697 1226 νῦν,
729 1163 783 1212 εἰ
796 1175 926 1226 που,
953 1159 1216 1225 γίγνεται,
1244 1153 1338 1209 καὶ
1365 1155 1421 1218 ἐς
1439 1153 1542 1208 τὸν
1572 1156 1757 1209 ἔπειτα

20 1260 23 1303 ;
55 1237 264 1308 χρόνον
283 1260 388 1294 ουκ
399 1237 580 1305 αλλως
598 1237 958 1311 συμβήσεται,
979 1235 1080 1292 ἐαν
1096 1235 1401 1306 βούλησθε,
1425 1233 1758 1307 πειράσομαι

20 1356 22 1372 .
56 1318 165 1374 ίών
181 1316 322 1374 κατὰ
341 1317 445 1373 τὸν
467 1319 591 1388 ἑξῆς
611 1318 786 1387 λόγον
812 1314 1167 1386 ἀνευρίσκειν
1192 1337 1252 1372 τε
1279 1318 1371 1371 καὶ
1390 1315 1523 1386 ὑμῖν
1545 1320 1758 1388 δηλοῦν

55 1398 196 1455 κατὰ
219 1398 466 1470 δύναμιν
486 1397 561 1465 ὥς
577 1391 705 1455 οὖσι
723 1403 921 1469 φίλοις.

199 1485 322 1538 ΚΛ.
358 1481 527 1557 Λόγῳ
553 1478 655 1553 μὲν
673 1486 869 1537 τοίνυν
887 1494 968 1550 σε,
998 1471 1043 1534 ὦ
1072 1481 1210 1548 ξένε,
1241 1482 1490 1535 ἐπαινεῖν
1515 1480 1755 1549 ἐπαχθέ-

61 1579 278 1635 στερον,
307 1568 451 1637 ἔργω
483 1564 543 1620 δὲ
572 1561 794 1635 σφόδρα
827 1559 1266 1632 ἐπαινεσόμεθα·
1306 1559 1617 1632 προθύμως
1644 1557 1754 1631 γὰρ

56 1657 171 1711 τοῖς
199 1648 517 1717 λεγομένοις
538 1643 1088 1717 ἐπακολουθήσομεν,
1119 1645 1182 1699 ἐν
1199 1639 1281 1708 οἷς
1308 1640 1341 1698 ὅ
1360 1662 1424 1714 γε
1447 1644 1758 1712 ἐλευθέρως

58 1730 307 1785 ἐπαινῶν
323 1730 415 1785 καὶ
434 1726 508 1800 μὴ
527 1725 764 1800 μάλιστά
786 1731 901 1785 ἐστι
918 1726 1258 1797 καταφανής.

200 1815 334 1867 ΜΕ.
356 1807 591 1882 ’Ἀριστ’,
611 1804 659 1867 ω’
675 1814 924 1880 Κλεινία,
945 1810 1038 1865 καὶ
1055 1814 1302 1880 ποιοῖμεν
1320 1805 1356 1864 ἂ
1375 1811 1566 1879 λέγεις.
1786 1812 1819 1856 Ε

201 1897 320 1949 ΚΛ.
342 1890 537 1951 ’Έσται
553 1896 747 1962 ταῦτα,
766 1891 866 1948 ἐὰν
883 1890 1021 1956 θεὸς
1034 1892 1218 1963 ἐθέλῃ.
1255 1892 1380 1960 λέγε
1401 1889 1593 1961 μόνον.

200 1976 287 2030 lx.
321 1979 440 2031 Ae.
472 1974 672 2047 Φαμὲν
696 1971 764 2047 δὴ
786 1978 898 2030 νῦν
915 1969 1054 2029 καθ’
1077 1969 1213 2028 ὁδὸν
1239 1969 1415 2035 ἰόντες
1432 1967 1535 2041 τὴν
1555 1964 1758 2038 λοιπὴν

20 2096 21 2103 1
60 2059 164 2111 τοῦ
182 2054 373 2126 λόγου,
395 2054 498 2128 τὴν
518 2061 785 2128 μεγίστην
809 2052 1061 2152 ἀμαθίαν
1074 2052 1197 2110 τότε
1219 2055 1436 2123 ἐκείνην
1455 2047 1562 2122 τὴν
1582 2049 1758 2105 δύνα-

19 2175 23 2191 .
61 2157 158 2207 μιν
189 2131 458 2194 ἀπολέσαι
491 2139 587 2193 καὶ
617 2143 728 2194 νῦν
764 2133 971 2193 ταύτὸν
1006 2138 1174 2190 τοῦτο
1210 2136 1522 2204 πεφυκέναι
1555 2141 1756 2200 ποιεῖν,

20 2250 22 2261 ·
63 2217 205 2274 ὥστε
234 2215 335 2275 τόν
365 2239 430 2290 γε
461 2221 795 2291 νομοθέτην,
823 2221 875 2275 εἰ
902 2214 1075 2274 τοῦθ’
1107 2214 1285 2282 οὕτως
1312 2219 1438 2287 ἔχει,
1468 2215 1759 2285 πειρατέον

20 2328 22 2334 v
61 2312 179 2366 ταῖς
196 2300 390 2357 πόλεσι
407 2301 689 2373 φρόνησιν
706 2298 862 2373 μὲν”
827 2317 971 2371 οσην
996 2294 1245 2356 δυνατὸν
1274 2299 1538 2369 ἐμποιεῖν,
1568 2294 1674 2368 τὴν
1705 2292 1755 2350 δ’

21 2415 24 2428 ·
64 2380 262 2440 ἄνοιαν
283 2379 317 2438 ὅ
333 2402 387 2439 τι
403 2381 641 2454 μάλιστα
664 2384 914 2454 ἐξαιρεῖν.

207 2468 327 2522 ΚΛ.
365 2470 576 2537 Δῆλον.

211 2549 327 2602 ΑΘ.
370 2551 464 2611 Τίς
483 2539 641 2619 οὖνὴ
662 2551 889 2619 μεγίστη
913 2549 1135 2610 δικαίως
1166 2539 1240 2600 ὅίν
1273 2545 1486 2615 λέγοιτο
1524 2542 1760 2615 ἀμαθίας
1790 2554 1877 2601 689

20 2655 24 2676 ι
74 2635 323 2684 σκοπεῖτε
341 2632 391 2686 εἰ
403 2629 660 2698 συνδόξει
680 2631 771 2687 καὶ
787 2635 950 2704 σφῷν
969 2627 1273 2702 λεγόμενον
1289 2647 1300 2659 ·
1322 2622 1433 2697 ἐγὼ
1446 2623 1548 2697 μὲν
1569 2622 1635 2696 δὴ
1656 2622 1760 2694 τὴν

71 2708 294 2764 τοιάνδε
310 2711 546 2780 τίθεμαι.

218 2793 332 2845 ΚΛ.
370 2794 574 2860 Uolum
1418 2867 1481 2913 6*
