1976 3172
267 142 370 193 208
883 138 1357 189 ΠΛΑΤΩΝΟΣ

266 275 414 344 ἄλλη
425 273 527 343 μὲν
544 227 783 342 Μούσης
802 273 949 336 λέξιν
967 274 1344 342 μιμουμένων,
1365 272 1429 327 τό
1455 293 1515 328 τε
1541 280 1967 344 μεγαλοπρεπες

266 353 646 427 φυλάττοντας
675 351 790 424 ἅμα
823 354 916 408 καὶ
950 352 1281 423 ἐλεύθερον·
1318 352 1457 426 άλλη
1497 355 1557 411 δὲ
1586 353 1796 421 εὐεξιας
1823 359 1976 413 έλα-

266 455 544 508 φροτητος
559 457 618 491 τε
637 435 803 490 ἕνεκα
830 436 938 491 καὶ
952 434 1191 500 κάλλους
1220 440 1335 490 τῶν
1361 441 1465 491 τοῦ
1493 436 1745 507 σώματος
1774 436 1953 494 αὐτοῦ

264 523 452 590 μελῶν
473 519 565 574 καὶ
584 522 789 588 μερῶν,
809 516 873 572 τὸ
905 521 1192 590 προσῆκον
1220 524 1440 589 καμπῆς
1468 539 1529 573 τε
1556 520 1648 574 καὶ
1677 520 1920 576 ἐκτάσεω

267 602 395 670 [καὶ]
425 599 773 654 ἀποδιδοῦσα
802 598 1050 663 ἑκάστοις
1084 597 1271 665 αὐτοῖς
1300 597 1508 670 αὐτῶν,
1541 599 1835 672 εὐρύθμου
1866 624 1898 657 κ

264 681 478 752 νήσεως
497 682 952 752 διασπειρομένης
969 677 1082 751 ἅμα
1102 682 1194 737 καὶ
1205 680 1736 753 ξυνακολουθούσης
1749 687 1826 748 εἰς
1844 690 1955 738 πᾶ-

150 762 236 808 796
267 779 371 818 σαν
392 760 495 831 τὴν
513 760 742 832 ὄρχησιν
760 764 980 826 ἱκανῶς.
1019 762 1111 816 καὶ
1130 760 1196 832 δὴ
1218 761 1286 816 τά
1312 782 1375 831 γε
1402 760 1541 817 κατὰ
1571 762 1757 833 πάλην
1785 761 1822 817 ὁὶ
1851 762 1918 833 μὲ

170 884 177 896 .
261 840 504 904 Ἀνταῖος
523 837 558 910 ἦ
579 841 853 908 Κερκύων
867 843 932 896 ἐν
951 843 1165 911 τέχναις
1184 845 1822 915 ἑαυτῶνξυνεστήσαντο
1853 865 1952 914 φι-

266 925 540 986 λονεικίας
560 919 839 991 ἀχρήστου
869 920 1051 990 χάριν,
1081 919 1117 991 ἢ
1148 928 1379 994 πυγμῆς.
1393 922 1599 990 Ἐπειὸς
1632 922 1670 996 ἢ
1687 924 1934 995 ’Ἄμυκος

265 1002 432 1059 οὐδὲν
447 1003 686 1075 χρήσιμα
702 1003 786 1058 ἐπὶ
806 1004 1051 1073 πολέμου
1061 1008 1361 1058 κοινωνίαν
1372 1003 1525 1075 ὄντα,
1539 1004 1644 1062 οὐκ
1663 1005 1787 1072 ἄξια
1803 1006 1929 1079 λόγ,

265 1096 493 1155 κοσμεῖν
507 1105 518 1115 ·
555 1082 622 1139 τοὶ
643 1081 822 1139 ots‘du’
843 1081 1022 1156 ὀρθῆς
1039 1082 1232 1156 πάλης,
1256 1082 1355 1140 ἀπ’
1375 1083 1630 1156 αὐχένων
1645 1089 1737 1143 καὶ
1754 1093 1916 1158 χειρῶ

264 1169 358 1222 καὶ
387 1171 649 1238 πλευρῶν
677 1165 1012 1237 ἐξειλήσεως,
1042 1165 1178 1237 μετὰ
1206 1171 1547 1236 φιλονεικίας
1573 1189 1633 1223 τε
1662 1171 1755 1224 καὶ
1783 1190 1921 1224 κατα

264 1249 508 1312 στάσεως
539 1247 951 1320 διαπονούμενα
983 1246 1138 1319 [μετ’]
1171 1246 1530 1321 εὐσχήμονος,
1561 1250 1746 1322 ῥώμης
1777 1272 1835 1306 τε
1862 1272 1932 1306 κα

263 1330 475 1402 ὑγιείας
495 1331 675 1401 ἕνεκα,
698 1329 845 1386 ταῦτ’
868 1335 944 1395 είς
960 1330 1142 1386 πάντα
1166 1330 1301 1386 ὄντα
1317 1331 1556 1403 χρήσιμα
1577 1329 1646 1387 οὐ
1665 1335 1934 1404 παρετέον

207 1422 236 1462 Β
268 1411 805 1482 άλλάπροστακτέον
822 1419 1094 1482 μαθηταῖς
1123 1433 1182 1466 τε
1210 1409 1322 1482 ἅμα
1350 1413 1443 1467 καὶ
1469 1423 1582 1477 τοῖς
1611 1414 1972 1482 διδάξουσινρ·

267 1494 406 1552 ὅταν
434 1492 663 1549 ἐνταῦθ’
706 1482 855 1564 ὦμεν
883 1499 997 1548 τῶν
1027 1491 1238 1563 νόμων,
1268 1503 1382 1557 τοῖς
1409 1491 1510 1563 μὲν
1537 1494 1718 1549 πάντα
1747 1494 1815 1549 τὰ
1835 1515 1969 1569 τοι-ς

218 1601 230 1610 ”
267 1584 408 1633 αὕτα
430 1575 677 1646 εὐμενῶς
699 1578 1018 1646 δωρεῖσθαι,
1047 1587 1161 1640 τοῖς
1186 1577 1246 1630 δὲ
1276 1576 1735 1645 παραλαμβάνειν
1764 1578 1824 1631 ἐν
1849 1575 1918 1646 χά
1966 1571 1968 1573 ’

269 1675 429 1730 ρισιν.
471 1655 597 1714 οὐδ’
619 1657 724 1713 ὅσα
748 1661 808 1713 ἐν
830 1670 943 1722 τοῖς
962 1668 1145 1729 χοροῖς
1165 1659 1314 1714 ἐστὶν
1332 1651 1407 1713 αὐ
1425 1657 1707 1729 μιμήματα
1736 1658 1918 1729 προσή
1968 1678 1976 1709 ’.

268 1763 440 1797 κοντα
472 1748 778 1811 μιμεῖσθαι,
815 1743 1102 1811 παρετέον,
1139 1739 1276 1796 κατὰ
1315 1740 1416 1812 μὲν
1444 1737 1546 1817 τὸν
1575 1740 1750 1796 τόπον
1784 1741 1920 1796 τόνδ

262 1822 575 1895 Κουρήτων
595 1821 824 1878 ἐνόπλια
841 1827 1085 1894 παίγνια,
1107 1823 1246 1878 κατὰ
1277 1823 1337 1877 δὲ
1365 1827 1754 1893 Λακεδαίμονα
1781 1830 1919 1888 Διος
1951 1816 1976 1867 Ὗ·

203 1941 213 1946 -
262 1905 476 1976 κόρων·
515 1903 551 1976 ἡ
578 1903 637 1960 δὲ
667 1898 741 1959 αὖ
773 1923 884 1961 που
921 1902 1053 1976 παρ’
1091 1902 1223 1975 ἡμῖν
1240 1903 1399 1975 Κόρη
1431 1905 1524 1959 καὶ
1550 1905 1830 1975 δέσποινα,
1853 1902 1917 1958 εὐ
1941 1915 1944 1921 ’
1970 1899 1976 1944 ¹

266 1995 584 2058 φρανθεῖσα
604 1991 670 2058 τῇ
691 1993 787 2058 τῆς
802 1992 1017 2059 χορείας
1034 1989 1245 2059 παιδιᾷ,
1260 1997 1442 2050 κεναῖς
1459 1986 1646 2056 χερσὶν
1665 1983 1770 2040 οὐκ
1789 1985 1916 2060 ςόήθ
1968 2043 1973 2057 ,

203 2076 235 2117 G
266 2073 382 2125 δεῖν
402 2067 658 2138 ἀθύρειν,
672 2075 949 2143 πανοπλίᾳ
969 2068 1034 2126 δὲ’
1047 2075 1307 2125 παντελεῖ
1318 2076 1662 2140 κοσμηθεῖσα
1681 2068 1829 2125 οὕτω
1848 2068 1912 2140 τὴ
1968 2063 1971 2070 '¹

265 2150 494 2221 ὄρχησιν
515 2154 916 2222 διαπεραίνειν-
955 2149 995 2220 ὁὶ,
1021 2149 1086 2223 δὴ
1107 2150 1329 2216 πάντως
1345 2159 1632 2223 μιμεῖσθαι
1648 2154 1861 2222 πρέπον
1879 2147 1915 2206 ὀὶ
1968 2163 1969 2166 ’

267 2240 349 2303 εἴη
370 2233 576 2303 κόρους
593 2254 651 2288 τε
671 2232 785 2303 ἅμα
805 2235 895 2289 καὶ
924 2233 1108 2303 κόρας,
1129 2231 1232 2305 τὴν
1263 2240 1358 2304 τῆς
1385 2239 1528 2290 θεοῦ
1554 2233 1716 2304 χάριν
1744 2234 1976 2305 τιμῶν-ξἸ

267 2334 381 2383 τας,
414 2318 659 2383 πολέμου
694 2313 747 2369 τ’
775 2319 835 2370 ἐν
863 2320 1016 2389 χρείᾳ
1047 2317 1138 2371 καὶ
1167 2317 1376 2386 ἑορτῶν
1395 2317 1575 2372 ἕνεκα.
1605 2327 1718 2380 τοῖς
1748 2318 1810 2371 δέ
1839 2308 1976 2378 παῦ

267 2396 456 2450 παισὶν
489 2393 666 2459 εὐθύς
701 2416 759 2450 τε
788 2399 878 2451 καὶ
916 2396 1052 2451 ὅσον
1080 2393 1151 2451 ἂν
1176 2397 1382 2466 χρόνον
1410 2398 1574 2466 μήπω
1605 2402 1681 2460 εἰς
1703 2397 1952 2466 πόλεμον

269 2486 410 2548 ἴωσι,
433 2484 565 2532 πᾶσι
587 2485 742 2542 θεοῖς
777 2477 1088 2547 προσόδους
1114 2498 1172 2531 τε
1202 2479 1294 2532 καὶ
1330 2476 1550 2548 πομπὰς
1577 2480 1953 2548 ποιουμένους

268 2558 404 2631 μεθ’
431 2558 618 2615 ὅπλων
652 2581 710 2618 τε
737 2553 831 2615 καὶ
866 2562 1051 2615 ἵππων
1085 2556 1168 2614 ἀεὶ
1206 2568 1535 2631 κοσμεῖσθαι
1569 2563 1698 2616 δέον
1732 2557 1807 2615 ἄν
1843 2567 1941 2631 εἴη,

267 2644 512 2709 θάττους
529 2665 587 2700 τε
606 2646 696 2700 καὶ
715 2647 1057 2716 βραδυτέρας
1075 2645 1136 2698 ἐν
1155 2642 1408 2715 ὀρχήσεσι
1425 2647 1515 2699 καὶ
1536 2647 1597 2699 ἐν
1626 2647 1822 2715 πορείᾳ
1850 2641 1951 2714 τὰς

207 2746 243 2788 D
270 2729 499 2791 ἱκετείας
517 2731 885 2799 ποιουμένους
903 2726 1042 2797 πρὸς
1060 2728 1233 2793 θεούς
1251 2749 1308 2783 τε
1327 2730 1416 2784 καὶ
1437 2733 1595 2784 θεῶν
1615 2730 1813 2790 παῖδας
1825 2747 1836 2758 ·
1857 2720 1959 2786 καί

268 2805 484 2879 ἀγῶνας
504 2808 569 2881 δὴ
598 2812 689 2867 καὶ
708 2817 1038 2884 προαγῶνας
1057 2818 1110 2867 εἴ
1131 2832 1300 2866 τινων
1322 2810 1424 2867 οὐκ
1453 2811 1638 2867 ἄλλων
1667 2807 1704 2881 ἢ
1730 2804 1957 2865 τούτωύι
