1976 3172
698 119 1016 170 ΝΟΜΩΝ
1047 116 1103 176 ς’.
1635 116 1738 170 167

61 257 134 329 μὴ
154 257 332 328 μόνον
350 262 602 329 ἔμπειροι
624 258 731 325 τῆς
746 251 928 322 χώρας
954 255 1253 320 γίγνωνται
1271 250 1408 308 κατὰ
1431 255 1564 322 μίαν
1586 250 1742 321 ω’ραν

59 344 161 395 τοῦ
182 341 458 406 ἐνιαυτοῦ,
475 332 615 405 πρὸς
631 339 701 405 τῇ
716 331 868 404 χώρᾳ
894 332 957 387 δὲ
982 330 1098 403 ἅμα
1117 336 1210 389 καὶ
1226 339 1323 404 τῆς
1345 333 1492 403 ὥρας
1510 331 1742 405 ἑκάστης

58 422 184 489 περὶ
200 422 432 476 ἕκαστον
448 415 550 473 τὸν
564 415 741 472 τόπον
755 411 820 470 τὸ
838 414 1176 484 γιγνόμενον
1196 411 1271 479 ὡς
1296 422 1542 470 πλεῖστοι
1570 418 1741 471 κατα-ἶ

56 503 336 572 μάθωσιν,
356 503 415 556 οἰ
426 499 550 556 τότε
572 494 878 570 ἡγούμενοι
894 494 1064 551 πάλιν
1093 494 1531 568 ἀφηγείσθωσαν
1549 498 1625 559 εἰς
1642 494 1740 551 τόν

58 581 351 653 εὐώνυμον
365 578 451 635 ἀεὶ
467 577 902 650 μεταβάλλοντες
930 577 1124 647 τόπον,
1154 577 1257 642 ἕως
1285 572 1358 632 ἀν
1376 574 1438 631 τὰ
1470 575 1734 648 δεύτερον
1762 587 1796 628 Ε

57 667 413 730 διεξέλθωσιν
431 664 551 725 ἔτος
563 681 577 693 ·
613 665 693 733 τῷ
710 663 876 733 τρίτῳ
898 659 959 715 δὲ
977 656 1181 725 ἄλλους
1197 657 1549 729 ἀγρονόμους
1566 659 1740 728 αἰρετ-

53 750 192 799 σθαι
219 744 312 798 καὶ
331 741 728 813 φρουράρχους
744 738 881 806 τούς
907 743 1070 796 πέντε
1085 747 1212 798 τῶν
1242 740 1455 796 δώδεκα
1483 742 1742 809 ἐπιμελη-

52 825 162 889 τάς.
201 826 263 880 έν
281 825 342 880 δὲ
360 824 428 894 δὴ
458 835 577 888 ταῖς
603 827 907 895 διατριβαῖς
924 829 1003 897 τῷ
1020 823 1173 897 τόπῳ
1193 823 1404 896 ἑκάστῳ
1427 820 1530 893 τὴν
1549 823 1741 891 ἐπιμέ-

49 915 207 963 λειαν
216 906 358 962 εἶναι
368 906 591 962 τοιάνδε
606 906 748 975 τινά,
762 911 987 976 πρῶτον
1003 908 1105 975 μὲν
1124 904 1276 970 ὅπως
1286 900 1565 976 εὐερκὴςὴ
1583 901 1739 974 χω’ρα

47 986 191 1061 πρὸς
207 987 340 1053 τοὺς
366 992 665 1057 πολεμίους
688 985 721 1041 ὅ
738 1008 792 1042 τι
818 985 1053 1057 μάλιστα
1080 990 1247 1056 ἔσται,
1268 983 1653 1056 ταφρεύοντάς
1678 1004 1738 1039 τε

51 1068 158 1124 ὅσα
184 1064 258 1124 ἀν
285 1069 491 1124 τούτου
519 1072 616 1141 δέῃ
645 1070 736 1124 καὶ
763 1066 1224 1133 ἀποσκάπτοντας
1251 1070 1344 1123 καὶ
1375 1067 1737 1138 ἑνοικοδομή-
1774 1124 1785 1131 ,

49 1168 221 1223 μασιν
252 1156 329 1217 εἰς
352 1150 596 1223 δύναμιν
623 1159 918 1223 εἴργοντας
951 1149 1082 1215 τούς
1110 1153 1521 1221 ἐπιχειροῦντας
1543 1146 1739 1206 ὁτιοῦν

48 1233 156 1304 τὴν
189 1234 382 1303 χώραν
415 1235 509 1289 καὶ
542 1231 609 1289 τά
647 1233 897 1302 κτήματα
936 1244 1290 1302 κακουργεῖν,
1323 1235 1641 1303 χρωμένους
1679 1228 1732 1286 δ’

38 1313 372 1384 4ὑποζυγίοις
389 1317 482 1371 καὶ
498 1326 614 1380 τοῖς
632 1316 867 1379 οἰκέταις
885 1325 1000 1378 τοῖς
1017 1317 1080 1369 έν
1097 1336 1173 1387 τῳ
1198 1314 1351 1387 τόπῳ
1372 1314 1579 1387 ἑκάστῳ
1600 1310 1740 1397 πρὸς
1764 1322 1855 1369 761

49 1404 242 1467 ταῦτα,
283 1393 360 1452 δι’
397 1399 631 1453 ἐκείνων
669 1401 987 1466 ποιοῦντας,
1025 1370 1256 1462 ἐκείνοις
1291 1388 1738 1464 ἐπιστατοῦντας,

51 1483 165 1533 τᾶν
182 1481 405 1534 οἰκείων
422 1482 603 1549 ἔργων
622 1475 812 1532 αὐτων
838 1474 1091 1548 ἀργίας”
1058 1497 1088 1531 ο
1119 1499 1172 1531 τι
1190 1475 1427 1547 μάλιστα
1447 1481 1741 1548 ἐκλεγομέ-

51 1579 203 1623 νους.
241 1556 492 1630 δύσβατα
520 1558 581 1615 δὲ
612 1556 680 1628 δὴ
700 1558 884 1613 πάντα
915 1568 1095 1612 ποιεῖν
1121 1568 1235 1623 τοῖς
1270 1558 1511 1629 ἐχθροῖς,
1542 1568 1656 1622 τοῖς
1679 1560 1741 1612 δὲ

49 1645 235 1711 φίλοις
252 1638 288 1695 ὅ
302 1662 356 1696 τι
372 1639 609 1711 μάλιστα
628 1637 836 1711 εὔβατα
860 1637 1186 1709 ἀνθρώποις
1211 1659 1271 1695 τε
1301 1640 1393 1695 καὶ
1421 1637 1740 1710 ὑποζυγίοις

46 1726 143 1780 καὶ
172 1722 536 1794 βοσκήμασιν,
565 1720 719 1778 ὁδῶν
737 1742 796 1777 τε
823 1722 1308 1792 ἐπιμελουμένους,
1339 1721 1491 1787 ὅπως
1511 1718 1584 1787 ὥς
1601 1718 1739 1793 ἡμε-

48 1804 290 1878 ρώταται
312 1806 539 1861 ἕκασται
561 1810 881 1876 γίγνωνται,
905 1806 1130 1860 καὶτῶν
1147 1806 1208 1860 ἐκ
1226 1801 1366 1870 Διὸς
1384 1802 1623 1875 ὑδάτων,
1643 1807 1739 1860 ἵνα

45 1885 152 1958 τὴν
168 1887 357 1959 χώραν
375 1889 450 1959 μὴ
469 1893 774 1959 κακουργῇ,
794 1893 1010 1957 μᾶλλον
1028 1885 1079 1942 δ’
1109 1885 1298 1959 ω’φελῇ
1317 1889 1515 1960 ῥέοντα
1541 1890 1601 1943 ἐκ
1620 1894 1735 1943 τῶν
1767 1900 1800 1941 Β

0 2028 1 2035 ,
48 1966 285 2039 ὑψηλῶν
301 1973 380 2035 εἰς
402 1968 499 2035 τάς
525 1972 589 2025 ἐν
614 1982 728 2035 τοῖς
751 1969 908 2040 ὄρεσι
936 1970 1119 2035 νάπας
1147 1969 1274 2026 ὅσαι
1295 1977 1492 2039 κοῖλαι,
1512 1967 1612 2034 τὰς
1642 1970 1736 2024 έκ-

0 2084 3 2103 .
48 2052 185 2119 ροάς
206 2049 700 2122 αὐτῶνείργοντας
719 2051 1126 2123 οἰκοδομήμασί
1137 2072 1196 2107 τε
1216 2052 1307 2106 καὶ
1326 2049 1734 2122 ταφρεύμασιν,

0 2164 2 2175 v
48 2130 203 2196 ὅπως
221 2128 296 2187 ἀν
312 2130 380 2187 τά
397 2134 550 2200 παρὰ
575 2138 680 2188 τοῦ
697 2130 836 2198 Διὸς
855 2130 1032 2188 ὕδατα
1059 2132 1491 2204 καταδεχόμεναι
1518 2134 1611 2189 καὶ
1641 2137 1737 2188 πί·-

0 2240 2 2249 ·
46 2229 265 2284 νουσαι,
288 2224 401 2279 τοῖς
427 2213 799 2272 ὑποκάτωθεν
828 2212 1018 2286 ἀγροῖς
1044 2236 1103 2271 τε
1132 2216 1226 2271 καὶ
1255 2214 1447 2280 τόποις
1476 2220 1612 2271 πασι
1630 2213 1737 2270 νά-

46 2316 190 2367 ματα
210 2298 303 2352 καὶ
330 2298 542 2386 κρήνας
569 2305 846 2369 ποιοῦσαι,
877 2300 968 2355 καὶ
996 2296 1129 2363 τούς
1156 2297 1609 2371 αὐχμηροτάτους
1638 2297 1735 2353 τό·-

0 2415 1 2421 ,
49 2394 190 2443 me
208 2365 566 2448 πολυύδρους
581 2402 643 2437 τε
669 2382 762 2438 καὶ
798 2379 1075 2451 εὐύδρους
1103 2380 1548 2454 ἀπεργάζωνται·
1581 2380 1649 2437 τά
1676 2401 1735 2437 τε

54 2468 256 2525 πηγαῖα
282 2457 478 2532 ῦδατα,
501 2461 600 2519 ἐάν
616 2464 679 2520 τέ
695 2486 776 2530 τις
797 2462 1042 2536 ποταμὸς
1059 2464 1158 2521 ἐάν
1176 2486 1235 2522 τε
1254 2467 1345 2522 καὶ
1364 2464 1541 2538 κρήνη
1560 2457 1615 2537 ᾗ,
1635 2485 1736 2520 κο-

56 2542 324 2607 “mle
342 2543 660 2617 φυτεύμασί
675 2567 732 2603 τε
751 2549 843 2603 καὶ
870 2546 1306 2619 οἰκοδομήμασιν
1329 2546 1732 2618 εὐπρεπέστερα
1767 2546 1797 2587 C

54 2621 145 2674 καὶ
163 2619 496 2691 συνάγοντες
512 2633 852 2697 μεταλλείαις
874 2628 1091 2700 νάματα
1108 2629 1289 2685 πάντα
1309 2627 1540 2702 αφθονα
1560 2634 1734 2685 ποιῶ-

54 2715 147 2756 σιν
165 2696 407 2771 &velate
427 2725 486 2763 τε
503 2706 637 2765 καθ’
659 2710 889 2777 ἑκάστας
907 2712 1005 2777 τάς
1035 2733 1198 2780 ωρας,
1221 2719 1276 2769 εἴ
1288 2717 1345 2768 τί
1370 2732 1480 2769 που
1510 2710 1676 2775 ἄλσος
1695 2705 1733 2779 ἢ

52 2785 276 2853 ‘llll-'vos
293 2785 416 2855 mol
434 2792 605 2846 ταῦτα
626 2788 917 2865 ἀνειμένον
943 2787 995 2866 ᾖ,
1026 2792 1091 2849 τά
1112 2794 1355 2865 ῥεύματα
1376 2794 1628 2866 ἀφιέντες
1657 2796 1734 2858 εἰς
