1976 3172
85 116 89 118 ’
164 119 239 147 xvx
861 112 1248 156 PRAEFATIO.

163 234 270 275 opus
294 227 356 262 est
388 233 466 261 nec
497 222 634 263 forma
663 217 806 276 μικρὰ
836 224 1024 275 offendit,
1055 226 1113 267 cf.
1141 225 1343 272 Schneid.
1375 229 1431 270 ad
1460 229 1607 284 Remp.
1630 231 1679 276 T.
1702 234 1734 273 I.
1765 246 1808 286 p.
1842 234 1953 284 287;

161 281 305 330 itaque
327 277 629 333 elegantiorem
655 286 910 323 structuram
927 282 1107 325 libenter
1128 285 1320 337 praetuli.
1343 307 1401 317 -—
1419 285 1464 327 P.
1489 286 1571 329 831
1597 287 1632 327 E
1661 280 1780 329 ἐῶσα
1800 290 1956 331 frustra

165 335 387 401 defensum
419 349 446 377 a
481 336 738 379 Winckelm.
771 339 827 380 ad
860 340 1042 394 Euthyd.
1075 353 1138 395 P..
1157 343 1275 391 XIII,
1315 343 1415 395 quia
1445 351 1542 398 post
1573 347 1827 388 antecedens
1855 344 1955 387 δια-

96 434 98 436 ,
163 392 404 434 κωλυουσα
433 400 506 435 aut
533 395 811 450 incongruum
840 403 912 437 aut
941 410 1303 451 supervacaneum
1336 407 1422 450 est,
1465 414 1515 442 eo
1551 403 1743 444 securius
1775 405 1954 445 circum-

163 451 338 505 scripsi,
379 463 461 503 quo
491 452 757 495 manifestius
791 455 883 507 ejus
925 457 1045 508 origo
1081 468 1136 496 ex
1173 458 1568 509 circumiacentibus
1607 459 1784 514 syllabis
1813 467 1954 514 patet;

162 521 263 549 mox
288 514 430 550 autem
456 521 499 562 p.
529 509 615 552 832
637 511 677 552 A
707 511 869 565 Megilli
897 524 1051 552 nomen
1078 525 1155 565 pro
1176 512 1312 554 Clinia
1340 515 1406 556 bis
1436 517 1659 566 substitui,
1692 518 1799 570 quia.
1820 530 1956 569 neque

162 565 275 606 hunc
306 567 371 608 bis
403 563 624 634 δευτέραν
646 561 804 608 αἰτίαν
824 582 870 609 re
899 570 1038 609 uirere
1059 569 1199 619 decet,
1231 577 1272 611 et
1293 571 1503 625 plurales,
1534 575 1686 625 quibus
1706 587 1807 615 mox
1827 574 1957 615 Athe-

162 623 323 664 niensis
360 625 514 675 utitur,
554 637 591 665 ω
628 622 753 675 ξένοι
789 632 830 666 et
891 620 1177 679 πεπλήξατε,
1213 633 1437 679 utrumque
1474 636 1598 670 antea
1640 630 1826 672 locutum
1865 643 1957 672 esse

164 681 405 722 ostendunt.
438 705 496 714 --
519 683 566 725 P.
597 682 683 725 833
713 684 746 723 B
764 675 926 736 ’Ἄρεως
952 683 984 723 Ρ
1017 690 1058 724 et
1081 683 1135 734 V,
1157 677 1308 737 Ἄρεος
1338 685 1439 726 BST
1469 688 1566 726 cum
1595 687 1873 729 deterioribus
1904 688 1956 727 li-

162 738 252 778 bris
284 739 625 791 optimorumque
655 742 980 790 correctoribus;
1023 741 1215 782 firmatur
1244 743 1375 796 igitur
1409 741 1479 783 hic
1508 756 1676 795 quoque
1711 742 1960 784 Schneideri

160 796 373 848 judicium
402 797 431 841 l.
458 811 492 838 c.
522 798 570 838 T.
597 798 669 838 III.
697 811 741 851 p.
766 797 852 840 390
873 798 924 847 C,
956 800 1072 850 quod
1093 798 1172 840 hac
1197 801 1241 839 in
1267 812 1372 840 voce
1389 799 1546 852 ubique
1569 805 1738 842 secutus
1769 814 1879 843 sum.
1902 821 1962 830 -—

163 853 212 897 P.
246 852 334 895 834
364 855 397 894 E
427 845 557 901 ὅπως
587 854 689 896 VBS
719 869 816 896 cum
847 857 987 906 libris,
1018 848 1146 902 ὅπως
1174 846 1234 896 ἂν
1261 857 1296 896 Τ
1324 857 1593 908 cum.Astio,
1621 863 1731 899 recte
1762 859 1959 907 fortasse,

163 920 248 951 non
278 917 421 953 tamen
451 918 498 953 ut
520 914 760 954 necessario
790 915 1052 966 requiratur;
1081 914 1137 958 of.
1169 914 1308 955 Herm.
1331 915 1510 968 Opuscc.
1536 916 1586 956 Τ.
1610 916 1683 960 lv.
1710 928 1753 969 p.
1785 914 1880 957 118.
1902 938 1960 948 -·-

164 969 212 1009 P.
241 967 327 1011 836
355 970 388 1010 Β
420 962 513 1022 πρὸ
543 967 696 1012 Λαΐου
721 970 817 1025 VB,
858 965 958 1024 wod
986 970 1070 1011 τοῦ
1105 968 1260 1012 Λαΐου
1292 971 1356 1012 ST
1390 985 1487 1013 cum
1519 973 1700 1021 duobus,
1722 972 1844 1014 codd.
1877 983 1962 1011 non

166 1027 361 1079 optimis,
405 1040 646 1079 quanquam
685 1033 827 1069 vetere
867 1028 1177 1083 dittographia,
1219 1031 1258 1070 si
1287 1030 1461 1081 quidem
1487 1030 1518 1070 P
1549 1036 1591 1071 et
1623 1029 1668 1070 Ω
1703 1029 1843 1075 solum
1879 1025 1963 1069 τοῦ

164 1081 317 1124 Λαΐου
350 1084 529 1133 habent;
571 1085 671 1126 hinc
699 1091 843 1126 tamen
882 1099 1013 1136 quum
1049 1087 1170 1138 ipsae
1208 1087 1471 1139 corruptelae
1512 1100 1640 1129 causa
1671 1092 1838 1140 pateat,
1879 1082 1962 1124 τοῦ

165 1141 507 1182 circumscribere
545 1148 658 1182 certe
686 1155 771 1183 non
809 1142 1013 1183 dubitavi.
1047 1143 1283 1183 Articulum
1316 1143 1419 1183 talia
1454 1155 1539 1184 non
1567 1155 1744 1196 poscere
1777 1142 1962 1184 ostendit

163 1197 273 1237 Plut.
301 1198 355 1238 V.
382 1198 556 1238 Aristid.
587 1212 623 1239 c.
655 1199 700 1239 1:
732 1196 817 1250 τῆς
846 1191 947 1250 μετ’
969 1191 1233 1251 Εὐκλείδην
1263 1190 1377 1239 ὄντα
1406 1198 1742 1252 γραμματικῆς.
1768 1221 1825 1229 —-
1852 1199 1960 1240 Ibid.

163 1251 295 1306 μῖξιν
325 1268 402 1309 pro
438 1252 591 1307 μίξιν,
632 1256 747 1307 quod
776 1254 923 1297 Stallb.
959 1255 1126 1309 passim
1153 1257 1198 1296 in
1223 1255 1439 1306 Philebo,
1461 1257 1598 1298 Turic.
1632 1259 1719 1310 ipsi
1749 1256 1869 1309 Reip.
1902 1257 1957 1298 V.

165 1313 192 1352 7
223 1318 331 1357 extr.
364 1313 656 1360 restituerunt,
687 1325 771 1353 non
804 1314 1064 1354 constantiae
1095 1314 1232 1367 magis
1261 1307 1389 1364 quam
1418 1315 1572 1354 rationi
1604 1315 1831 1362 debebam;
1865 1324 1961 1352 meo

166 1375 307 1410 autem
334 1370 525 1424 periculo
554 1363 598 1410 εἰ
628 1375 725 1410 ante
752 1365 836 1410 ’καὶ
867 1371 1048 1420 inserui,
1093 1371 1194 1421 quia
1223 1370 1305 1411 hoc
1335 1372 1397 1411 sic
1425 1371 1538 1412 nude
1567 1372 1752 1423 positum
1790 1371 1961 1422 opposi-

163 1428 323 1469 tionem
364 1440 460 1468 cum
498 1428 844 1468 antecedentibus
879 1427 1212 1479 haudquaquam
1247 1430 1353 1468 satis
1394 1427 1609 1468 declarare
1638 1426 1873 1468 videbatur.
1907 1446 1965 1456 -—

128 1489 134 1491 “
163 1485 211 1524 Ρ.
236 1483 322 1526 836
355 1483 386 1525 G
415 1485 578 1538 τηρεῖν
603 1486 635 1526 Ρ
667 1484 715 1525 οἳ.
737 1485 793 1534 Β,
823 1481 1066 1538 διατηρεῖν
1091 1484 1218 1533 VST;
1249 1485 1579 1538 praepositionis
1608 1490 1750 1526 tamen
1780 1484 1964 1525 retinen—

167 1543 248 1583 dae
278 1555 363 1583 non
396 1543 615 1584 meliorem
647 1555 819 1584 causam
845 1543 935 1583 vidi
967 1547 1094 1594 quam
1124 1555 1168 1595 p.
1203 1541 1288 1583 746
1315 1543 1373 1595 E,
1403 1543 1477 1583 ubi
1509 1543 1653 1585 Turic.
1682 1546 1796 1583 recte
1825 1542 1962 1582 solum

164 1594 347 1639 τάττειν
377 1613 454 1654 pro
488 1593 751 1641 διατάττειν
781 1606 1041 1654 receperunt.
1071 1622 1130 1630 —
1160 1601 1209 1644 P.
1242 1598 1328 1642 837
1355 1600 1390 1640 D
1423 1592 1591 1652 ἀρετῆς
1620 1599 1675 1648 Ρ,
1708 1591 1875 1651 αἱρετῆς
1894 1607 1963 1638 ,τε

165 1656 504 1711 VBSTpraeter
533 1659 841 1699 necessitatem.
868 1681 927 1688 -
952 1659 999 1702 P.
1028 1657 1115 1700 838
1143 1656 1175 1698 C
1197 1649 1422 1710 λεγόμενα
1449 1658 1487 1698 Η
1516 1670 1571 1698 ex
1597 1657 1775 1709 conject.
1806 1654 1964 1703 Orellii,

166 1710 387 1769 λεγομένῃ
419 1715 540 1769 libri,
575 1717 645 1756 cui
667 1717 759 1769 Jam
787 1717 932 1769 Astius
963 1711 1222 1769 λεγομένων
1251 1716 1482 1757 substituit.
1513 1739 1573 1747 ——
1603 1716 1652 1758 P.
1686 1712 1773 1756 838
1804 1714 1837 1753 Ε
1865 1709 1965 1758 πῶς

165 1772 202 1812 H
230 1784 326 1814 cum
355 1774 522 1827 Ficino,
554 1764 683 1820 ὅπως
713 1773 835 1822 libri,
877 1774 991 1825 quod
1021 1773 1078 1815 ad
1108 1773 1324 1814 metuendi
1353 1772 1708 1827 significationem
1743 1775 1963 1816 revocant;

168 1836 212 1871 at
241 1824 590 1886 ὑπολαμβάνειν
628 1831 880 1884 plerumque
910 1836 1068 1872 rectam
1099 1831 1471 1884 interrogationem
1499 1831 1696 1883 respicit3
1735 1827 1791 1871 cf.
1827 1827 1857 1868 l·
1888 1828 1961 1866 VI·

167 1901 206 1928 c.
235 1889 318 1942 22,
349 1889 441 1929 VII.
471 1903 507 1930 c.
538 1890 617 1938 14,
649 1889 724 1929 ΙΧ.
755 1902 789 1928 c.
823 1886 899 1938 13,
928 1887 1054 1942 Gorg.
1081 1901 1118 1931 c.
1147 1889 1175 1930 5
1202 1893 1306 1929 extr.
1339 1909 1398 1918 —
1426 1889 1474 1932 P.
1501 1886 1587 1929 839
1602 1887 1648 1927 ·Ἀ
1677 1874 1734 1926 οὗ
1758 1878 1826 1938 μή
1855 1894 1967 1923 ποτε

167 1944 274 1986 VBS
305 1958 403 1986 oum
444 1946 588 1997 libris,
628 1935 684 1986 οὗ
716 1938 774 1985 ου’
802 1939 870 1998 μή
898 1956 1011 1986 ποτε
1041 1947 1075 1986 Τ
1107 1957 1203 1986 cum
1230 1945 1350 1986 Astio
1383 1945 1599 1998 eleganter
1637 1944 1717 1985 sed
1747 1942 1866 1983 nulla·
1894 1954 1966 1982 ne-

169 2003 391 2053 cessitate,
425 2016 555 2056 quum
594 2009 691 2057 post
721 2003 899 2044 relativa
933 2004 1060 2044 etiam
1099 1995 1162 2055 μὴ
1195 2002 1337 2043 locum
1368 2002 1547 2050 habeat;
1581 2001 1638 2041 cf.
1666 2000 1887 2063 Baumlein
1922 1999 1964 2037 in

168 2060 370 2100 Zeitschr.
401 2060 431 2101 f.
463 2062 504 2104 d.
533 2060 713 2104 Alterth.
749 2059 878 2110 1847,
909 2073 953 2113 p.
992 2060 1077 2102 787
1109 2061 1433 2112 proximumque
1465 2057 1707 2111 exemplum
1746 2048 1795 2095 ἐν
1830 2068 1860 2110 ῃ
1901 2049 1964 2106 μὴ

168 2110 353 2171 βούλοιο
384 2109 465 2166 ἄν,
488 2119 551 2158 'in
587 2131 671 2169 quo
706 2118 787 2158 hoc
823 2123 988 2158 tantum
1022 2116 1128 2158 mihi
1166 2118 1347 2171 indulsi,
1388 2123 1436 2157 ut
1467 2129 1564 2157 cum
1597 2115 1692 2155 cod.
1719 2112 1891 2154 Ricard.
1926 2117 1967 2151 et

168 2188 278 2218 corr.
311 2172 379 2223 a,
421 2175 495 2225 qui
529 2177 701 2227 saepius
733 2188 827 2215 cum
861 2175 954 2216 Par.
985 2175 1190 2224 concinit,
1223 2174 1454 2215 secundam
1475 2184 1706 2228 personam
1733 2183 1811 2224 pro
1840 2170 1968 2210 tertia

169 2227 383 2289 βούλοιτο
404 2232 718 2280 substituerem,
752 2233 821 2271 cui
841 2237 938 2271 ante
962 2227 1037 2271 σοὶ
1063 2232 1181 2273 locus
1204 2242 1289 2272 non
1318 2232 1456 2273 datur.
1491 2230 1554 2271 Ne
1578 2231 1690 2273 enim
1709 2219 1967 2278 τό-σπαρὲν

166 2303 248 2344 pro
277 2291 470 2343 subJecto
501 2288 687 2339 habeas,
720 2293 767 2328 ut
798 2287 1062 2341 significetur
1082 2289 1128 2328 id
1155 2289 1269 2339 quod
1292 2287 1421 2340 hujus
1453 2286 1586 2327 indoli
1613 2286 1868 2326 contrarium
1893 2289 1966 2323 aut

167 2350 453 2401 incongruum
479 2347 548 2394 sit,
581 2352 622 2386 et
646 2345 764 2386 verbi
793 2346 859 2385 vis
887 2350 1025 2396 vetat,
1053 2357 1131 2397 pro
1160 2357 1243 2395 quo
1274 2344 1318 2383 iu
1346 2344 1423 2384 tali
1448 2342 1754 2397 significatione
1786 2332 1967 2381 ἐθέλειν

171 2407 314 2460 potius
343 2404 638 2457 usurpandum
669 2402 804 2443 fuisse
834 2402 956 2443 docet
987 2403 1141 2445 Buttm.
1178 2400 1327 2441 Lexil.
1347 2401 1406 2444 T..
1431 2401 1463 2443 I.
1497 2412 1543 2453 Ρ.
1573 2399 1644 2449 28,
1672 2404 1714 2440 et
1743 2400 1839 2451 ipsa
1869 2410 1967 2438 sen-

170 2464 325 2513 tentia,
357 2463 396 2502 si
428 2461 602 2513 quidem
629 2460 835 2501 feminina
859 2465 1030 2509 natura,
1063 2459 1107 2499 in
1135 2471 1218 2510 qua
1241 2464 1381 2497 satum
1412 2469 1598 2498 crescere
1630 2456 1755 2504 nolit,
1788 2455 1967 2508 cogitari

171 2523 247 2562 vix
271 2525 434 2574 potest3
466 2517 652 2559 hominis
674 2517 1017 2571 igitur'voluntas
1036 2517 1272 2570 respicitur,
1302 2516 1375 2566 qui
1400 2516 1437 2555 si
1457 2515 1588 2556 solius
1612 2513 1856 2567 voluptatis,
1882 2525 1968 2552 non

173 2580 402 2620 liberorum
433 2577 774 2628 quaerendorum
795 2587 926 2616 causa
944 2587 1038 2615 cum
1065 2573 1242 2615 muliere
1266 2578 1528 2625 consuescat,
1559 2571 1723 2625 prolem
1754 2571 1833 2612 sibi
1867 2571 1965 2610 inde

171 2637 292 2677 nasci
322 2635 443 2677 nolit.
472 2656 531 2665 —
554 2634 599 2675 P.
637 2632 723 2675 839
754 2635 788 2674 D
818 2626 1055 2673 δύνασθαι
1078 2637 1176 2685 post
1207 2624 1411 2670 δυνατὸν
1438 2624 1821 2676 εἶναιεδιιηᾶαῐιε,
1852 2627 1967 2679 quod

172 2694 334 2734 frustra
360 2693 567 2746 exemplis
599 2693 650 2732 ab
680 2691 762 2732 hoc
791 2691 881 2732 loco
913 2690 1061 2731 alienis
1089 2690 1233 2730 Ast-ius
1262 2688 1473 2741 defendit,
1508 2687 1831 2739 circumscripsi,
1868 2697 1965 2724 ean-

177 2752 358 2802 demque
395 2751 604 2792 medelam
632 2751 726 2802 ipso
758 2750 878 2789 Astio
910 2755 951 2788 et
982 2747 1256 2788 Stallbaumio
1285 2747 1585 2799 praeeuntibus
1618 2757 1661 2798 p.
1692 2742 1778 2784 840
1807 2743 1841 2781 E
1867 2753 1976 2794 par-‹

172 2808 328 2849 riculae
360 2819 408 2848 τε
443 2810 551 2849 inter
579 2803 688 2853 τοὺς
727 2799 890 2853 ἄλλους
927 2818 1151 2860 perperam
1180 2806 1364 2844 intrusae
1404 2804 1601 2853 adhibui;
1634 2801 1790 2842 ibidem
1814 2806 1963 2864 ‚autem

174 2859 238 2911 ὥς
267 2878 344 2919 pro
375 2853 441 2906 ὦν
471 2878 655 2918 moxque
689 2862 960 2917 φιλονικίαν
987 2876 1062 2918 pro
1095 2860 1388 2915 φιλονεικίαν
1421 2868 1462 2902 et
1489 2852 1690 2901 Ἀστύλον
1717 2869 1794 2910 pro
1823 2855 1960 2896 Αστυ-
