1976 3172
241 149 350 202 186
856 146 1031 192 ΠΛΑ
1048 144 1214 193 ΤΩΝ
1233 110 1335 192 οΣ

239 304 335 348 νος
355 279 759 352 ἐμμελεστάτην
779 276 977 334 οὐσίαν
995 283 1252 349 κεκτῇτο;
1274 276 1340 332 τὰ
1363 276 1464 347 μὲν
1483 269 1588 332 οὖν
1600 275 1777 333 πολλὰ
1798 277 1926 334 οὔτε

238 368 439 435 νοῆσαι
467 359 708 433 χαλεπὸν
738 359 867 416 οὔτε
902 360 1230 431 κτήσασθαι,
1261 358 1325 415 τὰ
1359 359 1418 416 δὲ
1454 358 1521 430 δὴ
1555 365 1671 415 ταῖν
1696 364 1926 417 οἰκετῶν

180 469 213 510 C
242 442 454 517 χαλεποὶ
472 441 767 514 πάντη.τὸ
796 439 860 498 δ’
879 450 1057 498 αἴτιον
1074 439 1177 498 οὐκ
1198 439 1389 510 ὀρθῶς
1413 461 1529 539 πως
1548 447 1646 497 καί
1655 464 1778 498 τινα
1797 443 1928 513 τρό-
1959 479 1970 512 ·;

239 546 350 583 πον
370 524 559 597 ὄρθως
576 525 703 597 περὶ
721 521 911 579 αὐτῶν
931 528 1188 596 λέγομεν·
1224 526 1446 580 ἐναντία
1463 521 1572 594 γάρ
1590 535 1707 590 ταῖς
1724 530 1926 595 χρείαις
1956 531 1973 579 ἑὲ

238 609 330 664 καὶ
368 604 508 662 κατὰ
544 604 644 672 τὰς
670 610 855 678 χρείας
882 627 956 660 αν
981 604 1295 676 ποιούμεθα
1330 607 1457 676 περὶ
1487 605 1708 662 δούλων
1738 607 1828 661 καὶ
1858 603 1963 660 τά
1960 591 1976 635 ‚⁸

240 686 530 759 λεγόμενα.
1960 684 1976 743 ἔ

380 774 511 824 ΜΕ.
548 775 680 833 Παῖς
699 767 754 823 δ’
776 762 850 823 αὖ
868 773 1031 842 τοῦτο
1052 771 1312 839 λέγομεν;
1351 766 1420 824 ού
1446 769 1555 840 γάρ
1587 787 1672 823 πω
1699 765 1954 838 μανθά-
1961 804 1963 806 -

239 871 430 920 νομεν,
456 871 499 904 ω
481 843 701 918 ς’.ξένε,
679 848 712 903 o'
728 870 781 903 τι
797 848 863 903 τὰ
882 855 992 905 νῦν
1011 850 1246 919 φράζεις.
1967 857 1976 900 t

378 937 498 986 ΑΘ.
535 930 644 985 Καὶ
665 929 815 999 μάλα
842 950 922 1000 γε,
956 951 1000 984 ω
979 923 1280 1000 ςΜέγιλλε,
1311 931 1559 996 εἰκότως·
1590 931 1786 1002 σχεδόν
1817 931 1976 1002 γάρΙ
1962 962 1976 1011 'ae

238 1013 470 1069 πάντων
480 1018 594 1093 τῶν
605 1008 927 1084 Ἑλλήνωνὴ
943 1014 1397 1082 Λακεδαιμονίων
1408 1015 1654 1068 εἱλωτεία
1667 1018 1928 1083 πλείστην
1973 1061 1976 1067 .

240 1094 480 1166 ἀπορίαν
497 1092 835 1167 παράσχοιτ’
866 1089 940 1149 ἀν
969 1095 1062 1149 καὶ
1088 1096 1208 1163 ἔριν
1234 1103 1346 1158 τοῖς
1375 1092 1478 1163 μεν
1507 1090 1581 1158 ὥς
1619 1087 1701 1164 εὖ,
1734 1105 1847 1158 τοῖς
1870 1092 1922 1148 δ’
1964 1101 1976 1127 ¹

239 1198 313 1242 ως
333 1175 444 1232 οὐκ
466 1197 532 1232 ευ
561 1175 827 1247 γεγονυῖά
850 1178 1022 1232 ἐστιν·
1062 1174 1267 1231 ἐλάττω
1292 1173 1404 1231 δὲ
1377 1172 1417 1245 η’
1442 1195 1501 1230 τε
1528 1171 1926 1245 ‘Hpaxkecovcov
1962 1154 1976 1255 ’ξ

173 1267 207 1309 D
241 1262 466 1315 δουλεία
493 1264 590 1330 τῆς
619 1264 735 1315 τῶν
753 1261 1181 1327 Μαριανδυνωυ
1207 1252 1677 1323 καταδουλώσεως
1709 1253 1882 1327 ἔριν
1856 1256 1928 1313 άν

122 1347 134 1350 ”
237 1344 367 1412 ἔχοι,
388 1340 450 1396 τὸ
465 1346 759 1398 Θετταλῶν
776 1338 817 1395 τ’
840 1342 912 1395 αὐ
934 1339 1260 1395 πενεστικὸν
1272 1345 1464 1404 ἔθνος·
1487 1335 1603 1403 εἰς
1580 1337 1616 1394 ἀ
1635 1342 1726 1395 καὶ
1744 1339 1926 1394 πάντα

237 1421 305 1476 τὰ
334 1443 566 1477 τοιαυτα
595 1424 906 1492 βλέψαντας
941 1419 1097 1491 ἡμᾶς
1120 1426 1178 1475 τί
1198 1418 1300 1523 χρὴ
1328 1431 1507 1476 ποιεῖν
1529 1424 1654 1492 περὶ
1683 1420 1926 1492 κτήσεως

237 1507 497 1568 οἰκετων;
537 1499 565 1558 ὁ
559 1501 656 1573 δὴ
679 1501 897 1574 παρἰὠν
921 1523 998 1557 τω
1029 1500 1177 1576 λόγω
1199 1506 1397 1572 ἔτυχον
1418 1501 1606 1573 εἰπών,
1638 1503 1730 1557 καὶ
1759 1501 1832 1556 σύ
1858 1521 1925 1570 με

237 1585 461 1650 εἰκότως
478 1591 534 1641 τί
546 1604 679 1641 ποτε
699 1585 962 1656 φράζοιμι
979 1582 1287 1656 ἠρωτησας,
1303 1584 1428 1639 τόδ’
1451 1586 1626 1639 ἐστίν·
1665 1591 1826 1654 ἴσμεν
1843 1582 1928 1638 ὅτι
1971 1588 1976 1649 j

235 1685 346 1722 που
363 1669 567 1732 πάντες
578 1663 861 1737 εἴποιμεν’
836 1665 925 1738 α’ν,
942 1688 1018 1732 ως
1033 1665 1135 1738 χρὴ
1153 1666 1393 1733 δούλους
1407 1662 1479 1730 ὦς
1495 1662 1976 1751 εύμενεστάτονςξ

236 1750 504 1819 ἐκτῆσθαι
524 1751 615 1804 καὶ
635 1747 919 1818 ἀρίστους·
955 1749 1150 1804 πολλοὶ
1177 1746 1286 1818 γάρ
1316 1746 1579 1818 ἀδελφῶν
1605 1746 1712 1818 ἤδη
1735 1750 1971 1803 δοῦλοι’
1967 1759 1976 1819 ξ’

235 1832 328 1885 καὶ
359 1833 530 1886 υἱέων
557 1831 667 1886 τισὶ
699 1837 982 1900 κρείττους
1008 1829 1148 1902 πρὸς
1178 1828 1382 1900 ἀρετὴν
1417 1834 1620 1884 πᾶσαν
1632 1827 1925 1899 γενόμενοι
1970 1831 1976 1903 j

174 1923 209 1964 E
240 1911 516 1966 σεσώκασι
551 1913 822 1979 δεσπότας
850 1914 943 1968 καὶ
978 1913 1227 1984 κτήματα
1252 1911 1349 1977 τάς
1378 1933 1436 1967 τε
1470 1912 1709 1983 οἰκήσεις
1740 1909 1927 1965 αὐτῶν
1974 1906 1976 1955 ἶ

236 1990 381 2058 ὅλας.
405 1999 580 2048 ταῦτα
597 1991 706 2064 γὰρ
728 2001 888 2064 ἴσμεν
905 2015 1016 2050 που
1035 1996 1159 2064 περὶ
1180 1994 1402 2051 δούλων
1422 1994 1708 2065 λεγόμενα.
1970 1976 1976 2035 ¹³

375 2080 506 2131 ME.
553 2075 772 2146 Τιμήυ;
1595 2146 1606 2154 .

376 2164 494 2212 ΑΘ.
535 2155 763 2214 Οὐκοῦν
783 2160 876 2214 καὶ
893 2156 1240 2226 τούναντίον,
1272 2156 1345 2224 ὦς
1373 2157 1522 2229 ὑγιὲς
1552 2155 1719 2214 οὐδὲν
1748 2163 1925 2228 ψυχῆς

237 2236 439 2307 δούλης
474 2239 605 2294 οὐδὲ
640 2240 920 2296 πιστεύειν
948 2239 1210 2297 οὐδέποτ’
1248 2239 1416 2297 οὐδὲν
1443 2245 1522 2315 τῷ
1539 2243 1687 2312 γένει
1717 2243 1799 2295 δεῖ
1827 2238 1926 2294 τὸν

233 2323 377 2373 νοῦν
396 2322 766 2389 κεκτημένον;
794 2319 822 2376 ὁ
847 2324 907 2378 δὲ
928 2321 1250 2391 σοφώτατος
1266 2321 1400 2393 ἡμῖν
1426 2327 1541 2378 τῶν
1565 2327 1814 2392 ’ποιητῶν
1833 2322 1923 2374 καὶ

121 2409 207 2456 777
240 2396 563 2471 ἀπεφήνατο
583 2397 721 2469 ὑπὲρ
742 2406 843 2473 τοῦ
861 2402 1000 2466 Διὸς
1018 2402 1322 2472 ἀγορεύων,
1347 2400 1420 2465 ὡς

292 2479 478 2551 ,ἥμισυ
496 2481 605 2551 γάρ
634 2502 692 2536 τε
719 2481 878 2552 νόου,
914 2486 1102 2552 φησίν,
1130 2479 1483 2552 ἀπαμείρεται
1513 2478 1765 2549 εὐρύοπα
1784 2479 1924 2544 Ζεύς

309 2560 550 2634 ἀνδρῶν,
563 2606 565 2608 -
579 2559 678 2628 οὓς
697 2558 768 2618 ἂν
788 2562 856 2635 δὴ
877 2561 1018 2620 κατὰ
1039 2563 1269 2619 δούλιον
1287 2557 1433 2636 ἦμαρ
1455 2563 1623 2634 ἕλῃσι.

237 2649 411 2699 ταῦτα
443 2643 509 2715 δὴ
551 2644 905 2716 διαλαβόντες
940 2646 1162 2715 ἔκαστοι
1197 2656 1309 2710 τοῖς
1340 2645 1705 2717 διανοήμασιν
1734 2647 1790 2699 οἰ
1821 2642 1921 2713 μὲν

236 2725 567 2782 πιστεύουσί
581 2749 639 2782 τε
659 2725 825 2783 οὐδὲν
843 2731 989 2798 γένει
1009 2733 1252 2798 οἰκετῶν,
1272 2726 1411 2783 κατὰ
1433 2726 1491 2783 δὲ
1510 2730 1728 2798 θηρίων
1747 2725 1921 2797 φύσιν

235 2811 483 2882 κέντροις
501 2811 588 2865 καὶ
609 2809 861 2881 μάστιξιν
881 2810 950 2866 οὐ
968 2814 1083 2884 τρὶς
1094 2809 1282 2882 μόνον
1302 2808 1442 2866 ἀλλά
1465 2810 1729 2875 πολλάκις
1746 2805 1919 2880 ἀπερ-
