1976 3172
249 139 318 190 62
858 134 1336 215 ΠΛΑΤΩΝΟΣ

249 278 460 342 μᾶλλον
489 275 640 339 φίλοι
664 265 702 339 ἦ
732 267 1003 338 πρότερον
1038 264 1471 322 ἀπαλλάττοιντο
1504 264 1778 338 ἀλλήλων,
1803 268 1926 324 ἀλλ’

137 370 222 414 672
248 352 349 422 οὐχ
370 351 553 422 ὥσπερ
571 349 638 406 τά
658 357 769 406 νῦν
786 352 995 420 ἐχθροί,
1017 348 1156 404 κατὰ
1175 349 1383 419 νόμους
1404 349 1462 405 δὲ
1481 354 1669 404 πᾶσαν
1681 349 1783 421 τὴν
1797 353 1930 416 ξυν-

250 440 448 491 ουσίαν
478 433 872 504 ξυγγενόμενοι
910 435 1000 488 καὶ
1046 431 1550 504 ἀκολουθήσαντες,
1580 430 1746 489 ὁπότε
1783 432 1932 506 ἀφη-

248 528 435 588 γοῖντο
455 515 799 585 οίμνήφοντες
827 525 939 578 τοῖς
968 513 1041 584 μὴ
1069 514 1372 585 νήφουσιν;

391 603 511 653 ΚΛ.
545 593 777 666 Ὀρθῶς,
800 602 854 650 εἴ
868 616 933 664 γε
953 592 1018 665 δὴ
1041 603 1123 666 εἴη
1143 596 1388 667 τοιαύτη,
1407 600 1533 652 οἵαν
1552 605 1661 653 νῦν
1681 600 1869 668 λέγεις.

390 682 520 734 XIII.
559 683 677 732 ΑΘ.
713 674 814 746 Μὴ
836 680 1027 731 τοίνυν
1045 677 1221 734 ἐκεῖνό
1238 675 1293 747 γ’
1314 682 1392 733 ἔτι
1409 684 1505 749 τῆς
1523 685 1626 734 τοῦ
1642 680 1934 735 Διονύσου

253 765 465 829 δωρεᾶς
486 763 743 829 ψέγωμεν
762 755 964 828 ἁπλαῖς,
1001 757 1075 823 ώς
1102 763 1215 814 ἔστι
1241 759 1383 830 κακὴ
1411 763 1501 815 καὶ
1531 764 1606 824 εἰς
1635 759 1798 815 πόλιν
1830 759 1934 815 οὐκ

252 841 374 907 ἀξία
403 838 827 914 παραδέχεσθαι.
877 842 969 896 καὶ
995 839 1102 912 γάρ
1137 846 1214 897 ἔτι
1243 848 1410 898 πλείω
1439 864 1519 907 τις
1551 838 1622 896 ἀ“ν
1649 845 1936 908 ἐπεξέλθοι

253 926 459 993 λέγων·
489 925 604 979 ἐπεὶ
623 924 716 979 καὶ
742 919 804 977 τὸ
835 925 1101 993 μέγιστον
1123 920 1361 992 ἀγαθόν,
1391 922 1424 978 ὃ
1450 928 1720 995 δωρεῖται,
1755 928 1936 994 λέγειν

251 1004 353 1075 μὲν
372 1003 536 1068 ὄκνος
554 1008 630 1067 εἰς
649 1001 781 1067 τούς
799 1002 1040 1067 πολλοὺς
1060 1001 1149 1057 διὰ
1168 1002 1228 1057 τό
1243 1009 1425 1067 κακῶς
1444 1005 1575 1069 τοὺς
1594 1003 1936 1076 ἀνθρώπους

190 1102 222 1142 Β
253 1083 389 1141 αὐτὸ
408 1083 711 1153 ὑπολαβεῖν
730 1086 823 1138 καὶ
841 1089 1054 1152 γνῶναι
1071 1085 1286 1153 λεχθέν.

390 1170 511 1220 ΚΛ.
556 1161 631 1217 Τὸ
654 1173 816 1218 ποῖον
836 1162 904 1234 δή
916 1187 931 1230 ;
972 1179 979 1184 ·

391 1252 508 1301 ΛΘ.
539 1244 718 1314 Λόγος
737 1267 818 1309 τις
834 1243 946 1315 ἅμα
964 1247 1055 1300 καὶ
1074 1244 1232 1316 φήμη
1249 1242 1486 1317 ὑπορρεῖ
1500 1267 1632 1316 πως,
1657 1244 1729 1312 ὡς
1749 1244 1778 1302 ὁ
1798 1248 1938 1312 θεὸς

253 1322 415 1393 οὗτος
433 1324 543 1382 ὑπὸ
567 1331 664 1397 τῆς
690 1331 957 1397 μητρυιᾶς
981 1323 1155 1398 ’Ἠρας
1185 1327 1496 1398 διεφορήθη
1517 1334 1612 1398 τῆς
1633 1334 1810 1398 ψυχῆς
1835 1325 1937 1398 τὴν

252 1412 501 1482 γνώμην,
523 1406 605 1463 διὸ
628 1407 726 1472 τάς
753 1429 811 1463 τε
828 1413 1082 1478 βακχείας
1110 1409 1202 1463 καὶ
1229 1414 1414 1464 πᾶσαν
1438 1407 1542 1479 τὴν
1568 1408 1809 1480 μανικὴν
1839 1411 1937 1479 ἐμ-

254 1492 446 1563 βάλλει
480 1493 704 1561 χορείαν
739 1487 1153 1561 τιμωρούμενος
1187 1492 1381 1563 δῆθεν,
1411 1491 1503 1545 καὶ
1531 1489 1632 1545 τὸν
1665 1489 1820 1546 οἶνον
1851 1492 1938 1545 ἐπὶ

252 1569 407 1628 τοῦτ’
429 1567 564 1626 αὐτὸ
588 1567 913 1640 δεδώρηται·
942 1566 1050 1639 ἐγώ
1074 1570 1134 1626 δὲ
1150 1567 1218 1625 τά
1235 1567 1337 1640 μὲν
1355 1575 1584 1626 τοιαῦτα
1614 1583 1725 1635 τοῖς
1751 1569 1938 1640 ἀσφα-

163 1721 167 1726 1
253 1653 342 1718 λὶς
358 1649 689 1723 ἡγουμένοις
718 1648 858 1705 εἶναι
881 1651 1066 1720 λέγειν
1093 1652 1218 1722 περὶ
1245 1656 1402 1706 θεῶν
1422 1649 1624 1723 ἀφίημι
1653 1655 1852 1723 λέγειν,
1873 1651 1934 1707 τὰ

195 1745 226 1787 C
254 1733 565 1790 δὲτοσόνδε
582 1730 724 1803 οἶδα,
750 1730 834 1788 ὅτι
851 1738 966 1787 πᾶν
985 1736 1142 1801 ζῶον,
1164 1730 1301 1788 ὅσον
1321 1732 1474 1803 αὐτῷ
1502 1734 1768 1805 προσήκει
1793 1739 1937 1790 νοῦν

254 1818 398 1888 ἔχειν
426 1818 771 1887 τελεωθέντι,
803 1822 1004 1870 τοῦτον
1030 1817 1122 1870 καὶ
1149 1821 1421 1870 τοσοῦτον
1453 1813 1620 1871 οὐδὲν
1650 1821 1778 1886 ἔχον
1805 1816 1938 1872 ποτε

255 1898 467 1969 φύεται.
503 1900 565 1954 ἐν
583 1898 760 1972 τούτῳ
783 1895 849 1968 δὴ
870 1903 947 1970 τῷ
964 1896 1166 1970 χρόνῳ,
1189 1898 1252 1951 ἐν
1280 1889 1328 1970 ᾦ
1355 1896 1520 1967 μήπω
1552 1900 1805 1967 κέκτηται
1832 1897 1938 1967 τὴν

254 1985 465 2036 οἰκείαν
485 1981 780 2051 φρόνησιν,
805 1984 920 2034 πᾶν
936 1978 1192 2050 μαίνεταί
1213 1999 1272 2034 τε
1300 1981 1391 2034 καὶ
1419 1984 1528 2051 βοᾷ
1553 1977 1816 2049 ἀτάκτως,
1845 1981 1938 2034 καὶ

254 2061 390 2117 ὅταν
416 2060 734 2134 ἀκταινώσῃ
754 2059 915 2117 ἑαυτὰ
938 2063 1178 2132 τάχιστα,
1199 2057 1446 2125 ἀτάκτως
1475 2054 1548 2115 αὖ
1579 2064 1757 2134 πηδᾷ·
1798 2057 1937 2115 ἀνα-

253 2150 594 2215 μνησθῶμεν
624 2146 702 2213 δέ,
723 2141 809 2198 ὅτι
827 2149 1096 2215 μουσικῆς
1121 2163 1179 2198 τε
1205 2145 1297 2199 καὶ
1323 2149 1698 2215 γυμναστικῆς
1725 2146 1937 2215 ἔφαμεν

254 2223 424 2295 ἀρχὰς
443 2225 648 2290 ταύτας
671 2223 824 2280 εἶναι.

394 2313 511 2364 ΚΛ.
552 2307 935 2378 Μεμνήμεθα”
958 2313 1015 2362 τί
1030 2305 1082 2362 δ’
1109 2306 1207 2374 οὕς

393 2396 512 2445 ΑΘ.
551 2385 783 2443 Οὐκοῦν
801 2388 892 2442 καὶ
910 2385 995 2442 ὅτι
1011 2386 1115 2458 τὴν
1132 2390 1357 2458 ῥυθμοῦ
1375 2408 1433 2442 τε
1451 2390 1544 2442 καὶ
1562 2385 1830 2459 ἁρμονίας
1848 2397 1937 2444 αῖ-

189 2491 223 2531 D
256 2480 462 2542 σθησιν
479 2481 592 2534 τοῖς
610 2466 931 2539 ἀνθρώποις
946 2466 1080 2539 ἡμῖν
1107 2470 1468 2524 ἐνδεδωκέναι
1485 2465 1588 2538 τὴν
1605 2465 1781 2538 ἀρχὴν
1800 2467 1937 2522 ταύ-

251 2574 354 2624 την
375 2556 603 2623 ἔφαμεν,
621 2549 939 2620 Ἀπόλλωνα
952 2551 1011 2607 δὲ
1029 2550 1122 2606 καὶ
1135 2549 1373 2615 Μούσας
1383 2550 1473 2605 καὶ
1485 2548 1770 2605 Διόνυσον
1781 2551 1947 2605 θεῶν’

252 2638 461 2698 αἰτίους
482 2636 771 2705 γεγονέναι
788 2658 802 2700 ;

394 2722 513 2772 ΚΛ.
550 2723 682 2781 Πῶς
695 2714 807 2786 γὰρ
828 2714 926 2782 οὕς

393 2805 510 2854 ΛΘ.
548 2801 656 2854 Καὶ
678 2797 743 2869 δὴ
763 2801 854 2854 καὶ
874 2796 971 2853 τὸν
992 2796 1147 2854 οἶνόν
1165 2819 1245 2869 γε,
1263 2795 1335 2863 ὡς
1355 2794 1548 2866 ἔοικεν,
1564 2793 1593 2853 ὁ
1613 2801 1725 2851 τών
1748 2792 1937 2850 ἄλλων
