<?xml version="1.0" encoding="UTF-8"?>
<!DOCTYPE html PUBLIC "-//W3C//DTD XHTML 1.0 Transitional//EN"
    "http://www.w3.org/TR/xhtml1/DTD/xhtml1-transitional.dtd">
<html xmlns="http://www.w3.org/1999/xhtml" xml:lang="en" lang="en">
 <head>
  <title>
</title>
<meta http-equiv="Content-Type" content="text/html;charset=utf-8" />
  <meta name='ocr-system' content='tesseract 3.04.00' />
  <meta name='ocr-capabilities' content='ocr_page ocr_carea ocr_par ocr_line ocrx_word'/>
</head>
<body>
  <div class='ocr_page' id='page_1' title='image "./dialogisecumdumt05platuoft_0137.png"; bbox 0 0 1976 3172; ppageno 0'>
   <div class='ocr_carea' id='block_1_1' title="bbox 39 390 1850 2913">
    <p class='ocr_par' dir='ltr' id='par_1_1' title="bbox 39 390 1828 2099">
     <span class='ocr_line' id='line_1_1' title="bbox 45 390 1828 464; baseline -0.004 -8"><span class='ocrx_word' id='word_1_1' title='bbox 45 403 103 455; x_wconf 77' lang='grc' dir='ltr'><strong><em>οἰ</em></strong></span> <span class='ocrx_word' id='word_1_2' title='bbox 116 398 167 455; x_wconf 90' lang='grc' dir='ltr'><strong><em>δ’</em></strong></span> <span class='ocrx_word' id='word_1_3' title='bbox 202 398 333 455; x_wconf 76' lang='grc' dir='ltr'><strong><em>οὔτε</em></strong></span> <span class='ocrx_word' id='word_1_4' title='bbox 358 417 445 453; x_wconf 88' lang='grc' dir='ltr'><strong><em>πω</em></strong></span> <span class='ocrx_word' id='word_1_5' title='bbox 463 403 629 452; x_wconf 71' lang='grc' dir='ltr'><strong><em>πλοῖα</em></strong></span> <span class='ocrx_word' id='word_1_6' title='bbox 658 394 968 462; x_wconf 76' lang='grc' dir='ltr'><strong><em>ἐκέκτηντο,</em></strong></span> <span class='ocrx_word' id='word_1_7' title='bbox 996 390 1255 462; x_wconf 82' lang='grc' dir='ltr'><strong><em>καθάπερ</em></strong></span> <span class='ocrx_word' id='word_1_8' title='bbox 1282 396 1411 462; x_wconf 91' lang='grc' dir='ltr'><strong><em>νῦν,</em></strong></span> <span class='ocrx_word' id='word_1_9' title='bbox 1439 394 1731 464; x_wconf 87' lang='grc' dir='ltr'><strong><em>πολεμικά,</em></strong></span> <span class='ocrx_word' id='word_1_10' title='bbox 1824 436 1828 441; x_wconf 87' lang='grc'>.</span> 
     </span>
     <span class='ocr_line' id='line_1_2' title="bbox 43 469 1734 551; baseline -0.005 -14"><span class='ocrx_word' id='word_1_11' title='bbox 43 478 166 537; x_wconf 79' lang='grc' dir='ltr'><strong><em>οὔτ’</em></strong></span> <span class='ocrx_word' id='word_1_12' title='bbox 187 474 264 536; x_wconf 83' lang='grc' dir='ltr'><strong><em>αὖ</em></strong></span> <span class='ocrx_word' id='word_1_13' title='bbox 280 477 388 551; x_wconf 81' lang='grc' dir='ltr'><strong><em>τὴν</em></strong></span> <span class='ocrx_word' id='word_1_14' title='bbox 401 476 591 549; x_wconf 80' lang='grc' dir='ltr'><strong><em>χῶραν</em></strong></span> <span class='ocrx_word' id='word_1_15' title='bbox 605 473 787 546; x_wconf 87' lang='grc' dir='ltr'><strong><em>πλήρη</em></strong></span> <span class='ocrx_word' id='word_1_16' title='bbox 808 479 1245 544; x_wconf 75' lang='grc' dir='ltr'><strong><em>ναυπηγησίμων</em></strong></span> <span class='ocrx_word' id='word_1_17' title='bbox 1263 469 1464 543; x_wconf 79' lang='grc' dir='ltr'><strong><em>ξύλων,</em></strong></span> <span class='ocrx_word' id='word_1_18' title='bbox 1486 472 1616 528; x_wconf 75' lang='grc' dir='ltr'><strong><em>ὥστ’</em></strong></span> <span class='ocrx_word' id='word_1_19' title='bbox 1637 473 1734 530; x_wconf 84' lang='grc' dir='ltr'><strong><em>εῦ-</em></strong></span> 
     </span>
     <span class='ocr_line' id='line_1_3' title="bbox 44 551 1728 633; baseline -0.004 -15"><span class='ocrx_word' id='word_1_20' title='bbox 44 566 236 633; x_wconf 88' lang='grc' dir='ltr'><strong><em>μαρῶς</em></strong></span> <span class='ocrx_word' id='word_1_21' title='bbox 269 558 542 630; x_wconf 79' lang='grc' dir='ltr'><strong><em>ναυτικὴν</em></strong></span> <span class='ocrx_word' id='word_1_22' title='bbox 580 558 963 627; x_wconf 76' lang='grc' dir='ltr'><strong><em>παρασχέσθαι</em></strong></span> <span class='ocrx_word' id='word_1_23' title='bbox 999 553 1264 626; x_wconf 88' lang='grc' dir='ltr'><strong><em>δύναμιν·</em></strong></span> <span class='ocrx_word' id='word_1_24' title='bbox 1303 552 1517 610; x_wconf 83' lang='grc' dir='ltr'><strong><em>οὔκουν</em></strong></span> <span class='ocrx_word' id='word_1_25' title='bbox 1545 551 1658 632; x_wconf 83' lang='grc' dir='ltr'><strong><em>οἷοί</em></strong></span> <span class='ocrx_word' id='word_1_26' title='bbox 1677 563 1728 611; x_wconf 85' lang='grc' dir='ltr'><strong><em>τ’</em></strong></span> 
     </span>
     <span class='ocr_line' id='line_1_4' title="bbox 42 634 1735 734; baseline -0.005 -34"><span class='ocrx_word' id='word_1_27' title='bbox 42 646 298 714; x_wconf 74' lang='grc' dir='ltr'><strong><em>ἐγένοντο</em></strong></span> <span class='ocrx_word' id='word_1_28' title='bbox 321 639 414 697; x_wconf 80' lang='grc' dir='ltr'><strong><em>διά</em></strong></span> <span class='ocrx_word' id='word_1_29' title='bbox 442 639 720 713; x_wconf 88' lang='grc' dir='ltr'><strong><em>μιμήσεως</em></strong></span> <span class='ocrx_word' id='word_1_30' title='bbox 736 643 1003 709; x_wconf 86' lang='grc' dir='ltr'><strong><em>ναυτικης</em></strong></span> <span class='ocrx_word' id='word_1_31' title='bbox 1025 634 1184 693; x_wconf 80' lang='grc' dir='ltr'><strong><em>αὐτοὶ</em></strong></span> <span class='ocrx_word' id='word_1_32' title='bbox 1211 641 1414 692; x_wconf 87' lang='grc' dir='ltr'><strong><em>ναῦται</em></strong></span> <span class='ocrx_word' id='word_1_33' title='bbox 1440 635 1735 734; x_wconf 84' lang='grc' dir='ltr'><strong><em>γενόμενοι</em></strong></span> 
     </span>
     <span class='ocr_line' id='line_1_5' title="bbox 45 705 1735 793; baseline -0.005 -13"><span class='ocrx_word' id='word_1_34' title='bbox 45 723 224 789; x_wconf 72' lang='grc' dir='ltr'><strong><em>εὐθὺς</em></strong></span> <span class='ocrx_word' id='word_1_35' title='bbox 240 723 367 780; x_wconf 88' lang='grc' dir='ltr'><strong><em>τότε</em></strong></span> <span class='ocrx_word' id='word_1_36' title='bbox 380 720 515 788; x_wconf 79' lang='grc' dir='ltr'><strong><em>τούς</em></strong></span> <span class='ocrx_word' id='word_1_37' title='bbox 531 726 831 793; x_wconf 89' lang='grc' dir='ltr'><strong><em>πολεμίους</em></strong></span> <span class='ocrx_word' id='word_1_38' title='bbox 847 717 1189 790; x_wconf 80' lang='grc' dir='ltr'><strong><em>ἀμύνασθαι.</em></strong></span> <span class='ocrx_word' id='word_1_39' title='bbox 1226 719 1306 773; x_wconf 76' lang='grc' dir='ltr'><strong><em>ἔτι</em></strong></span> <span class='ocrx_word' id='word_1_40' title='bbox 1330 714 1440 788; x_wconf 76' lang='grc' dir='ltr'><strong><em>γὰρ</em></strong></span> <span class='ocrx_word' id='word_1_41' title='bbox 1471 705 1544 773; x_wconf 77' lang='grc' dir='ltr'><strong><em>ὅῖν</em></strong></span> <span class='ocrx_word' id='word_1_42' title='bbox 1567 725 1735 773; x_wconf 86' lang='grc' dir='ltr'><strong><em>πλεο-</em></strong></span> 
     </span>
     <span class='ocr_line' id='line_1_6' title="bbox 46 797 1735 871; baseline -0.005 -9"><span class='ocrx_word' id='word_1_43' title='bbox 46 806 204 871; x_wconf 87' lang='grc' dir='ltr'><strong><em>νάκις</em></strong></span> <span class='ocrx_word' id='word_1_44' title='bbox 221 804 357 862; x_wconf 78' lang='grc' dir='ltr'><strong><em>ἑπτὰ</em></strong></span> <span class='ocrx_word' id='word_1_45' title='bbox 376 801 643 860; x_wconf 79' lang='grc' dir='ltr'><strong><em>ἀπολέσαι</em></strong></span> <span class='ocrx_word' id='word_1_46' title='bbox 674 805 875 867; x_wconf 79' lang='grc' dir='ltr'><strong><em>παῖδας</em></strong></span> <span class='ocrx_word' id='word_1_47' title='bbox 898 797 1084 865; x_wconf 81' lang='grc' dir='ltr'><strong><em>αὐτοῖς</em></strong></span> <span class='ocrx_word' id='word_1_48' title='bbox 1104 798 1428 871; x_wconf 78' lang='grc' dir='ltr'><strong><em>συνήνεγκε,</em></strong></span> <span class='ocrx_word' id='word_1_49' title='bbox 1457 801 1589 870; x_wconf 84' lang='grc' dir='ltr'><strong><em>πρὶν</em></strong></span> <span class='ocrx_word' id='word_1_50' title='bbox 1613 798 1735 855; x_wconf 85' lang='grc' dir='ltr'><strong><em>ἀντὶ</em></strong></span> 
     </span>
     <span class='ocr_line' id='line_1_7' title="bbox 45 881 1796 957; baseline -0.005 -14"><span class='ocrx_word' id='word_1_51' title='bbox 45 891 227 953; x_wconf 76' lang='grc' dir='ltr'><strong><em>πεζῶν</em></strong></span> <span class='ocrx_word' id='word_1_52' title='bbox 252 883 496 942; x_wconf 82' lang='grc' dir='ltr'><strong><em>ὁπλιτῶν</em></strong></span> <span class='ocrx_word' id='word_1_53' title='bbox 525 890 778 957; x_wconf 85' lang='grc' dir='ltr'><strong><em>μονίμων</em></strong></span> <span class='ocrx_word' id='word_1_54' title='bbox 804 881 1104 947; x_wconf 76' lang='grc' dir='ltr'><strong><em>ναυτικοὺς</em></strong></span> <span class='ocrx_word' id='word_1_55' title='bbox 1130 883 1467 952; x_wconf 87' lang='grc' dir='ltr'><strong><em>γενομένους</em></strong></span> <span class='ocrx_word' id='word_1_56' title='bbox 1494 884 1736 952; x_wconf 75' lang='grc' dir='ltr'><strong><em>ἐθισθῆ-</em></strong></span> <span class='ocrx_word' id='word_1_57' title='bbox 1765 893 1796 936; x_wconf 83' lang='lat' dir='ltr'>C</span> 
     </span>
     <span class='ocr_line' id='line_1_8' title="bbox 43 960 1737 1039; baseline -0.004 -15"><span class='ocrx_word' id='word_1_58' title='bbox 43 989 139 1024; x_wconf 89' lang='grc' dir='ltr'><strong><em>ναι</em></strong></span> <span class='ocrx_word' id='word_1_59' title='bbox 154 966 341 1024; x_wconf 82' lang='grc' dir='ltr'><strong><em>πυκνὰ</em></strong></span> <span class='ocrx_word' id='word_1_60' title='bbox 359 966 762 1039; x_wconf 72' lang='grc' dir='ltr'><strong><em>ἀποπηδῶντας</em></strong></span> <span class='ocrx_word' id='word_1_61' title='bbox 781 969 1058 1036; x_wconf 77' lang='grc' dir='ltr'><strong><em>δρομικῶς</em></strong></span> <span class='ocrx_word' id='word_1_62' title='bbox 1081 967 1159 1028; x_wconf 81' lang='grc' dir='ltr'><strong><em>εἰς</em></strong></span> <span class='ocrx_word' id='word_1_63' title='bbox 1175 960 1275 1028; x_wconf 85' lang='grc' dir='ltr'><strong><em>τάς</em></strong></span> <span class='ocrx_word' id='word_1_64' title='bbox 1290 969 1431 1027; x_wconf 83' lang='grc' dir='ltr'><strong><em>ναῦς</em></strong></span> <span class='ocrx_word' id='word_1_65' title='bbox 1457 961 1595 1033; x_wconf 80' lang='grc' dir='ltr'><strong><em>ταχὺ</em></strong></span> <span class='ocrx_word' id='word_1_66' title='bbox 1624 963 1737 1018; x_wconf 79' lang='grc' dir='ltr'><strong><em>πά-</em></strong></span> 
     </span>
     <span class='ocr_line' id='line_1_9' title="bbox 46 1041 1785 1120; baseline -0.003 -16"><span class='ocrx_word' id='word_1_67' title='bbox 46 1052 137 1104; x_wconf 86' lang='grc' dir='ltr'><strong><em>λιν</em></strong></span> <span class='ocrx_word' id='word_1_68' title='bbox 156 1046 480 1120; x_wconf 79' lang='grc' dir='ltr'><strong><em>ἀποχωρεῖν,</em></strong></span> <span class='ocrx_word' id='word_1_69' title='bbox 499 1049 592 1104; x_wconf 81' lang='grc' dir='ltr'><strong><em>καὶ</em></strong></span> <span class='ocrx_word' id='word_1_70' title='bbox 619 1051 805 1103; x_wconf 78' lang='grc' dir='ltr'><strong><em>δοκεῖν</em></strong></span> <span class='ocrx_word' id='word_1_71' title='bbox 836 1045 1009 1117; x_wconf 74' lang='grc' dir='ltr'><strong><em>μηδὲν</em></strong></span> <span class='ocrx_word' id='word_1_72' title='bbox 1037 1042 1266 1115; x_wconf 80' lang='grc' dir='ltr'><strong><em>αἰσχρὸν</em></strong></span> <span class='ocrx_word' id='word_1_73' title='bbox 1294 1054 1475 1100; x_wconf 79' lang='grc' dir='ltr'><strong><em>ποιεῖν</em></strong></span> <span class='ocrx_word' id='word_1_74' title='bbox 1502 1041 1576 1114; x_wconf 85' lang='grc' dir='ltr'><strong><em>μὴ</em></strong></span> <span class='ocrx_word' id='word_1_75' title='bbox 1605 1050 1737 1099; x_wconf 91' lang='grc' dir='ltr'><strong><em>τολ-</em></strong></span> <span class='ocrx_word' id='word_1_76' title='bbox 1761 1103 1785 1120; x_wconf 41' lang='lat' dir='ltr'><em>l</em></span> 
     </span>
     <span class='ocr_line' id='line_1_10' title="bbox 45 1127 1735 1200; baseline -0.005 -13"><span class='ocrx_word' id='word_1_77' title='bbox 45 1136 267 1200; x_wconf 85' lang='grc' dir='ltr'><strong><em>μῶντας</em></strong></span> <span class='ocrx_word' id='word_1_78' title='bbox 284 1129 668 1200; x_wconf 77' lang='grc' dir='ltr'><strong><em>ἀποθνήσκειν</em></strong></span> <span class='ocrx_word' id='word_1_79' title='bbox 695 1130 964 1199; x_wconf 80' lang='grc' dir='ltr'><strong><em>μένοντας</em></strong></span> <span class='ocrx_word' id='word_1_80' title='bbox 993 1127 1410 1197; x_wconf 81' lang='grc' dir='ltr'><strong><em>ἐπιφερομένων</em></strong></span> <span class='ocrx_word' id='word_1_81' title='bbox 1438 1127 1735 1195; x_wconf 90' lang='grc' dir='ltr'><strong><em>πολεμίων,</em></strong></span> 
     </span>
     <span class='ocr_line' id='line_1_11' title="bbox 47 1206 1735 1283; baseline -0.005 -13"><span class='ocrx_word' id='word_1_82' title='bbox 47 1214 163 1270; x_wconf 85' lang='grc' dir='ltr'><strong><em>ἀλλ’</em></strong></span> <span class='ocrx_word' id='word_1_83' title='bbox 185 1220 395 1279; x_wconf 80' lang='grc' dir='ltr'><strong><em>εἰκυίας</em></strong></span> <span class='ocrx_word' id='word_1_84' title='bbox 413 1211 601 1278; x_wconf 80' lang='grc' dir='ltr'><strong><em>αὐτοῖς</em></strong></span> <span class='ocrx_word' id='word_1_85' title='bbox 617 1217 913 1283; x_wconf 77' lang='grc' dir='ltr'><strong><em>γίγνεσθαι</em></strong></span> <span class='ocrx_word' id='word_1_86' title='bbox 930 1210 1239 1281; x_wconf 81' lang='grc' dir='ltr'><strong><em>προφάσεις</em></strong></span> <span class='ocrx_word' id='word_1_87' title='bbox 1257 1210 1347 1264; x_wconf 81' lang='grc' dir='ltr'><strong><em>καὶ</em></strong></span> <span class='ocrx_word' id='word_1_88' title='bbox 1367 1206 1589 1280; x_wconf 90' lang='grc' dir='ltr'><strong><em>σφόδρα</em></strong></span> <span class='ocrx_word' id='word_1_89' title='bbox 1605 1209 1735 1263; x_wconf 84' lang='grc' dir='ltr'><strong><em>ἑτοί-</em></strong></span> 
     </span>
     <span class='ocr_line' id='line_1_12' title="bbox 44 1286 1738 1367; baseline -0.005 -15"><span class='ocrx_word' id='word_1_90' title='bbox 44 1319 150 1367; x_wconf 92' lang='grc' dir='ltr'><strong><em>μας</em></strong></span> <span class='ocrx_word' id='word_1_91' title='bbox 166 1297 313 1352; x_wconf 78' lang='grc' dir='ltr'><strong><em>ὅπλα</em></strong></span> <span class='ocrx_word' id='word_1_92' title='bbox 330 1316 392 1350; x_wconf 91' lang='grc' dir='ltr'><strong><em>τε</em></strong></span> <span class='ocrx_word' id='word_1_93' title='bbox 408 1295 684 1349; x_wconf 82' lang='grc' dir='ltr'><strong><em>ἀπολλῦσι</em></strong></span> <span class='ocrx_word' id='word_1_94' title='bbox 702 1294 793 1347; x_wconf 75' lang='grc' dir='ltr'><strong><em>καὶ</em></strong></span> <span class='ocrx_word' id='word_1_95' title='bbox 815 1291 1093 1361; x_wconf 88' lang='grc' dir='ltr'><strong><em>φεύγουσι</em></strong></span> <span class='ocrx_word' id='word_1_96' title='bbox 1111 1290 1179 1360; x_wconf 90' lang='grc' dir='ltr'><strong><em>δή</em></strong></span> <span class='ocrx_word' id='word_1_97' title='bbox 1198 1311 1351 1354; x_wconf 89' lang='grc' dir='ltr'><strong><em>τινας</em></strong></span> <span class='ocrx_word' id='word_1_98' title='bbox 1370 1287 1474 1345; x_wconf 85' lang='grc' dir='ltr'><strong><em>ούκ</em></strong></span> <span class='ocrx_word' id='word_1_99' title='bbox 1493 1286 1738 1360; x_wconf 77' lang='grc' dir='ltr'><strong><em>αἰσχράς,</em></strong></span> 
     </span>
     <span class='ocr_line' id='line_1_13' title="bbox 47 1367 1740 1447; baseline -0.005 -15"><span class='ocrx_word' id='word_1_100' title='bbox 47 1376 125 1442; x_wconf 82' lang='grc' dir='ltr'><strong><em>ῶς</em></strong></span> <span class='ocrx_word' id='word_1_101' title='bbox 141 1392 296 1447; x_wconf 89' lang='grc' dir='ltr'><strong><em>φασι,</em></strong></span> <span class='ocrx_word' id='word_1_102' title='bbox 317 1372 515 1445; x_wconf 89' lang='grc' dir='ltr'><strong><em>φυγάς.</em></strong></span> <span class='ocrx_word' id='word_1_103' title='bbox 550 1379 725 1428; x_wconf 88' lang='grc' dir='ltr'><strong><em>ταῦτα</em></strong></span> <span class='ocrx_word' id='word_1_104' title='bbox 744 1372 852 1442; x_wconf 79' lang='grc' dir='ltr'><strong><em>γὰρ</em></strong></span> <span class='ocrx_word' id='word_1_105' title='bbox 872 1374 931 1427; x_wconf 82' lang='grc' dir='ltr'><strong><em>ἐκ</em></strong></span> <span class='ocrx_word' id='word_1_106' title='bbox 948 1376 1213 1442; x_wconf 84' lang='grc' dir='ltr'><strong><em>ναυτικῆς</em></strong></span> <span class='ocrx_word' id='word_1_107' title='bbox 1231 1367 1740 1442; x_wconf 20' lang='grc' dir='ltr'><strong><em>ὁπλιτείαςχρἦατα</em></strong></span> 
     </span>
     <span class='ocr_line' id='line_1_14' title="bbox 46 1451 1738 1530; baseline -0.004 -17"><span class='ocrx_word' id='word_1_108' title='bbox 46 1464 203 1530; x_wconf 78' lang='grc' dir='ltr'><strong><em>φιλεῖ</em></strong></span> <span class='ocrx_word' id='word_1_109' title='bbox 237 1461 579 1528; x_wconf 80' lang='grc' dir='ltr'><strong><em>ξυμβαίνειν,</em></strong></span> <span class='ocrx_word' id='word_1_110' title='bbox 616 1452 721 1510; x_wconf 84' lang='grc' dir='ltr'><strong><em>οὐκ</em></strong></span> <span class='ocrx_word' id='word_1_111' title='bbox 759 1453 883 1519; x_wconf 79' lang='grc' dir='ltr'><strong><em>ἄξια</em></strong></span> <span class='ocrx_word' id='word_1_112' title='bbox 921 1455 1167 1509; x_wconf 80' lang='grc' dir='ltr'><strong><em>ἐπαίνων</em></strong></span> <span class='ocrx_word' id='word_1_113' title='bbox 1202 1451 1469 1515; x_wconf 78' lang='grc' dir='ltr'><strong><em>πολλάκις</em></strong></span> <span class='ocrx_word' id='word_1_114' title='bbox 1504 1456 1738 1521; x_wconf 82' lang='grc' dir='ltr'><strong><em>μυρίων,</em></strong></span> 
     </span>
     <span class='ocr_line' id='line_1_15' title="bbox 47 1531 1803 1608; baseline -0.004 -13"><span class='ocrx_word' id='word_1_115' title='bbox 47 1538 189 1597; x_wconf 76' lang='grc' dir='ltr'><strong><em>ἀλλὰ</em></strong></span> <span class='ocrx_word' id='word_1_116' title='bbox 205 1538 566 1596; x_wconf 80' lang='grc' dir='ltr'><strong><em>τούναντίον·</em></strong></span> <span class='ocrx_word' id='word_1_117' title='bbox 596 1542 702 1608; x_wconf 82' lang='grc' dir='ltr'><strong><em>ἔθη</em></strong></span> <span class='ocrx_word' id='word_1_118' title='bbox 726 1534 834 1607; x_wconf 79' lang='grc' dir='ltr'><strong><em>γὰρ</em></strong></span> <span class='ocrx_word' id='word_1_119' title='bbox 863 1533 1082 1607; x_wconf 82' lang='grc' dir='ltr'><strong><em>πονηρὰ</em></strong></span> <span class='ocrx_word' id='word_1_120' title='bbox 1106 1531 1373 1590; x_wconf 82' lang='grc' dir='ltr'><strong><em>οὐδέποτε</em></strong></span> <span class='ocrx_word' id='word_1_121' title='bbox 1402 1535 1606 1599; x_wconf 78' lang='grc' dir='ltr'><strong><em>ἐθίζειν</em></strong></span> <span class='ocrx_word' id='word_1_122' title='bbox 1638 1536 1737 1602; x_wconf 79' lang='grc' dir='ltr'><strong><em>δεῖ,</em></strong></span> <span class='ocrx_word' id='word_1_123' title='bbox 1767 1539 1803 1580; x_wconf 90' lang='lat' dir='ltr'>D</span> 
     </span>
     <span class='ocr_line' id='line_1_16' title="bbox 47 1607 1739 1689; baseline -0.005 -13"><span class='ocrx_word' id='word_1_124' title='bbox 47 1624 142 1676; x_wconf 76' lang='grc' dir='ltr'><strong><em>καὶ</em></strong></span> <span class='ocrx_word' id='word_1_125' title='bbox 178 1626 352 1675; x_wconf 87' lang='grc' dir='ltr'><strong><em>ταῦτα</em></strong></span> <span class='ocrx_word' id='word_1_126' title='bbox 388 1618 452 1675; x_wconf 87' lang='grc' dir='ltr'>τό</span> <span class='ocrx_word' id='word_1_127' title='bbox 489 1625 605 1675; x_wconf 89' lang='grc' dir='ltr'><strong><em>τῶν</em></strong></span> <span class='ocrx_word' id='word_1_128' title='bbox 629 1623 875 1674; x_wconf 86' lang='grc' dir='ltr'><strong><em>πολιτῶν</em></strong></span> <span class='ocrx_word' id='word_1_129' title='bbox 903 1620 1191 1689; x_wconf 85' lang='grc' dir='ltr'><strong><em>βέλτιστον</em></strong></span> <span class='ocrx_word' id='word_1_130' title='bbox 1217 1617 1397 1687; x_wconf 84' lang='grc' dir='ltr'><strong><em>μέρος.</em></strong></span> <span class='ocrx_word' id='word_1_131' title='bbox 1437 1607 1510 1685; x_wconf 80' lang='grc' dir='ltr'><strong><em>ἦν</em></strong></span> <span class='ocrx_word' id='word_1_132' title='bbox 1540 1617 1604 1669; x_wconf 82' lang='grc' dir='ltr'><strong><em>δέ</em></strong></span> <span class='ocrx_word' id='word_1_133' title='bbox 1627 1633 1739 1668; x_wconf 90' lang='grc' dir='ltr'><strong><em>που</em></strong></span> 
     </span>
     <span class='ocr_line' id='line_1_17' title="bbox 46 1689 1741 1792; baseline -0.005 -34"><span class='ocrx_word' id='word_1_134' title='bbox 46 1701 213 1759; x_wconf 83' lang='grc' dir='ltr'><strong><em>τοῦτό</em></strong></span> <span class='ocrx_word' id='word_1_135' title='bbox 231 1722 295 1772; x_wconf 88' lang='grc' dir='ltr'><strong><em>γε</em></strong></span> <span class='ocrx_word' id='word_1_136' title='bbox 312 1702 407 1758; x_wconf 84' lang='grc' dir='ltr'><strong><em>καὶ</em></strong></span> <span class='ocrx_word' id='word_1_137' title='bbox 435 1698 571 1771; x_wconf 87' lang='grc' dir='ltr'><strong><em>παρ’</em></strong></span> <span class='ocrx_word' id='word_1_138' title='bbox 592 1697 838 1773; x_wconf 85' lang='grc' dir='ltr'><strong><em>Ὁμήρου</em></strong></span> <span class='ocrx_word' id='word_1_139' title='bbox 864 1706 1072 1772; x_wconf 83' lang='grc' dir='ltr'><strong><em>λαβεῖν,</em></strong></span> <span class='ocrx_word' id='word_1_140' title='bbox 1103 1697 1188 1754; x_wconf 82' lang='grc' dir='ltr'><strong><em>ὅτι</em></strong></span> <span class='ocrx_word' id='word_1_141' title='bbox 1214 1695 1276 1754; x_wconf 83' lang='grc' dir='ltr'><strong><em>τὸ</em></strong></span> <span class='ocrx_word' id='word_1_142' title='bbox 1310 1689 1703 1768; x_wconf 66' lang='grc' dir='ltr'><strong><em>ἐπιτήδευμα”</em></strong></span> <span class='ocrx_word' id='word_1_143' title='bbox 1666 1717 1741 1792; x_wconf 82' lang='grc' dir='ltr'><strong><em>ην</em></strong></span> 
     </span>
     <span class='ocr_line' id='line_1_18' title="bbox 47 1774 1741 1854; baseline -0.004 -15"><span class='ocrx_word' id='word_1_144' title='bbox 47 1783 110 1840; x_wconf 78' lang='grc' dir='ltr'><strong><em>τὸ</em></strong></span> <span class='ocrx_word' id='word_1_145' title='bbox 130 1790 389 1839; x_wconf 87' lang='grc' dir='ltr'><strong><em>τοιοῦτον</em></strong></span> <span class='ocrx_word' id='word_1_146' title='bbox 408 1779 479 1839; x_wconf 81' lang='grc' dir='ltr'><strong><em>οὐ</em></strong></span> <span class='ocrx_word' id='word_1_147' title='bbox 496 1784 688 1839; x_wconf 86' lang='grc' dir='ltr'><strong><em>καλόν.</em></strong></span> <span class='ocrx_word' id='word_1_148' title='bbox 720 1779 1022 1847; x_wconf 78' lang='grc' dir='ltr'><strong><em>Ὀδυσσεύς</em></strong></span> <span class='ocrx_word' id='word_1_149' title='bbox 1048 1779 1160 1854; x_wconf 78' lang='grc' dir='ltr'><strong><em>γὰρ</em></strong></span> <span class='ocrx_word' id='word_1_150' title='bbox 1190 1778 1343 1853; x_wconf 73' lang='grc' dir='ltr'><strong><em>αὐτῷ</em></strong></span> <span class='ocrx_word' id='word_1_151' title='bbox 1371 1783 1618 1850; x_wconf 81' lang='grc' dir='ltr'><strong><em>λοιδορεῖ</em></strong></span> <span class='ocrx_word' id='word_1_152' title='bbox 1638 1774 1741 1832; x_wconf 83' lang='grc' dir='ltr'><strong><em>τὸν</em></strong></span> 
     </span>
     <span class='ocr_line' id='line_1_19' title="bbox 39 1860 1741 1937; baseline -0.006 -15"><span class='ocrx_word' id='word_1_153' title='bbox 39 1863 441 1937; x_wconf 70' lang='grc' dir='ltr'><strong><em>Ἀγαμέμνονα,</em></strong></span> <span class='ocrx_word' id='word_1_154' title='bbox 468 1870 584 1921; x_wconf 90' lang='grc' dir='ltr'><strong><em>τῶν</em></strong></span> <span class='ocrx_word' id='word_1_155' title='bbox 606 1862 839 1935; x_wconf 77' lang='grc' dir='ltr'><strong><em>Ἀχαιῶν</em></strong></span> <span class='ocrx_word' id='word_1_156' title='bbox 855 1863 978 1920; x_wconf 92' lang='grc' dir='ltr'><strong><em>τότε</em></strong></span> <span class='ocrx_word' id='word_1_157' title='bbox 998 1860 1109 1919; x_wconf 83' lang='grc' dir='ltr'><strong><em>ὑπὸ</em></strong></span> <span class='ocrx_word' id='word_1_158' title='bbox 1129 1869 1244 1919; x_wconf 88' lang='grc' dir='ltr'><strong><em>τῶν</em></strong></span> <span class='ocrx_word' id='word_1_159' title='bbox 1276 1860 1486 1932; x_wconf 74' lang='grc' dir='ltr'><strong><em>Τρώων</em></strong></span> <span class='ocrx_word' id='word_1_160' title='bbox 1507 1879 1741 1928; x_wconf 55' lang='grc' dir='ltr'><strong><em>-κατεχοε-</em></strong></span> 
     </span>
     <span class='ocr_line' id='line_1_20' title="bbox 47 1939 1738 2020; baseline -0.005 -18"><span class='ocrx_word' id='word_1_161' title='bbox 47 1949 235 2018; x_wconf 77' lang='grc' dir='ltr'><strong><em>μένων</em></strong></span> <span class='ocrx_word' id='word_1_162' title='bbox 262 1952 332 2019; x_wconf 86' lang='grc' dir='ltr'><strong><em>τῇ</em></strong></span> <span class='ocrx_word' id='word_1_163' title='bbox 365 1945 531 2020; x_wconf 84' lang='grc' dir='ltr'><strong><em>μάχῃ,</em></strong></span> <span class='ocrx_word' id='word_1_164' title='bbox 560 1947 863 2003; x_wconf 80' lang='grc' dir='ltr'><strong><em>κελεύοντα</em></strong></span> <span class='ocrx_word' id='word_1_165' title='bbox 888 1942 987 2018; x_wconf 78' lang='grc' dir='ltr'><strong><em>τὰς</em></strong></span> <span class='ocrx_word' id='word_1_166' title='bbox 1023 1949 1162 2009; x_wconf 87' lang='grc' dir='ltr'><strong><em>ναῦς</em></strong></span> <span class='ocrx_word' id='word_1_167' title='bbox 1199 1948 1275 2008; x_wconf 86' lang='grc' dir='ltr'><strong><em>εἰς</em></strong></span> <span class='ocrx_word' id='word_1_168' title='bbox 1312 1939 1416 2013; x_wconf 81' lang='grc' dir='ltr'><strong><em>τὴν</em></strong></span> <span class='ocrx_word' id='word_1_169' title='bbox 1450 1939 1738 1996; x_wconf 80' lang='grc' dir='ltr'><strong><em>θάλατταν</em></strong></span> 
     </span>
     <span class='ocr_line' id='line_1_21' title="bbox 47 2023 1353 2099; baseline -0.002 -18"><span class='ocrx_word' id='word_1_170' title='bbox 47 2029 365 2098; x_wconf 74' lang='grc' dir='ltr'><strong><em>καθέλκειν,</em></strong></span> <span class='ocrx_word' id='word_1_171' title='bbox 384 2025 415 2084; x_wconf 87' lang='grc' dir='ltr'><strong>ὁ</strong></span> <span class='ocrx_word' id='word_1_172' title='bbox 435 2027 495 2084; x_wconf 76' lang='grc' dir='ltr'><strong><em>δὲ</em></strong></span> <span class='ocrx_word' id='word_1_173' title='bbox 512 2032 828 2098; x_wconf 83' lang='grc' dir='ltr'><strong><em>χαλεπαίνει</em></strong></span> <span class='ocrx_word' id='word_1_174' title='bbox 847 2047 906 2082; x_wconf 92' lang='grc' dir='ltr'><strong><em>τε</em></strong></span> <span class='ocrx_word' id='word_1_175' title='bbox 926 2023 1077 2099; x_wconf 75' lang='grc' dir='ltr'><strong><em>αύτῷ</em></strong></span> <span class='ocrx_word' id='word_1_176' title='bbox 1096 2027 1188 2080; x_wconf 85' lang='grc' dir='ltr'><strong><em>καὶ</em></strong></span> <span class='ocrx_word' id='word_1_177' title='bbox 1206 2028 1353 2094; x_wconf 85' lang='grc' dir='ltr'><strong><em>λέγει</em></strong></span> 
     </span>
    </p>

    <p class='ocr_par' dir='ltr' id='par_1_2' title="bbox 119 2102 1802 2178">
     <span class='ocr_line' id='line_1_22' title="bbox 119 2102 1802 2178; baseline -0.003 -17"><span class='ocrx_word' id='word_1_178' title='bbox 119 2104 183 2172; x_wconf 78' lang='grc' dir='ltr'><strong><em>ὃς</em></strong></span> <span class='ocrx_word' id='word_1_179' title='bbox 199 2109 382 2163; x_wconf 81' lang='grc' dir='ltr'><strong><em>κέλεαι</em></strong></span> <span class='ocrx_word' id='word_1_180' title='bbox 398 2109 662 2178; x_wconf 86' lang='grc' dir='ltr'><strong><em>πολέμοιο</em></strong></span> <span class='ocrx_word' id='word_1_181' title='bbox 682 2106 1052 2172; x_wconf 82' lang='grc' dir='ltr'><strong><em>συνεσταότος</em></strong></span> <span class='ocrx_word' id='word_1_182' title='bbox 1070 2106 1162 2161; x_wconf 87' lang='grc' dir='ltr'><strong><em>καὶ</em></strong></span> <span class='ocrx_word' id='word_1_183' title='bbox 1181 2102 1350 2174; x_wconf 80' lang='grc' dir='ltr'><strong><em>ἀϋτῆς</em></strong></span> <span class='ocrx_word' id='word_1_184' title='bbox 1766 2108 1802 2149; x_wconf 87' lang='grc' dir='ltr'>Ε</span> 
     </span>
    </p>

    <p class='ocr_par' dir='ltr' id='par_1_3' title="bbox 121 2184 1508 2259">
     <span class='ocr_line' id='line_1_23' title="bbox 121 2184 1508 2259; baseline -0.003 -17"><span class='ocrx_word' id='word_1_185' title='bbox 121 2193 263 2258; x_wconf 85' lang='grc' dir='ltr'><strong><em>νῆας</em></strong></span> <span class='ocrx_word' id='word_1_186' title='bbox 279 2189 617 2259; x_wconf 77' lang='grc' dir='ltr'><strong><em>ἐϋσσέλμους</em></strong></span> <span class='ocrx_word' id='word_1_187' title='bbox 635 2186 799 2244; x_wconf 75' lang='grc' dir='ltr'><strong><em>ἅλαδ’</em></strong></span> <span class='ocrx_word' id='word_1_188' title='bbox 819 2189 1018 2258; x_wconf 79' lang='grc' dir='ltr'><strong><em>ἕλκειν,</em></strong></span> <span class='ocrx_word' id='word_1_189' title='bbox 1038 2184 1171 2257; x_wconf 80' lang='grc' dir='ltr'><strong><em>ὄφρ’</em></strong></span> <span class='ocrx_word' id='word_1_190' title='bbox 1196 2189 1275 2242; x_wconf 78' lang='grc' dir='ltr'><strong><em>ἔτι</em></strong></span> <span class='ocrx_word' id='word_1_191' title='bbox 1293 2189 1508 2257; x_wconf 80' lang='grc' dir='ltr'><strong><em>μᾶλλον</em></strong></span> 
     </span>
    </p>

    <p class='ocr_par' dir='ltr' id='par_1_4' title="bbox 125 2267 1578 2341">
     <span class='ocr_line' id='line_1_24' title="bbox 125 2267 1578 2341; baseline -0.005 -15"><span class='ocrx_word' id='word_1_192' title='bbox 125 2271 307 2340; x_wconf 76' lang='grc' dir='ltr'><strong><em>Τρωσὶ</em></strong></span> <span class='ocrx_word' id='word_1_193' title='bbox 324 2269 429 2341; x_wconf 60' lang='grc' dir='ltr'><strong><em>μὲν</em></strong></span> <span class='ocrx_word' id='word_1_194' title='bbox 447 2267 616 2326; x_wconf 81' lang='grc' dir='ltr'><strong><em>εύκτά</em></strong></span> <span class='ocrx_word' id='word_1_195' title='bbox 634 2272 857 2341; x_wconf 84' lang='grc' dir='ltr'><strong><em>γένηται</em></strong></span> <span class='ocrx_word' id='word_1_196' title='bbox 873 2271 1247 2340; x_wconf 76' lang='grc' dir='ltr'><strong><em>ἐελδομένοισί</em></strong></span> <span class='ocrx_word' id='word_1_197' title='bbox 1262 2285 1368 2336; x_wconf 87' lang='grc' dir='ltr'><strong><em>περ</em></strong></span> <span class='ocrx_word' id='word_1_198' title='bbox 1389 2268 1578 2336; x_wconf 80' lang='grc' dir='ltr'><strong><em>ἔμπης,</em></strong></span> 
     </span>
    </p>

    <p class='ocr_par' dir='ltr' id='par_1_5' title="bbox 118 2345 1568 2422">
     <span class='ocr_line' id='line_1_25' title="bbox 118 2345 1568 2422; baseline -0.005 -15"><span class='ocrx_word' id='word_1_199' title='bbox 118 2348 252 2422; x_wconf 78' lang='grc' dir='ltr'><strong><em>ἡμῖν</em></strong></span> <span class='ocrx_word' id='word_1_200' title='bbox 272 2349 327 2406; x_wconf 90' lang='grc' dir='ltr'><strong><em>δ’</em></strong></span> <span class='ocrx_word' id='word_1_201' title='bbox 350 2350 518 2416; x_wconf 84' lang='grc' dir='ltr'><strong><em>αίπύς</em></strong></span> <span class='ocrx_word' id='word_1_202' title='bbox 546 2350 784 2419; x_wconf 81' lang='grc' dir='ltr'><strong><em>ὄλεθρος</em></strong></span> <span class='ocrx_word' id='word_1_203' title='bbox 801 2353 1068 2422; x_wconf 80' lang='grc' dir='ltr'><strong><em>ἐπιρρέπῃ</em></strong></span> <span class='ocrx_word' id='word_1_204' title='bbox 1084 2371 1095 2382; x_wconf 87' lang='grc'><em>·</em></span> <span class='ocrx_word' id='word_1_205' title='bbox 1130 2347 1201 2405; x_wconf 90' lang='grc' dir='ltr'><strong><em>ού</em></strong></span> <span class='ocrx_word' id='word_1_206' title='bbox 1227 2348 1336 2419; x_wconf 81' lang='grc' dir='ltr'><strong><em>γὰρ</em></strong></span> <span class='ocrx_word' id='word_1_207' title='bbox 1362 2345 1568 2418; x_wconf 79' lang='grc' dir='ltr'><strong><em>Ἀχαιοί</em></strong></span> 
     </span>
    </p>

    <p class='ocr_par' dir='ltr' id='par_1_6' title="bbox 118 2429 1438 2504">
     <span class='ocr_line' id='line_1_26' title="bbox 118 2429 1438 2504; baseline -0.003 -16"><span class='ocrx_word' id='word_1_208' title='bbox 118 2432 423 2504; x_wconf 76' lang='grc' dir='ltr'><strong><em>σχήσουσιν</em></strong></span> <span class='ocrx_word' id='word_1_209' title='bbox 440 2436 686 2504; x_wconf 85' lang='grc' dir='ltr'><strong><em>πολέμου</em></strong></span> <span class='ocrx_word' id='word_1_210' title='bbox 704 2438 859 2504; x_wconf 89' lang='grc' dir='ltr'><strong><em>νηῶν</em></strong></span> <span class='ocrx_word' id='word_1_211' title='bbox 875 2429 1038 2488; x_wconf 83' lang='grc' dir='ltr'><strong><em>ἅλαδ’</em></strong></span> <span class='ocrx_word' id='word_1_212' title='bbox 1062 2429 1438 2502; x_wconf 79' lang='grc' dir='ltr'><strong><em>ἑλκομενάων,</em></strong></span> 
     </span>
    </p>

    <p class='ocr_par' dir='ltr' id='par_1_7' title="bbox 121 2510 1481 2586">
     <span class='ocr_line' id='line_1_27' title="bbox 121 2510 1481 2586; baseline -0.001 -19"><span class='ocrx_word' id='word_1_213' title='bbox 121 2510 245 2571; x_wconf 73' lang='grc' dir='ltr'><strong><em>ἀλλ’</em></strong></span> <span class='ocrx_word' id='word_1_214' title='bbox 263 2511 809 2586; x_wconf 81' lang='grc' dir='ltr'><strong><em>ἀποπαπτανέουσιν,</em></strong></span> <span class='ocrx_word' id='word_1_215' title='bbox 831 2514 1141 2586; x_wconf 80' lang='grc' dir='ltr'><strong><em>ἐρωήσουσι</em></strong></span> <span class='ocrx_word' id='word_1_216' title='bbox 1160 2512 1221 2570; x_wconf 76' lang='grc' dir='ltr'><strong><em>δὲ</em></strong></span> <span class='ocrx_word' id='word_1_217' title='bbox 1244 2511 1455 2585; x_wconf 84' lang='grc' dir='ltr'><strong><em>χάρμης</em></strong></span> <span class='ocrx_word' id='word_1_218' title='bbox 1469 2532 1481 2543; x_wconf 94' lang='grc'><em>·</em></span> 
     </span>
    </p>

    <p class='ocr_par' dir='ltr' id='par_1_8' title="bbox 49 2591 1850 2913">
     <span class='ocr_line' id='line_1_28' title="bbox 123 2591 1850 2668; baseline -0.002 -19"><span class='ocrx_word' id='word_1_219' title='bbox 123 2595 343 2652; x_wconf 57' lang='lat' dir='ltr'><strong><em>Mum</em></strong></span> <span class='ocrx_word' id='word_1_220' title='bbox 366 2594 435 2667; x_wconf 85' lang='grc' dir='ltr'><strong><em>σὴ</em></strong></span> <span class='ocrx_word' id='word_1_221' title='bbox 454 2594 632 2668; x_wconf 83' lang='grc' dir='ltr'><strong><em>βουλη</em></strong></span> <span class='ocrx_word' id='word_1_222' title='bbox 651 2595 964 2668; x_wconf 88' lang='grc' dir='ltr'><strong><em>δηλήσεται,</em></strong></span> <span class='ocrx_word' id='word_1_223' title='bbox 989 2591 1061 2652; x_wconf 73' lang='grc' dir='ltr'><strong><em>οἷ’</em></strong></span> <span class='ocrx_word' id='word_1_224' title='bbox 1085 2592 1386 2666; x_wconf 80' lang='grc' dir='ltr'><strong><em>ἀγορεύεις.</em></strong></span> <span class='ocrx_word' id='word_1_225' title='bbox 1767 2591 1850 2639; x_wconf 87' lang='grc'><strong><em>707</em></strong></span> 
     </span>
     <span class='ocr_line' id='line_1_29' title="bbox 53 2668 1735 2748; baseline -0.004 -16"><span class='ocrx_word' id='word_1_226' title='bbox 53 2670 209 2730; x_wconf 82' lang='grc' dir='ltr'><strong><em>ταῦτ’</em></strong></span> <span class='ocrx_word' id='word_1_227' title='bbox 238 2668 346 2731; x_wconf 80' lang='grc' dir='ltr'><strong><em>οὖν</em></strong></span> <span class='ocrx_word' id='word_1_228' title='bbox 372 2677 669 2748; x_wconf 71' lang='grc' dir='ltr'><strong><em>ἐγίγνωσκε</em></strong></span> <span class='ocrx_word' id='word_1_229' title='bbox 697 2680 790 2734; x_wconf 84' lang='grc' dir='ltr'><strong><em>καὶ</em></strong></span> <span class='ocrx_word' id='word_1_230' title='bbox 821 2679 1044 2747; x_wconf 77' lang='grc' dir='ltr'><strong><em>ἐκεῖνος,</em></strong></span> <span class='ocrx_word' id='word_1_231' title='bbox 1080 2675 1166 2733; x_wconf 85' lang='grc' dir='ltr'><strong><em>ὅτι</em></strong></span> <span class='ocrx_word' id='word_1_232' title='bbox 1194 2672 1370 2732; x_wconf 83' lang='grc' dir='ltr'><strong><em>κακὰν</em></strong></span> <span class='ocrx_word' id='word_1_233' title='bbox 1398 2676 1460 2730; x_wconf 78' lang='grc' dir='ltr'><strong><em>ἐν</em></strong></span> <span class='ocrx_word' id='word_1_234' title='bbox 1486 2670 1735 2742; x_wconf 77' lang='grc' dir='ltr'><strong><em>θαλάττῃ</em></strong></span> 
     </span>
     <span class='ocr_line' id='line_1_30' title="bbox 52 2751 1734 2830; baseline -0.01 -6"><span class='ocrx_word' id='word_1_235' title='bbox 52 2753 294 2825; x_wconf 54' lang='grc' dir='ltr'><strong><em>τριήρης</em></strong></span> <span class='ocrx_word' id='word_1_236' title='bbox 308 2751 552 2823; x_wconf 56' lang='grc' dir='ltr'><strong><em>ὄῦλίταις</em></strong></span> <span class='ocrx_word' id='word_1_237' title='bbox 569 2765 918 2830; x_wconf 82' lang='grc' dir='ltr'><strong><em>παρεστῶσαι</em></strong></span> <span class='ocrx_word' id='word_1_238' title='bbox 935 2761 1292 2830; x_wconf 86' lang='grc' dir='ltr'><strong><em>μαχομένοις·</em></strong></span> <span class='ocrx_word' id='word_1_239' title='bbox 1313 2756 1405 2812; x_wconf 80' lang='grc' dir='ltr'><strong><em>καὶ</em></strong></span> <span class='ocrx_word' id='word_1_240' title='bbox 1424 2757 1640 2816; x_wconf 82' lang='grc' dir='ltr'><strong><em>λέοντες</em></strong></span> <span class='ocrx_word' id='word_1_241' title='bbox 1663 2773 1734 2805; x_wconf 91' lang='grc' dir='ltr'><strong><em>αν</em></strong></span> 
     </span>
     <span class='ocr_line' id='line_1_31' title="bbox 49 2835 1730 2913; baseline -0.009 -10"><span class='ocrx_word' id='word_1_242' title='bbox 49 2835 295 2907; x_wconf 57' lang='grc' dir='ltr'><strong><em>ἶλᾶφθυς</em></strong></span> <span class='ocrx_word' id='word_1_243' title='bbox 328 2837 611 2896; x_wconf 69' lang='grc' dir='ltr'><strong><em>ἐθισθεῖεν</em></strong></span> <span class='ocrx_word' id='word_1_244' title='bbox 652 2840 886 2913; x_wconf 85' lang='grc' dir='ltr'><strong><em>φεύγειν</em></strong></span> <span class='ocrx_word' id='word_1_245' title='bbox 930 2840 1203 2905; x_wconf 85' lang='grc' dir='ltr'><strong><em>τοιούτοις</em></strong></span> <span class='ocrx_word' id='word_1_246' title='bbox 1243 2844 1399 2896; x_wconf 78' lang='grc' dir='ltr'><strong><em>ἔθεσι</em></strong></span> <span class='ocrx_word' id='word_1_247' title='bbox 1435 2835 1730 2907; x_wconf 73' lang='grc' dir='ltr'><strong><em>χρώμενοι·</em></strong></span> 
     </span>
    </p>
   </div>
   <div class='ocr_carea' id='block_1_2' title="bbox 0 171 1732 1877">
    <p class='ocr_par' dir='ltr' id='par_1_9' title="bbox 0 171 1732 1877">
     <span class='ocr_line' id='line_1_32' title="bbox 685 171 1731 247; baseline 0.001 -19"><span class='ocrx_word' id='word_1_248' title='bbox 685 178 1006 228; x_wconf 72' lang='grc' dir='ltr'><strong><em>ΝοΜΩΝ</em></strong></span> <span class='ocrx_word' id='word_1_249' title='bbox 1042 171 1085 226; x_wconf 63' lang='grc' dir='ltr'><strong><em>ε’</em></strong></span> <span class='ocrx_word' id='word_1_250' title='bbox 1201 243 1205 247; x_wconf 7' lang='lat' dir='ltr'>x</span> <span class='ocrx_word' id='word_1_251' title='bbox 1627 175 1731 229; x_wconf 85' lang='lat'><strong><em>105</em></strong></span> 
     </span>
     <span class='ocr_line' id='line_1_33' title="bbox 43 307 1732 389; baseline -0.004 -15"><span class='ocrx_word' id='word_1_252' title='bbox 43 318 154 389; x_wconf 81' lang='grc' dir='ltr'><strong><em>ράν</em></strong></span> <span class='ocrx_word' id='word_1_253' title='bbox 171 322 406 388; x_wconf 83' lang='grc' dir='ltr'><strong><em>δασμοῦ,</em></strong></span> <span class='ocrx_word' id='word_1_254' title='bbox 428 307 676 386; x_wconf 75' lang='grc' dir='ltr'><strong><em>δύναμιιῖ</em></strong></span> <span class='ocrx_word' id='word_1_255' title='bbox 685 307 899 381; x_wconf 79' lang='grc' dir='ltr'><strong><em>πολλὴν</em></strong></span> <span class='ocrx_word' id='word_1_256' title='bbox 915 307 1055 366; x_wconf 77' lang='grc' dir='ltr'><strong><em>κατὰ</em></strong></span> <span class='ocrx_word' id='word_1_257' title='bbox 1076 309 1366 366; x_wconf 83' lang='grc' dir='ltr'><strong><em>θάλατταν</em></strong></span> <span class='ocrx_word' id='word_1_258' title='bbox 1381 314 1732 383; x_wconf 84' lang='grc' dir='ltr'><strong><em>κεκτημένος,</em></strong></span> 
     </span>
     <span class='ocr_line' id='line_1_34' title="bbox 0 1845 5 1877; baseline 0 0"><span class='ocrx_word' id='word_1_259' title='bbox 0 1845 5 1877; x_wconf 67' lang='grc' dir='ltr'><strong>ι</strong></span> 
     </span>
    </p>
   </div>
  </div>
 </body>
</html>
