1976 3172
236 139 344 192 232
826 142 1306 191 ΠΛΑΤΩΝΟΣ

235 293 379 344 ματα
390 278 687 329 συντείνει.
711 274 942 330 πάντων
959 275 1066 347 γὰρ
1083 274 1300 331 τούτων
1319 278 1687 345 διδασκάλους
1705 303 1762 337 τε
1782 281 1924 339 εἶναι

237 359 325 412 δεῖ
346 356 588 426 κοινούς,
627 353 977 460 ἀρνυμένους
1012 357 1222 428 μισθὸν
1251 358 1401 429 παρὰ
1437 367 1534 431 τῆς
1569 361 1799 432 πόλεως,
1830 367 1922 420 καὶ

234 437 450 493 τούτων
469 435 724 509 μαθητάς
741 436 872 503 τούς
890 441 951 494 ἐν
977 446 1046 513 τῇ
1074 441 1231 496 πόλει
1261 441 1460 507 παῖδάς
1489 464 1548 498 τε
1576 446 1668 500 καὶ
1694 444 1919 515 άνδρας,

233 520 325 575 καὶ
344 518 514 592 κόρας
533 522 625 576 καὶ
643 532 911 591 γυναῖκας
929 522 1159 578 πάντων
1175 524 1390 579 τούτων
1416 525 1799 596 ἐπιστήμονας,
1821 526 1923 582 κό-
1974 585 1976 587 .

234 622 335 671 ρας
357 604 460 672 μὲν
478 600 651 668 οὔσας
669 607 748 659 ἔτι
766 607 954 660 πᾶσαν
970 602 1073 673 τὴν
1091 607 1152 661 ἐν
1171 604 1362 671 ὅπλοις
1383 604 1612 678 ὄρχησιν
1630 609 1720 663 καὶ
1739 609 1921 680 μάχην

233 691 675 756 μεμελετηκυίας,
704 698 972 755 γυναῖκας
998 686 1058 743 δὲ
1080 688 1342 753 διεξόδων
1360 692 1451 745 καὶ
1468 688 1675 755 τάξεων
1698 693 1788 746 καὶ
1819 694 1921 745 θέ-

57 813 59 817 .
116 773 202 818 814
236 781 374 829 σει-ος
408 768 501 820 καὶ
525 765 859 837 ἀναιρέσεως
889 766 1078 824 ὅπλων
1107 766 1367 841 ἡμμένας,
1400 775 1450 826 εἰ
1476 769 1769 842 μηδενὸςὛ
1738 793 1918 842 ενεκα,

233 842 357 900 ἀλλ’
380 852 578 901 εἴποτε
597 845 808 917 δεήσειε
839 832 1111 919 πανδημεὶ
1140 851 1288 922 πάσῃ
1315 856 1384 922 τῇ
1413 852 1648 923 δυνάμει
1669 858 1919 908 καταλεί-

233 946 440 991 ποντας
475 925 580 998 τὴν
616 928 781 983 πόλιν
818 931 921 994 ἔξω
957 930 1374 1000 στρατεύεσθαι,
1404 953 1535 997 τους
1571 934 1921 1003 φυλάξοντας

232 1008 431 1074 παῖδάς
448 1031 507 1065 τε
526 1012 618 1065 καὶ
635 1009 740 1081 τὴν
759 1009 936 1082 άλλην
959 1010 1126 1066 πόλιν
1145 1011 1375 1077 ἱκανοὺς
1395 1011 1534 1073 εἶναι
1554 1014 1616 1068 τό
1643 1037 1707 1084 γε
1725 1022 1919 1071 τοσοῦ-

225 1112 348 1166 τον,
379 1086 415 1162 ἢ
434 1092 526 1146 καὶ
546 1089 894 1163 τούναντίον,
927 1084 1007 1148 ὦν
1038 1091 1208 1152 οὐδὲν
1235 1090 1549 1165 ἀπώμοτον,
1577 1098 1789 1161 ἔξωθεν
1815 1116 1919 1151 πο-

232 1177 453 1243 λεμίους
473 1172 827 1239 εἰσπεσόντας
839 1174 997 1247 ρ”σόμῃ
1015 1177 1121 1230 τινὶ
1137 1175 1347 1248 μεγάλῃ
1359 1179 1449 1233 καὶ
1467 1182 1578 1250 βία,
1599 1178 1921 1249 βαρβάρους

232 1262 340 1311 εἴτε
365 1252 651 1328 Έλληνας,
672 1253 923 1328 ἀνάγκην
939 1269 1241 1330 παρασχεῖν
1259 1261 1384 1328 περὶ
1402 1256 1574 1330 αὐτῆς
1586 1266 1686 1331 τῆς
1707 1259 1922 1325 πόλεως

170 1341 202 1381 Β
234 1335 338 1408 τὴν
358 1337 631 1410 διαμάχην
647 1343 961 1411 γίγνεσθαι,
981 1341 1158 1410 πολλή
1177 1360 1288 1395 που
1306 1345 1469 1396 κακία
1498 1346 1789 1438 πολιτείας,
1817 1340 1920 1396 οὕ-

229 1439 336 1483 τως
367 1423 603 1488 αἰσχρῶς
631 1441 729 1484 τας
766 1431 1034 1489 γυναικας
1071 1418 1210 1475 εἶναι
1245 1422 1649 1491 τεθραμμένας,
1681 1418 1754 1485 ὥς
1783 1419 1915 1492 μηδ’

232 1499 419 1571 ω’σπερ
442 1499 677 1571 ὅρννθας
694 1503 820 1569 περι
837 1503 1049 1557 τέκνων
1080 1504 1391 1573 μαχομένας
1418 1502 1557 1573 πρὸς
1585 1499 1775 1557 ὁτιοῦν
1804 1507 1917 1556 τῶν

230 1582 607 1654 ἰσχυροτάτων
624 1582 844 1653 θηρίων
865 1585 1079 1638 ἐθέλειν
1098 1582 1485 1655 ἀποθνήσκειν
1510 1604 1569 1639 τε
1587 1586 1680 1639 καὶ
1707 1583 1918 1648 πάντας

229 1664 532 1729 κινδύνους
550 1663 919 1735 κινδυνεύειν,
941 1661 1063 1720 ἀλλ’
1096 1663 1274 1730 εὐθύς
1301 1663 1440 1737 πρὸς
1466 1663 1585 1735 cepo}
1609 1667 1918 1736 φερομένας

154 1768 156 1771 ’
230 1746 443 1812 πάντας
471 1745 694 1818 βωμούς
729 1766 794 1801 τε
816 1748 907 1801 καὶ
935 1746 1107 1812 ναοὺς
1137 1746 1473 1817 ἐμπιπλάναι
1497 1749 1590 1805 καὶ
1618 1746 1788 1812 δόξαν
1817 1753 1916 1802 τοῦ

227 1849 342 1883 των
361 1825 686 1898 ἀνθρώπων
709 1828 908 1896 γένους
936 1839 1208 1898 καταχεῖν,
1245 1826 1316 1892 ὡς
1345 1827 1570 1882 πάντων
1600 1828 1918 1882 δειλότατον

228 1909 396 1980 φύσει
415 1913 634 1979 θηρίων
653 1912 953 1965 ἐστίν..

370 1989 616 2046 ΚΛ.οὐ
655 2012 732 2062 μα
771 1989 871 2047 τὸν
907 1995 1037 2062 Δία,
1075 2013 1118 2046 ω
1157 1992 1306 2059 ξένε,
1346 1988 1604 2061 ούδαμως
1641 1988 1916 2061 εὔσχημον

167 2073 197 2113 C
226 2071 459 2143 γίγνοιτ’
498 2073 588 2144 άν,
625 2077 730 2128 τοῦ
764 2080 943 2129 κακοῦ
976 2078 1158 2145 χωρίς,
1188 2077 1351 2127 τοῦτο
1382 2075 1444 2127 ἐν
1475 2071 1634 2127 πόλει
1666 2070 1809 2127 ὅπου
1830 2077 1916 2142 γί-

227 2175 430 2225 γνοιτο.

310 2259 312 2262 ·
367 2243 485 2292 ΑΘ.
528 2235 758 2293 Οὐκοῦν
786 2243 1034 2308 τιθῶμεν
1061 2235 1161 2292 τὸν
1191 2237 1371 2307 νόμον
1405 2240 1624 2306 τοῦτον,
1660 2217 1816 2306 μέχρι
1851 2254 1915 2304 γε

226 2316 500 2373 τοσούτου
545 2317 617 2387 μὴ
657 2319 982 2388 άμελεισθαι
1017 2341 1084 2373 τα
1119 2320 1244 2390 περι
1279 2317 1379 2373 τὸν
1419 2318 1664 2386 πόλεμον
1697 2319 1915 2384 γυναιξὶ

231 2403 364 2470 δεῖν,
392 2402 771 2470 ἐπιμελεῖσθαι
809 2398 869 2453 δὲ
899 2400 1108 2464 πάντας
1137 2399 1267 2463 τοὺς
1296 2404 1519 2462 πολίτας
1547 2399 1637 2452 καὶ
1673 2396 1769 2460 τοὶς
1806 2415 1911 2450 πο-

225 2484 461 2546 λίτιδας;

367 2567 486 2619 ΚΛ.
520 2560 656 2634 Ἐγώ
678 2566 822 2633 γοῦν
841 2566 1124 2632 συγχωρῶ.

366 2651 483 2701 ΑΘ.
520 2643 709 2716 Πάλης
736 2649 930 2700 τοίνυν
957 2641 1024 2698 τὰ
1052 2641 1153 2714 μὲν
1183 2649 1426 2712 εἴπομεν,
1454 2639 1486 2695 ὃ
1524 2637 1577 2695 δ’
1618 2642 1729 2695 ἐστὶ
1759 2643 1912 2710 μέγι-

229 2743 377 2798 στον,
404 2725 475 2791 ὠς
495 2723 600 2796 ἐγώ
628 2731 801 2797 φαίην
818 2724 907 2794 ἄν,
941 2722 1045 2780 οὐκ
1075 2723 1386 2795 εἰρήκαμεν,
1419 2719 1540 2778 οὐδ’
1566 2726 1680 2777 ἔστι
1711 2720 1911 2793 ῥοίδιον

229 2807 365 2864 ἄνευ
384 2813 483 2863 τοῦ
506 2813 583 2881 τῷ
614 2808 823 2879 σώματι
846 2807 1138 2863 δεικνύντα
1159 2804 1270 2876 ἅμα
1292 2806 1477 2878 καὶτῷ
1498 2802 1644 2877 λόγῳ
1663 2801 1906 2874 φράζειν.

954 3044 984 3065 5
