1976 3172
255 159 325 212 32
869 158 1378 207 HAATSZNOZ‘

257 313 371 349 των
407 290 646 362 ἀγώνων
680 288 946 347 ὁστισοῦν
981 288 1106 346 οὐδ’
1147 287 1218 346 ἀν
1251 289 1453 362 ἥμισυς
1491 291 1693 345 ἑαυτοῦ
1729 292 1942 360 γένοιτο

259 372 398 445 πρὸς
429 371 660 445 ἀρετήν·
695 372 940 443 σώφρων
974 370 1034 427 δὲ
1072 365 1179 443 ἀρα
1214 375 1409 436 τελέως
1445 376 1595 427 ἔσται
1618 369 1691 442 μὴ
1719 378 1946 438 πολλαῖς

257 453 484 526 ἡδοναῖς
501 456 594 511 καὶ
623 457 943 526 ἐπιθυμίαις
972 455 1412 525 προτρεπούσαις
1440 451 1826 524 ἀναισχυντεῖν
1854 456 1948 509 καὶ

258 535 471 607 ἀδικεῖν
501 538 974 610 διαμεμαχημένος
1009 537 1103 592 καὶ
1136 536 1441 607 νενικηκώς
1475 538 1611 607 μετὰ
1648 536 1837 608 λόγον’
1855 538 1947 593 καὶ

258 623 427 691 ἔργου
446 621 538 676 καὶ
554 621 744 692 τέχνης
766 625 827 676 ἒν
848 640 906 674 τε
924 621 1166 683 παιδιαῖς
1182 619 1273 674 καὶ
1291 619 1352 673 ἐν
1371 623 1652 691 σπουδαῖς,
1674 617 1787 675 ἀλλ’
1813 618 1946 679 ἀπα-

258 701 366 774 θὴς
389 699 470 758 ὢν
489 702 717 758 πάντων
742 723 857 757 των
874 700 1172 765 τοιούτων;

190 790 225 831 Ε
403 790 522 841 KA.
561 782 791 840 Ούκουν
809 786 910 840 τόν
929 783 980 855 γ’
1006 782 1190 840 εἰκότα
1210 781 1382 853 λόγον
1410 779 1482 837 ἀν
1506 787 1632 853 ἔχοι.

399 870 504 921 XV.
545 872 659 922 ΑΘ.
704 870 777 921 Τι
797 887 932 933 ουν;
975 867 1161 938 φόβου
1181 866 1478 937 φάρμακον
1496 863 1622 922 ἔσθ’
1647 863 1796 929 ὅστις
1813 839 1948 929 θεὸς

259 953 467 1006 ἔδωκεν
485 946 828 1018 ἀνθρώποις,
842 940 982 1003 ὥστε
1003 947 1191 1022 ὁπόσῳ
1210 944 1425 1004 πλέον’
1399 971 1472 1004 αν
1490 950 1657 1020 ἐθέλῃ
1666 969 1747 1012 τις
1765 952 1948 1003 πίνειν

259 1029 452 1101 αὐτοῦ,
472 1029 719 1104 τοσούτω
741 1035 953 1100 μᾶλλον
973 1027 1147 1085 αὐτὸν
1176 1034 1416 1100 νομίζειν
1433 1028 1565 1085 καθ’
1589 1029 1823 1099 ἑκάστην
1843 1028 1949 1083 πό-

258 1131 349 1168 σιν
384 1116 630 1182 δυστυχῆ
664 1116 976 1181 γίγνεσθαι,
1007 1113 1099 1166 καὶ
1136 1117 1435 1182 φοβεῖσθαι
1470 1131 1536 1165 τα
1573 1111 1823 1180 παρόντα
1857 1112 1950 1167 καὶ

143 1201 230 1247 648
257 1193 323 1248 τὰ
342 1195 624 1264 ,μέλλοντα
651 1189 803 1265 αὐτῷ
847 1193 1047 1262 πάντα,
1082 1194 1175 1248 καὶ
1205 1196 1546 1249 τελευτῶντα
1585 1195 1662 1257 εἰς
1690 1196 1803 1247 πᾶν
1829 1194 1950 1256 δέος

258 1277 400 1330 ἰέναι
416 1273 516 1330 τὸν
536 1271 932 1343 ἀνδρειότατον
961 1271 1303 1344 ἀνθρώπων,
1335 1274 1737 1345 ἐκκοιμηθέντα
1771 1273 1830 1330 δὲ
1858 1273 1950 1329 καὶ

256 1362 361 1412 τοῦ
377 1355 636 1427 πώματος
654 1353 1040 1425 ἀπαλλαγέντα
1061 1355 1232 1410 πάλιν
1253 1355 1511 1416 ἑκάστοτε
1538 1354 1641 1410 τὸν
1669 1353 1843 1410 αὐτὸν
1862 1360 1948 1424 γί-

256 1444 511 1507 γνεσθαι.

400 1523 519 1574 KA.
558 1520 667 1573 Καὶ
686 1523 742 1573 τί
755 1514 1010 1574 τοιοῦτον
1027 1529 1233 1589 φαῖμεν
1259 1516 1350 1588 άν,
1386 1540 1429 1573 ω
1462 1519 1598 1587 ξένε,
1627 1519 1688 1573 ἐν
1717 1515 1948 1619 ἀνθρω-

261 1619 384 1665 ποις
403 1602 694 1670 γεγονέναι
714 1606 905 1670 πῶμα·
892 1643 935 1668 ,

400 1687 519 1737 ΑΘ.
557 1678 766 1737 Οὐδέν·
788 1685 839 1737 εἰ
855 1681 910 1737 δ’
935 1703 1044 1737 ουν
1062 1682 1281 1753 ἐγένετό
1301 1690 1501 1754 ποθεν,
1523 1680 1645 1738 ἔσθ’
1672 1704 1700 1738 ο
1731 1702 1783 1737 τι
1809 1681 1949 1752 πρὸς

260 1756 581 1833 ἀνδρείαντ
544 1785 616 1833 ην
634 1758 706 1818 ἀν
726 1768 1006 1837 νομοθέτῃ
1024 1763 1323 1836 χρήσιμον;
1351 1761 1471 1820 οἷον
1489 1762 1551 1820 τὸ
1577 1763 1794 1820 τοιόνδε
1824 1763 1947 1833 περὶ

260 1843 437 1901 αὐτοῦ
465 1846 558 1901 καὶ
593 1844 739 1916 μάλα
770 1853 988 1916 εἴχομεν
1017 1842 1091 1902 ἀν
1123 1844 1274 1920 αὐτῷ
1305 1849 1680 1917 διαλέγεσθαι·
1720 1848 1946 1917 φέρε,ω

261 1927 560 1997 νομοθέτα,
583 1934 690 1982 εἴτε
709 1928 928 1997 Κρησὶν
947 1924 1058 1982 εἴθ’
1083 1930 1422 1983 οιστισινοῦν
1439 1936 1778 1998 νομοθετεις,
1792 1931 1947 1993 προδ-
1974 1976 1975 1979 ,

190 2024 224 2064 Β
259 2029 359 2064 τον
378 2006 481 2079 μὲν
498 2013 612 2063 τῶν
630 2015 874 2063 πολιτῶν
895 2002 979 2079 ἀρ’
999 2005 1070 2064 ἂν
1090 2011 1267 2076 δέξαιο
1288 2009 1539 2082 βάσανον
1555 2009 1789 2073 δυνατὸς
1808 2006 1946 2063 εἶναι

261 2088 568 2161 λαμβάνειν
593 2086 853 2160 ἀνδρείας
871 2112 930 2146 τε
948 2094 1074 2163 πέρι
1094 2093 1187 2148 καὶ
1206 2096 1434 2158 δειλίας;

403 2175 522 2225 ΚΛ
562 2177 707 2241 Φαίη
729 2191 840 2227 που
862 2178 968 2237 πᾶς
988 2169 1060 2228 ἀν
1082 2171 1297 2245 δῆλον“’
1276 2171 1375 2230 ότι.

401 2258 520 2348 ΑΘ.
564 2258 631 2306 Τί
649 2256 734 2318 δέ;
757 2251 876 2323 μετ’
911 2255 1216 2324 ἀσφαλείας
1245 2253 1388 2311 καὶ’
1365 2253 1504 2312 ἀνευ
1535 2257 1818 2311 κινδύνων
1848 2277 1945 2326 με-

260 2328 495 2403 γάλων
468 2329 505 2403 ἠ’
522 2330 657 2403 μετὰ
675 2354 788 2388 των
805 2336 1099 2390 ἐναντίων·
1086 2379 1100 2403 ,

286 2428 294 2431 “
405 2419 523 2470 ΚΛ.
563 2415 675 2468 Καὶ
717 2419 882 2470 τοῦτο
927 2416 1062 2485 μετὰ
1100 2423 1196 2486 τῆς
1232 2414 1534 2524 ἀσφαλείας
1569 2416 1946 2487 ξυνομολογή-

262 2511 346 2551 σει
364 2501 484 2560 πᾶς.

339 2585 343 2590 ’
403 2584 521 2634 ΑΘ.
555 2585 721 2652 Χρωο
742 2576 792 2634 δ’
829 2575 899 2634 ἄν
928 2583 1004 2644 εἰς
1029 2578 1162 2645 τοὺς
1191 2579 1406 2652 φόβους
1433 2578 1665 2644 τούτους
1683 2577 1837 2650 ἄγων
1855 2582 1946 2636 καὶ

263 2658 547 2728 έλέγχων’
520 2681 581 2714 εν
599 2671 713 2725 τοῖς
730 2661 1074 2732 παθήμασιν,
1096 2660 1235 2718 ω’στε
1262 2660 1589 2734 ἀναγκάζειν
1617 2661 1838 2733 άφοβον
1858 2666 1946 2731 γί-

202 2753 234 2795 C
263 2747 516 2811 γνεσθαι,
537 2742 1050 2814 παρακελευόμενος
1078 2746 1170 2801 καὶ
1195 2752 1488 2801 νουθετῶν
1514 2746 1607 2801 καὶ
1636 2750 1824 2816 τιμῶν,
1845 2741 1945 2798 τὸν

239 2824 322 2891 ,δὲ
351 2818 644 2897 ἀτιμάζων,
674 2821 822 2889 ὅστις
854 2840 942 2880 σοι
973 2824 1046 2897 μὴ
1078 2832 1326 2883 πείθοιτο
1357 2824 1497 2882 εἶναι
1527 2832 1793 2894 τοιοῦτος,
1825 2819 1945 2879 οἷον
