1976 3172
673 75 996 126 ΝΟΜΩΝ
1022 68 1073 124 ε’.
1601 72 1702 129 141

29 214 35 219 ’
58 222 201 274 λείω.
242 217 513 286 σωτηρίας
544 232 605 268 τε
632 208 740 281 γὰρ
766 206 906 280 ἀρχὴ
934 210 1161 278 μεγίστη
1198 207 1412 275 πόλεως
1438 209 1579 282 αὕτη
1618 216 1707 282 γί-

89 319 223 368 εται,
245 297 335 353 καὶ
351 296 443 353 ἐπὶ
455 288 699 392 ταύτηςὶ
698 285 820 347 οἷον
848 292 1117 361 κρηπῖδος
1143 294 1385 361 μονίμου
1414 293 1708 349 ἐποικοδο-

57 391 139 436 εῖν
169 374 504 476 δυνατόν,”
449 396 644 431 οντινα
661 370 995 473 αναῧστερον
1021 372 1359 443 ἐποικοδομῇ
1381 393 1462 437 τις
1490 375 1706 472 κόσμον

59 620 267 693 ολιτική
285 624 481 691 πρᾶξις
499 618 733 692 οὐδεμιᾷ
751 616 984 688 γίγνοιτ’
1009 614 1082 673 ἂν
1102 618 1275 674 πόλει,
1323 618 1396 688 ἣν
1414 615 1569 690 ἡμεῖς
1587 622 1708 691 μέν,

36 709 93 772 ”ς
113 727 316 777 φαμεν,
336 702 686 775 ἐκφεύγομεν
706 721 718 734 ·
757 699 909 772 ὅμως
928 699 987 756 δὲ
1007 703 1271 771 εἰρῆσθαί
1282 720 1347 770 γε
1376 697 1707 772 ὀρθότερον,

43 793 68 845 ί
94 790 187 846 καὶ
215 785 289 859 μὴ
326 784 713 857 ἐξεφεύγομεν,
742 781 853 856 ὅπη
885 778 1010 838 ποτ’
1050 778 1124 837 ἀν
1154 780 1498 853 ἐποιούμεθα
1536 780 1710 856 αὐτῆς

60 869 118 926 ’ν
136 868 344 941 φυγήν.
382 864 715 940 εἰρήσθωοδὴ
736 872 865 935 νῦν,
895 864 983 921 ὅτι
1010 866 1099 920 διὰ
1132 869 1236 920 τοῦ
1265 863 1339 936 μὴ
1363 871 1710 939 φιλοχρημα-

93 974 129 1008 ν
142 950 277 1024 μετὰ
297 955 469 1022 δίκης,
489 947 628 1019 άλλη
649 945 701 1003 δ’
724 945 830 1004 οὐκ
850 950 999 1002 ἔστιν
1028 942 1150 1002 οὔτ’
1187 943 1374 1014 εὐρεῖα
1395 944 1525 1002 οὔτε
1543 946 1707 1050 στενὴ

47 1043 113 1106 ῆς
131 1035 388 1107 τοιαύτης
405 1037 652 1105 μηχανῆς
671 1030 947 1102 διαφυγή·
985 1031 1077 1086 καὶ
1095 1036 1261 1086 τοῦτο
1289 1032 1392 1101 μὲν
1418 1025 1602 1086 οἶον“
1569 1051 1710 1102 ερμα

57 1118 230 1182 όλεως
247 1116 382 1189 ἡμῖν
399 1122 609 1191 κείσθω
627 1111 695 1170 τά
716 1118 841 1168 νῦν.
863 1110 1237 1182 ἀνεγκλήτους
1261 1112 1368 1182 γὰρ
1389 1115 1477 1167 δεῖ
1490 1110 1588 1176 τὰς
1607 1109 1714 1166 οὐ-

49 1205 136 1264 ίας
153 1198 294 1267 πρὸς
310 1196 584 1268 ἀλλήλους
612 1195 1121 1261 κατασκευάζεσθαι
1153 1192 1307 1265 ἁμῶς
1332 1195 1400 1265 γε’
1422 1214 1556 1264 πως,
1574 1190 1612 1265 ἢ
1634 1195 1708 1265 μὴ
1737 1203 1771 1244 Β

59 1284 270 1348 ροτέναι
290 1278 564 1348 πρότερον
582 1281 658 1340 εἰς
673 1275 1076 1346 τουμπροσθεν
1094 1275 1292 1330 ἑκόντα
1321 1273 1464 1330 εἶναι
1492 1281 1588 1346 τῆς
1607 1274 1710 1331 αλ-

46 1382 112 1432 ης
129 1365 489 1429 κατασκευῆς,
523 1350 667 1421 οἷς
626 1378 662 1429 ῃ
691 1354 895 1411 παλαιὰ
927 1354 1238 1427 ἐγκλήματα
1267 1354 1408 1425 πρὸς
1435 1355 1712 1427 ἀλλήλους

51 1445 107 1498 αὶ
123 1440 276 1507 ὅσοις
294 1445 403 1497 νοῦ
419 1440 510 1495 καὶ
529 1435 766 1510 σμικρὸν
784 1442 919 1510 μετῇ
934 1458 945 1469 ·
981 1432 1063 1502 οἷς
1085 1440 1162 1506 δέ,
1182 1435 1254 1501 ὥς
1271 1433 1406 1509 ἡμῖν
1426 1444 1552 1510 νῦν,
1574 1437 1712 1502 θεὸς

81 1545 189 1580 ωκε
198 1522 407 1599 καινήν
423 1543 483 1578 τε
505 1521 672 1578 πόλιν
692 1525 915 1588 οἰκίζειν
932 1521 1024 1576 καὶ
1044 1518 1122 1592 μή
1150 1541 1306 1585 τινας
1334 1523 1539 1591 ἔχθρας
1569 1518 1716 1576 εἷναί

59 1629 102 1662 ω
122 1602 261 1676 πρὸς
292 1604 585 1677 ἀλλήλους,
612 1601 850 1669 τούτους
876 1607 1082 1674 ἔχθρας
1106 1599 1293 1667 αὐτοῖς
1323 1606 1532 1668 αἰτίους
1551 1604 1711 1674 γενέ-

51 1696 153 1744 θαι
171 1686 262 1744 διὰ
289 1686 394 1759 τὴν
421 1685 692 1758 διανομὴν
718 1692 815 1757 τῆς
837 1692 938 1758 γῆς
965 1707 1023 1740 τε
1051 1687 1143 1741 καὶ
1171 1683 1445 1756 οἰκήσεων
1476 1682 1581 1740 οὐκ
1608 1681 1712 1739 ἀν-

58 1770 304 1842 ρώπινος
333 1765 408 1825 ἄν
443 1777 526 1840 εἴη
563 1766 699 1840 μετὰ
731 1768 904 1839 κάκης
932 1767 1111 1839 πάσης
1138 1765 1369 1839 ἀμαθία.
1406 1772 1489 1833 τίς
1507 1760 1614 1824 οὖν
1639 1764 1706 1838 δὴ
1748 1776 1778 1818 0

81 1852 221 1918 όπος
238 1847 311 1908 ἀν
339 1858 423 1923 εἴη
442 1857 539 1923 τῆς
562 1848 740 1923 ὀρθῆς
769 1853 1062 1922 διανομῆς;
1101 1855 1328 1922 πρῶτον
1346 1850 1450 1921 μὲν
1474 1847 1579 1904 τὸν
1607 1845 1713 1903 αύ-

67 1939 129 1990 ’ν
146 1933 320 2005 ὄγκον
335 1937 440 1991 τοῦ
458 1931 709 2006 ἀριθμοῦ
730 1935 819 1988 δεῖ
830 1931 1123 2003 τάξασθαι,
1152 1930 1332 1988 πόσον
1353 1930 1495 1987 εἶναι
1513 1928 1708 2000 χρεών·

116 2012 151 2070 ἀ
182 2014 242 2071 δὲ
276 2021 443 2071 τοῦτο
477 2012 582 2085 τὴν
617 2010 893 2084 διανομὴν
922 2018 1037 2068 τῶν
1073 2018 1332 2083 πολιτῶν,
1362 2007 1500 2066 καθ’
1530 2007 1712 2066 ὁπόσα

58 2099 155 2168 έρη
175 2095 384 2168 πλήθει
399 2097 493 2152 καὶ
518 2093 754 2166 ὁπηλίκα
773 2095 1078 2163 διαιρετέον
1110 2091 1334 2164 αὐτούς,
1361 2089 1713 2164 ἀνομολογη-

49 2183 143 2236 έον
156 2201 167 2212 ·
207 2179 294 2236 ἐπὶ
314 2178 374 2235 δὲ
393 2182 567 2234 ταῦτα
585 2177 691 2249 τήν
709 2197 768 2233 τε
786 2182 895 2248 γῆν
914 2179 1005 2232 καὶ
1033 2173 1133 2241 τάς
1151 2174 1392 2247 οἰκήσεις
1410 2173 1444 2231 δ’
1470 2195 1522 2229 τι
1547 2174 1712 2245 μάλι-

84 2284 119 2317 α
143 2269 265 2327 ἴσας
282 2263 652 2331 ἐπινεμητέον.
692 2258 859 2330 ὄγκος
881 2257 948 2330 δὴ
971 2257 1227 2330 πλήθους
1256 2255 1449 2322 ίκανός
1477 2253 1580 2313 οὐκ
1612 2255 1715 2312 ἅλ-

40 2339 58 2409 s
96 2364 124 2409 ς
141 2341 327 2415 ὀρθῶς
343 2339 577 2413 γίγνοιτ’
599 2339 674 2397 ἄν
693 2341 907 2413 λεχθεὶς
926 2336 961 2412 ἢ
980 2338 1118 2411 πρὸς
1136 2337 1240 2411 τὴν
1254 2345 1368 2411 ’γῆν
1383 2338 1474 2394 καὶ
1493 2337 1589 2404 τὰς
1600 2344 1711 2394 τῶν

61 2424 416 2497 &mandem
442 2422 647 2495 πόλεις,
680 2430 782 2495 γῆς
812 2424 933 2495 μέν,
962 2419 1141 2494 ὁπόση
1171 2421 1382 2487 πόσους
1409 2421 1708 2493 σώφρονας
1736 2437 1769 2482 Ῑ)

22 2501 191 2569 ὄντας
207 2504 368 2578 ἱκανὴ
385 2509 631 2577 τρέφειν,
650 2509 905 2571 πλείονος
926 2502 980 2561 δ’
1002 2502 1171 2562 οὐδὲν
1189 2509 1436 2577 προσδεῖ,
1458 2504 1712 2576 πλήθους

23 2586 101 2654 δέ,
122 2580 318 2642 ὁκόσοι
333 2584 465 2653 τούς
494 2586 855 2660 προσχώρους
885 2583 1218 2651 ἀδικοῦντάς
1247 2607 1303 2642 τε
1332 2583 1537 2652 αὐτοὺς
1564 2582 1712 2657 ἀμύ-

59 2673 235 2721 ασθαι
266 2667 492 2725 δυνατοὶ
521 2671 615 2727 καὶ
642 2674 883 2742 γείτοσιν
911 2670 1127 2725 ἑαυτῶν
1156 2667 1546 2740 ἀδικουμένοις
1574 2672 1710 2739 βοη-

21 2753 196 2821 θῆσαί
216 2746 291 2820 μὴ
310 2748 656 2810 παντάπασιν
665 2749 890 2827 ἀπόρως
907 2750 1161 2809 δύναιντ’
1184 2754 1271 2810 ἄν.
1290 2757 1464 2809 ταῦτα
1486 2748 1541 2806 δ’
1567 2747 1710 2805 ίδόν·
