<?xml version="1.0" encoding="UTF-8"?>
<!DOCTYPE html PUBLIC "-//W3C//DTD XHTML 1.0 Transitional//EN"
    "http://www.w3.org/TR/xhtml1/DTD/xhtml1-transitional.dtd">
<html xmlns="http://www.w3.org/1999/xhtml" xml:lang="en" lang="en">
 <head>
  <title>
</title>
<meta http-equiv="Content-Type" content="text/html;charset=utf-8" />
  <meta name='ocr-system' content='tesseract 3.04.00' />
  <meta name='ocr-capabilities' content='ocr_page ocr_carea ocr_par ocr_line ocrx_word'/>
</head>
<body>
  <div class='ocr_page' id='page_1' title='image "./dialogisecumdumt05platuoft_0276.png"; bbox 0 0 1976 3172; ppageno 0'>
   <div class='ocr_carea' id='block_1_1' title="bbox 274 171 1358 223">
    <p class='ocr_par' dir='ltr' id='par_1_1' title="bbox 274 171 1358 223">
     <span class='ocr_line' id='line_1_1' title="bbox 274 171 1358 223; baseline -0.002 0"><span class='ocrx_word' id='word_1_1' title='bbox 274 171 380 223; x_wconf 81' lang='lat'><em>244</em></span> <span class='ocrx_word' id='word_1_2' title='bbox 880 171 1358 221; x_wconf 26' lang='grc' dir='ltr'><em>ΠΧΛΑΤΔΩΝΟΣ</em></span> 
     </span>
    </p>
   </div>
   <div class='ocr_carea' id='block_1_2' title="bbox 159 303 1976 2910">
    <p class='ocr_par' dir='ltr' id='par_1_2' title="bbox 274 303 1964 786">
     <span class='ocr_line' id='line_1_2' title="bbox 417 303 1962 377; baseline 0.001 -17"><span class='ocrx_word' id='word_1_3' title='bbox 417 308 592 360; x_wconf 88' lang='lat' dir='ltr'>XXIII.</span> <span class='ocrx_word' id='word_1_4' title='bbox 632 311 749 360; x_wconf 84' lang='grc' dir='ltr'><em>ΑΘ.</em></span> <span class='ocrx_word' id='word_1_5' title='bbox 771 303 915 376; x_wconf 73' lang='grc' dir='ltr'><em>’Ήδη</em></span> <span class='ocrx_word' id='word_1_6' title='bbox 933 309 1126 360; x_wconf 82' lang='grc' dir='ltr'><strong><em>τοίνυν</em></strong></span> <span class='ocrx_word' id='word_1_7' title='bbox 1143 306 1245 376; x_wconf 86' lang='grc' dir='ltr'><em>χρὴ</em></span> <span class='ocrx_word' id='word_1_8' title='bbox 1267 306 1443 376; x_wconf 96' lang='grc' dir='ltr'><em>φάναι</em></span> <span class='ocrx_word' id='word_1_9' title='bbox 1461 308 1616 370; x_wconf 90' lang='grc' dir='ltr'><em>τέλος</em></span> <span class='ocrx_word' id='word_1_10' title='bbox 1645 306 1788 376; x_wconf 84' lang='grc' dir='ltr'><em>ἔχειν</em></span> <span class='ocrx_word' id='word_1_11' title='bbox 1806 306 1874 361; x_wconf 86' lang='grc' dir='ltr'><em>τά</em></span> <span class='ocrx_word' id='word_1_12' title='bbox 1897 328 1962 377; x_wconf 90' lang='grc' dir='ltr'><em>γε</em></span> 
     </span>
     <span class='ocr_line' id='line_1_3' title="bbox 275 384 1962 458; baseline 0 -16"><span class='ocrx_word' id='word_1_13' title='bbox 275 390 523 450; x_wconf 79' lang='grc' dir='ltr'><strong><em>παιδείας</em></strong></span> <span class='ocrx_word' id='word_1_14' title='bbox 540 384 886 457; x_wconf 79' lang='grc' dir='ltr'><em>μαθημάτων</em></span> <span class='ocrx_word' id='word_1_15' title='bbox 916 388 1040 456; x_wconf 86' lang='grc' dir='ltr'><em>πέρι</em></span> <span class='ocrx_word' id='word_1_16' title='bbox 1069 386 1303 457; x_wconf 89' lang='grc' dir='ltr'><em>νόμιμα·</em></span> <span class='ocrx_word' id='word_1_17' title='bbox 1340 390 1465 458; x_wconf 85' lang='grc' dir='ltr'><em>περὶ</em></span> <span class='ocrx_word' id='word_1_18' title='bbox 1494 387 1554 443; x_wconf 77' lang='grc' dir='ltr'><em>δὲ</em></span> <span class='ocrx_word' id='word_1_19' title='bbox 1574 386 1756 458; x_wconf 84' lang='grc' dir='ltr'><em>θήρας</em></span> <span class='ocrx_word' id='word_1_20' title='bbox 1775 386 1962 442; x_wconf 71' lang='grc' dir='ltr'><em>ὡσαύ-</em></span> 
     </span>
     <span class='ocr_line' id='line_1_4' title="bbox 275 465 1959 540; baseline -0.001 -16"><span class='ocrx_word' id='word_1_21' title='bbox 275 489 382 534; x_wconf 87' lang='grc' dir='ltr'><em>τως</em></span> <span class='ocrx_word' id='word_1_22' title='bbox 411 472 782 539; x_wconf 83' lang='grc' dir='ltr'><em>διανοηθῆναι</em></span> <span class='ocrx_word' id='word_1_23' title='bbox 810 467 913 540; x_wconf 85' lang='grc' dir='ltr'><em>χρὴ</em></span> <span class='ocrx_word' id='word_1_24' title='bbox 935 471 1026 523; x_wconf 79' lang='grc' dir='ltr'><em>καὶ</em></span> <span class='ocrx_word' id='word_1_25' title='bbox 1054 471 1179 540; x_wconf 83' lang='grc' dir='ltr'><em>περὶ</em></span> <span class='ocrx_word' id='word_1_26' title='bbox 1203 467 1467 524; x_wconf 79' lang='grc' dir='ltr'><em>ἁπάντων</em></span> <span class='ocrx_word' id='word_1_27' title='bbox 1503 465 1682 525; x_wconf 81' lang='grc' dir='ltr'><strong><em>ὁπόσα</em></strong></span> <span class='ocrx_word' id='word_1_28' title='bbox 1717 474 1959 529; x_wconf 87' lang='grc' dir='ltr'><em>τοιαῦτα.</em></span> 
     </span>
     <span class='ocr_line' id='line_1_5' title="bbox 275 548 1963 622; baseline 0 -17"><span class='ocrx_word' id='word_1_29' title='bbox 275 548 591 605; x_wconf 82' lang='grc' dir='ltr'><em>κινδυνεύει</em></span> <span class='ocrx_word' id='word_1_30' title='bbox 609 548 717 620; x_wconf 79' lang='grc' dir='ltr'><em>γὰρ</em></span> <span class='ocrx_word' id='word_1_31' title='bbox 745 549 811 620; x_wconf 82' lang='grc' dir='ltr'><em>δὴ</em></span> <span class='ocrx_word' id='word_1_32' title='bbox 833 552 1112 622; x_wconf 79' lang='grc' dir='ltr'><em>νομοθέτῃ</em></span> <span class='ocrx_word' id='word_1_33' title='bbox 1135 548 1196 605; x_wconf 88' lang='grc' dir='ltr'>τό</span> <span class='ocrx_word' id='word_1_34' title='bbox 1223 549 1707 622; x_wconf 80' lang='grc' dir='ltr'><em>προσταττόμενον</em></span> <span class='ocrx_word' id='word_1_35' title='bbox 1737 552 1824 605; x_wconf 85' lang='grc' dir='ltr'><em>ἐπὶ</em></span> <span class='ocrx_word' id='word_1_36' title='bbox 1842 560 1963 621; x_wconf 72' lang='grc' dir='ltr'><em>μεῖ-</em></span> 
     </span>
     <span class='ocr_line' id='line_1_6' title="bbox 276 630 1964 705; baseline 0.001 -18"><span class='ocrx_word' id='word_1_37' title='bbox 276 637 370 698; x_wconf 81' lang='grc' dir='ltr'><em>ζον</em></span> <span class='ocrx_word' id='word_1_38' title='bbox 390 630 531 687; x_wconf 90' lang='grc' dir='ltr'><em>εἶναι</em></span> <span class='ocrx_word' id='word_1_39' title='bbox 550 637 651 686; x_wconf 83' lang='grc' dir='ltr'><em>τοῦ</em></span> <span class='ocrx_word' id='word_1_40' title='bbox 671 631 881 702; x_wconf 91' lang='grc' dir='ltr'><em>νόμους</em></span> <span class='ocrx_word' id='word_1_41' title='bbox 898 633 1073 687; x_wconf 80' lang='grc' dir='ltr'><em>θέντα</em></span> <span class='ocrx_word' id='word_1_42' title='bbox 1093 630 1462 705; x_wconf 72' lang='grc' dir='ltr'><em>ἀπηλλάχθαι,</em></span> <span class='ocrx_word' id='word_1_43' title='bbox 1477 634 1667 704; x_wconf 55' lang='grc' dir='ltr'><em>ἕτερον</em></span> <span class='ocrx_word' id='word_1_44' title='bbox 1680 635 1744 689; x_wconf 89' lang='grc' dir='ltr'><em>δέ</em></span> <span class='ocrx_word' id='word_1_45' title='bbox 1758 652 1811 688; x_wconf 93' lang='grc' dir='ltr'><em>τι</em></span> <span class='ocrx_word' id='word_1_46' title='bbox 1826 630 1964 702; x_wconf 85' lang='grc' dir='ltr'><em>πρὸς</em></span> 
     </span>
     <span class='ocr_line' id='line_1_7' title="bbox 274 711 1962 786; baseline 0 -18"><span class='ocrx_word' id='word_1_47' title='bbox 274 724 387 778; x_wconf 76' lang='grc' dir='ltr'><em>τοῖς</em></span> <span class='ocrx_word' id='word_1_48' title='bbox 405 712 598 784; x_wconf 85' lang='grc' dir='ltr'><em>νόμοις</em></span> <span class='ocrx_word' id='word_1_49' title='bbox 617 711 755 768; x_wconf 79' lang='grc' dir='ltr'><em>εἶναι</em></span> <span class='ocrx_word' id='word_1_50' title='bbox 774 713 977 783; x_wconf 83' lang='grc' dir='ltr'><em>μεταξύ</em></span> <span class='ocrx_word' id='word_1_51' title='bbox 996 736 1047 769; x_wconf 93' lang='grc' dir='ltr'><em>τι</em></span> <span class='ocrx_word' id='word_1_52' title='bbox 1064 715 1455 786; x_wconf 76' lang='grc' dir='ltr'><em>νουθετήσεώς</em></span> <span class='ocrx_word' id='word_1_53' title='bbox 1483 736 1540 770; x_wconf 88' lang='grc' dir='ltr'><em>τε</em></span> <span class='ocrx_word' id='word_1_54' title='bbox 1571 714 1822 784; x_wconf 81' lang='grc' dir='ltr'><em>πεφυκὸς</em></span> <span class='ocrx_word' id='word_1_55' title='bbox 1848 712 1962 785; x_wconf 78' lang='grc' dir='ltr'><em>ἅμα</em></span> 
     </span>
    </p>

    <p class='ocr_par' dir='ltr' id='par_1_3' title="bbox 212 792 1964 1520">
     <span class='ocr_line' id='line_1_8' title="bbox 212 792 1960 867; baseline -0.001 -18"><span class='ocrx_word' id='word_1_56' title='bbox 212 809 246 849; x_wconf 90' lang='grc' dir='ltr'>Ε</span> <span class='ocrx_word' id='word_1_57' title='bbox 275 795 366 849; x_wconf 85' lang='grc' dir='ltr'><em>καὶ</em></span> <span class='ocrx_word' id='word_1_58' title='bbox 386 794 594 864; x_wconf 91' lang='grc' dir='ltr'><em>νόμων,</em></span> <span class='ocrx_word' id='word_1_59' title='bbox 622 792 655 848; x_wconf 80' lang='grc' dir='ltr'>ὃ</span> <span class='ocrx_word' id='word_1_60' title='bbox 687 795 754 865; x_wconf 82' lang='grc' dir='ltr'><em>δὴ</em></span> <span class='ocrx_word' id='word_1_61' title='bbox 777 796 1042 860; x_wconf 78' lang='grc' dir='ltr'><em>πολλάκις</em></span> <span class='ocrx_word' id='word_1_62' title='bbox 1068 795 1229 866; x_wconf 74' lang='grc' dir='ltr'><em>ἡμῶν</em></span> <span class='ocrx_word' id='word_1_63' title='bbox 1266 799 1581 867; x_wconf 84' lang='grc' dir='ltr'><em>ἐμπέπτωκε</em></span> <span class='ocrx_word' id='word_1_64' title='bbox 1618 803 1730 859; x_wconf 86' lang='grc' dir='ltr'><em>τοῖς</em></span> <span class='ocrx_word' id='word_1_65' title='bbox 1756 795 1960 863; x_wconf 78' lang='grc' dir='ltr'><em>λόγοις,</em></span> 
     </span>
     <span class='ocr_line' id='line_1_9' title="bbox 277 869 1961 947; baseline -0.001 -18"><span class='ocrx_word' id='word_1_66' title='bbox 277 869 397 930; x_wconf 83' lang='grc' dir='ltr'><em>οἷον</em></span> <span class='ocrx_word' id='word_1_67' title='bbox 418 876 543 944; x_wconf 85' lang='grc' dir='ltr'><em>περὶ</em></span> <span class='ocrx_word' id='word_1_68' title='bbox 562 874 665 945; x_wconf 85' lang='grc' dir='ltr'><em>τὴν</em></span> <span class='ocrx_word' id='word_1_69' title='bbox 684 882 798 930; x_wconf 73' lang='grc' dir='ltr'><em>τῶν</em></span> <span class='ocrx_word' id='word_1_70' title='bbox 823 876 1044 947; x_wconf 82' lang='grc' dir='ltr'><em>σφόδρα</em></span> <span class='ocrx_word' id='word_1_71' title='bbox 1064 880 1208 932; x_wconf 88' lang='grc' dir='ltr'><em>νέων</em></span> <span class='ocrx_word' id='word_1_72' title='bbox 1226 882 1441 938; x_wconf 81' lang='grc' dir='ltr'><em>παίδων</em></span> <span class='ocrx_word' id='word_1_73' title='bbox 1470 876 1713 946; x_wconf 85' lang='grc' dir='ltr'><em>τροφήν·</em></span> <span class='ocrx_word' id='word_1_74' title='bbox 1752 874 1821 930; x_wconf 81' lang='grc' dir='ltr'><em>οὐ</em></span> <span class='ocrx_word' id='word_1_75' title='bbox 1851 872 1961 944; x_wconf 78' lang='grc' dir='ltr'><em>γὰρ</em></span> 
     </span>
     <span class='ocr_line' id='line_1_10' title="bbox 275 953 1964 1027; baseline 0 -17"><span class='ocrx_word' id='word_1_76' title='bbox 275 954 487 1027; x_wconf 74' lang='grc' dir='ltr'><em>ἄρρητά</em></span> <span class='ocrx_word' id='word_1_77' title='bbox 508 977 693 1027; x_wconf 92' lang='grc' dir='ltr'><em>φαμεν</em></span> <span class='ocrx_word' id='word_1_78' title='bbox 713 954 870 1027; x_wconf 85' lang='grc' dir='ltr'><em>εἶναι,</em></span> <span class='ocrx_word' id='word_1_79' title='bbox 892 960 1142 1027; x_wconf 87' lang='grc' dir='ltr'><em>λέγοντές</em></span> <span class='ocrx_word' id='word_1_80' title='bbox 1168 978 1226 1013; x_wconf 93' lang='grc' dir='ltr'><em>τε</em></span> <span class='ocrx_word' id='word_1_81' title='bbox 1246 953 1386 1012; x_wconf 83' lang='grc' dir='ltr'><em>αὐτὰ</em></span> <span class='ocrx_word' id='word_1_82' title='bbox 1408 954 1481 1021; x_wconf 80' lang='grc' dir='ltr'><em>ὡς</em></span> <span class='ocrx_word' id='word_1_83' title='bbox 1508 956 1717 1026; x_wconf 89' lang='grc' dir='ltr'><em>νόμους</em></span> <span class='ocrx_word' id='word_1_84' title='bbox 1742 962 1964 1011; x_wconf 76' lang='grc' dir='ltr'><em>οἴεσθαι</em></span> 
     </span>
     <span class='ocr_line' id='line_1_11' title="bbox 274 1034 1963 1110; baseline 0 -18"><span class='ocrx_word' id='word_1_85' title='bbox 274 1037 606 1108; x_wconf 81' lang='grc' dir='ltr'><em>τιθεμένους</em></span> <span class='ocrx_word' id='word_1_86' title='bbox 626 1035 767 1093; x_wconf 83' lang='grc' dir='ltr'><em>εἶναι</em></span> <span class='ocrx_word' id='word_1_87' title='bbox 794 1045 1001 1110; x_wconf 84' lang='grc' dir='ltr'><em>πολλῆς</em></span> <span class='ocrx_word' id='word_1_88' title='bbox 1025 1037 1215 1104; x_wconf 80' lang='grc' dir='ltr'><em>ἀνοίας</em></span> <span class='ocrx_word' id='word_1_89' title='bbox 1238 1041 1439 1110; x_wconf 89' lang='grc' dir='ltr'><em>γέμειν.</em></span> <span class='ocrx_word' id='word_1_90' title='bbox 1477 1040 1874 1110; x_wconf 79' lang='grc' dir='ltr'><em>γεγραμμένων</em></span> <span class='ocrx_word' id='word_1_91' title='bbox 1894 1034 1963 1107; x_wconf 89' lang='grc' dir='ltr'><em>δὴ</em></span> 
     </span>
     <span class='ocr_line' id='line_1_12' title="bbox 274 1114 1962 1191; baseline -0.001 -17"><span class='ocrx_word' id='word_1_92' title='bbox 274 1118 450 1190; x_wconf 80' lang='grc' dir='ltr'><em>ταύτῃ</em></span> <span class='ocrx_word' id='word_1_93' title='bbox 469 1124 583 1174; x_wconf 74' lang='grc' dir='ltr'><em>τῶν</em></span> <span class='ocrx_word' id='word_1_94' title='bbox 612 1118 805 1190; x_wconf 89' lang='grc' dir='ltr'><em>νόμων</em></span> <span class='ocrx_word' id='word_1_95' title='bbox 831 1141 890 1175; x_wconf 97' lang='grc' dir='ltr'><em>τε</em></span> <span class='ocrx_word' id='word_1_96' title='bbox 910 1122 1002 1175; x_wconf 84' lang='grc' dir='ltr'><em>καὶ</em></span> <span class='ocrx_word' id='word_1_97' title='bbox 1030 1119 1160 1191; x_wconf 82' lang='grc' dir='ltr'><em>ὅλης</em></span> <span class='ocrx_word' id='word_1_98' title='bbox 1191 1127 1286 1191; x_wconf 80' lang='grc' dir='ltr'><em>τῆς</em></span> <span class='ocrx_word' id='word_1_99' title='bbox 1313 1124 1588 1184; x_wconf 84' lang='grc' dir='ltr'><em>πολιτείας</em></span> <span class='ocrx_word' id='word_1_100' title='bbox 1621 1117 1690 1174; x_wconf 80' lang='grc' dir='ltr'><em>οὐ</em></span> <span class='ocrx_word' id='word_1_101' title='bbox 1712 1122 1904 1182; x_wconf 81' lang='grc' dir='ltr'><em>’τέλεος</em></span> <span class='ocrx_word' id='word_1_102' title='bbox 1932 1114 1962 1172; x_wconf 85' lang='grc' dir='ltr'>ὁ</span> 
     </span>
     <span class='ocr_line' id='line_1_13' title="bbox 274 1201 1962 1274; baseline -0.001 -18"><span class='ocrx_word' id='word_1_103' title='bbox 274 1207 379 1256; x_wconf 83' lang='grc' dir='ltr'><em>τοῦ</em></span> <span class='ocrx_word' id='word_1_104' title='bbox 396 1205 760 1273; x_wconf 74' lang='grc' dir='ltr'><em>διαφέροντος</em></span> <span class='ocrx_word' id='word_1_105' title='bbox 789 1207 1019 1259; x_wconf 88' lang='grc' dir='ltr'><em>πολίτου</em></span> <span class='ocrx_word' id='word_1_106' title='bbox 1047 1202 1186 1273; x_wconf 85' lang='grc' dir='ltr'><em>πρὸς</em></span> <span class='ocrx_word' id='word_1_107' title='bbox 1214 1201 1420 1274; x_wconf 81' lang='grc' dir='ltr'><em>άρετὴν</em></span> <span class='ocrx_word' id='word_1_108' title='bbox 1447 1207 1692 1273; x_wconf 89' lang='grc' dir='ltr'><em>γίγνεται</em></span> <span class='ocrx_word' id='word_1_109' title='bbox 1723 1205 1962 1273; x_wconf 85' lang='grc' dir='ltr'><em>ἔπαινος,</em></span> 
     </span>
     <span class='ocr_line' id='line_1_14' title="bbox 276 1280 1962 1357; baseline 0 -20"><span class='ocrx_word' id='word_1_110' title='bbox 276 1280 411 1338; x_wconf 83' lang='grc' dir='ltr'><em>ὅταν</em></span> <span class='ocrx_word' id='word_1_111' title='bbox 436 1281 613 1339; x_wconf 82' lang='grc' dir='ltr'><em>αὐτόν</em></span> <span class='ocrx_word' id='word_1_112' title='bbox 631 1304 712 1350; x_wconf 92' lang='grc' dir='ltr'><em>τις</em></span> <span class='ocrx_word' id='word_1_113' title='bbox 732 1291 814 1356; x_wconf 86' lang='grc' dir='ltr'><em>φῇ</em></span> <span class='ocrx_word' id='word_1_114' title='bbox 831 1285 930 1341; x_wconf 81' lang='grc' dir='ltr'><em>τόν</em></span> <span class='ocrx_word' id='word_1_115' title='bbox 960 1282 1385 1357; x_wconf 80' lang='grc' dir='ltr'><em>ὑπηρετήσαντα</em></span> <span class='ocrx_word' id='word_1_116' title='bbox 1413 1295 1527 1349; x_wconf 75' lang='grc' dir='ltr'><em>τοῖς</em></span> <span class='ocrx_word' id='word_1_117' title='bbox 1557 1282 1748 1355; x_wconf 89' lang='grc' dir='ltr'><em>νόμοις</em></span> <span class='ocrx_word' id='word_1_118' title='bbox 1766 1281 1962 1353; x_wconf 75' lang='grc' dir='ltr'><em>ἄριστα</em></span> 
     </span>
     <span class='ocr_line' id='line_1_15' title="bbox 273 1363 1960 1438; baseline 0 -19"><span class='ocrx_word' id='word_1_119' title='bbox 273 1367 366 1421; x_wconf 83' lang='grc' dir='ltr'><em>καὶ</em></span> <span class='ocrx_word' id='word_1_120' title='bbox 388 1365 731 1437; x_wconf 77' lang='grc' dir='ltr'><em>πειθόμενον</em></span> <span class='ocrx_word' id='word_1_121' title='bbox 750 1366 983 1438; x_wconf 87' lang='grc' dir='ltr'><em>μάλιστα</em></span> <span class='ocrx_word' id='word_1_122' title='bbox 1002 1374 1204 1423; x_wconf 81' lang='grc' dir='ltr'><em>τοῦτον</em></span> <span class='ocrx_word' id='word_1_123' title='bbox 1223 1366 1364 1422; x_wconf 79' lang='grc' dir='ltr'><em>εἶναι</em></span> <span class='ocrx_word' id='word_1_124' title='bbox 1382 1365 1482 1422; x_wconf 86' lang='grc' dir='ltr'><em>τὸν</em></span> <span class='ocrx_word' id='word_1_125' title='bbox 1502 1365 1746 1436; x_wconf 77' lang='grc' dir='ltr'><em>ἀγαθόν·</em></span> <span class='ocrx_word' id='word_1_126' title='bbox 1773 1363 1960 1420; x_wconf 74' lang='grc' dir='ltr'><em>τελειό-</em></span> 
     </span>
     <span class='ocr_line' id='line_1_16' title="bbox 274 1441 1961 1520; baseline -0.001 -19"><span class='ocrx_word' id='word_1_127' title='bbox 274 1468 438 1519; x_wconf 86' lang='grc' dir='ltr'><em>τερον</em></span> <span class='ocrx_word' id='word_1_128' title='bbox 460 1449 519 1509; x_wconf 63' lang='grc' dir='ltr'><em>,δὲ</em></span> <span class='ocrx_word' id='word_1_129' title='bbox 540 1441 647 1503; x_wconf 73' lang='grc' dir='ltr'><em>ὦδε</em></span> <span class='ocrx_word' id='word_1_130' title='bbox 675 1451 983 1519; x_wconf 83' lang='grc' dir='ltr'><em>εἰρημένον,</em></span> <span class='ocrx_word' id='word_1_131' title='bbox 1006 1445 1046 1503; x_wconf 71' lang='grc' dir='ltr'><em>οἱ</em></span> <span class='ocrx_word' id='word_1_132' title='bbox 1054 1471 1080 1513; x_wconf 92' lang='grc' dir='ltr'><em>ς</em></span> <span class='ocrx_word' id='word_1_133' title='bbox 1096 1448 1205 1520; x_wconf 77' lang='grc' dir='ltr'><em>ἄρα</em></span> <span class='ocrx_word' id='word_1_134' title='bbox 1225 1445 1285 1513; x_wconf 84' lang='grc' dir='ltr'><em>ὂς</em></span> <span class='ocrx_word' id='word_1_135' title='bbox 1309 1444 1381 1503; x_wconf 72' lang='grc' dir='ltr'><em>ἄν</em></span> <span class='ocrx_word' id='word_1_136' title='bbox 1399 1458 1513 1511; x_wconf 85' lang='grc' dir='ltr'><em>τοϊς</em></span> <span class='ocrx_word' id='word_1_137' title='bbox 1530 1453 1632 1502; x_wconf 85' lang='grc' dir='ltr'><em>τοῦ</em></span> <span class='ocrx_word' id='word_1_138' title='bbox 1648 1449 1961 1517; x_wconf 88' lang='grc' dir='ltr'><em>νομοθέτου</em></span> 
     </span>
    </p>

    <p class='ocr_par' dir='ltr' id='par_1_4' title="bbox 159 1527 1976 2171">
     <span class='ocr_line' id='line_1_17' title="bbox 159 1527 1962 1600; baseline -0.002 -16"><span class='ocrx_word' id='word_1_139' title='bbox 159 1546 246 1592; x_wconf 80' lang='lat'><em>823</em></span> <span class='ocrx_word' id='word_1_140' title='bbox 274 1530 722 1600; x_wconf 83' lang='grc' dir='ltr'><em>νομοθετοῦντός</em></span> <span class='ocrx_word' id='word_1_141' title='bbox 738 1549 795 1586; x_wconf 88' lang='grc' dir='ltr'><em>τε</em></span> <span class='ocrx_word' id='word_1_142' title='bbox 815 1533 905 1586; x_wconf 83' lang='grc' dir='ltr'><em>καὶ</em></span> <span class='ocrx_word' id='word_1_143' title='bbox 922 1533 1279 1595; x_wconf 83' lang='grc' dir='ltr'><em>ἐπαινοῦντος</em></span> <span class='ocrx_word' id='word_1_144' title='bbox 1297 1532 1387 1586; x_wconf 84' lang='grc' dir='ltr'><em>καὶ</em></span> <span class='ocrx_word' id='word_1_145' title='bbox 1408 1530 1675 1600; x_wconf 79' lang='grc' dir='ltr'><em>ψέγοντος</em></span> <span class='ocrx_word' id='word_1_146' title='bbox 1693 1527 1962 1596; x_wconf 82' lang='grc' dir='ltr'><em>πειθόμε-</em></span> 
     </span>
     <span class='ocr_line' id='line_1_18' title="bbox 275 1601 1962 1684; baseline -0.002 -19"><span class='ocrx_word' id='word_1_147' title='bbox 275 1631 372 1675; x_wconf 87' lang='grc' dir='ltr'><em>νος</em></span> <span class='ocrx_word' id='word_1_148' title='bbox 405 1610 689 1683; x_wconf 89' lang='grc' dir='ltr'><em>γράμμασι</em></span> <span class='ocrx_word' id='word_1_149' title='bbox 737 1614 988 1684; x_wconf 81' lang='grc' dir='ltr'><em>διεξέλθῃ</em></span> <span class='ocrx_word' id='word_1_150' title='bbox 1023 1611 1123 1667; x_wconf 86' lang='grc' dir='ltr'><em>τὸν</em></span> <span class='ocrx_word' id='word_1_151' title='bbox 1160 1616 1286 1683; x_wconf 89' lang='grc' dir='ltr'><em>βίον</em></span> <span class='ocrx_word' id='word_1_152' title='bbox 1328 1610 1586 1678; x_wconf 75' lang='grc' dir='ltr'><em>ἄκρατον.</em></span> <span class='ocrx_word' id='word_1_153' title='bbox 1635 1601 1797 1672; x_wconf 77' lang='grc' dir='ltr'><em>οὗτος</em></span> <span class='ocrx_word' id='word_1_154' title='bbox 1835 1606 1868 1662; x_wconf 83' lang='grc' dir='ltr'>ὅ</span> <span class='ocrx_word' id='word_1_155' title='bbox 1903 1628 1962 1663; x_wconf 87' lang='grc' dir='ltr'><em>τε</em></span> 
     </span>
     <span class='ocr_line' id='line_1_19' title="bbox 275 1689 1963 1762; baseline -0.001 -16"><span class='ocrx_word' id='word_1_156' title='bbox 275 1692 439 1762; x_wconf 86' lang='grc' dir='ltr'><em>λόγος</em></span> <span class='ocrx_word' id='word_1_157' title='bbox 459 1689 766 1762; x_wconf 87' lang='grc' dir='ltr'><em>ὀρθότατος</em></span> <span class='ocrx_word' id='word_1_158' title='bbox 787 1697 862 1757; x_wconf 84' lang='grc' dir='ltr'><em>εἰς</em></span> <span class='ocrx_word' id='word_1_159' title='bbox 891 1697 1122 1748; x_wconf 79' lang='grc' dir='ltr'><em>ἔπαινον</em></span> <span class='ocrx_word' id='word_1_160' title='bbox 1151 1697 1398 1762; x_wconf 87' lang='grc' dir='ltr'><em>πολίτου,</em></span> <span class='ocrx_word' id='word_1_161' title='bbox 1429 1691 1531 1747; x_wconf 90' lang='grc' dir='ltr'><em>τόν</em></span> <span class='ocrx_word' id='word_1_162' title='bbox 1559 1711 1619 1747; x_wconf 90' lang='grc' dir='ltr'><em>τε</em></span> <span class='ocrx_word' id='word_1_163' title='bbox 1646 1693 1963 1762; x_wconf 88' lang='grc' dir='ltr'><em>νομοθέτην</em></span> 
     </span>
     <span class='ocr_line' id='line_1_20' title="bbox 276 1769 1963 1845; baseline -0.001 -18"><span class='ocrx_word' id='word_1_164' title='bbox 276 1770 451 1838; x_wconf 81' lang='grc' dir='ltr'><em>ὅντως</em></span> <span class='ocrx_word' id='word_1_165' title='bbox 485 1777 567 1829; x_wconf 83' lang='grc' dir='ltr'><em>δεῖ</em></span> <span class='ocrx_word' id='word_1_166' title='bbox 597 1772 668 1845; x_wconf 77' lang='grc' dir='ltr'><em>μὴ</em></span> <span class='ocrx_word' id='word_1_167' title='bbox 703 1772 878 1844; x_wconf 90' lang='grc' dir='ltr'><em>μόνον</em></span> <span class='ocrx_word' id='word_1_168' title='bbox 898 1773 1140 1845; x_wconf 81' lang='grc' dir='ltr'><em>γράφειν</em></span> <span class='ocrx_word' id='word_1_169' title='bbox 1167 1773 1299 1839; x_wconf 83' lang='grc' dir='ltr'><em>τοὺς</em></span> <span class='ocrx_word' id='word_1_170' title='bbox 1336 1774 1564 1845; x_wconf 87' lang='grc' dir='ltr'><em>νόμους,</em></span> <span class='ocrx_word' id='word_1_171' title='bbox 1595 1769 1734 1841; x_wconf 84' lang='grc' dir='ltr'><em>πρὸς</em></span> <span class='ocrx_word' id='word_1_172' title='bbox 1763 1773 1822 1828; x_wconf 79' lang='grc' dir='ltr'><em>δὲ</em></span> <span class='ocrx_word' id='word_1_173' title='bbox 1849 1782 1963 1836; x_wconf 78' lang='grc' dir='ltr'><em>τοῖς</em></span> 
     </span>
     <span class='ocr_line' id='line_1_21' title="bbox 276 1852 1976 1928; baseline 0.001 -21"><span class='ocrx_word' id='word_1_174' title='bbox 276 1852 468 1923; x_wconf 80' lang='grc' dir='ltr'><em>νόμοις</em></span> <span class='ocrx_word' id='word_1_175' title='bbox 487 1852 591 1909; x_wconf 78' lang='grc' dir='ltr'><em>ὅσα</em></span> <span class='ocrx_word' id='word_1_176' title='bbox 609 1853 750 1911; x_wconf 78' lang='grc' dir='ltr'><em>καλὰ</em></span> <span class='ocrx_word' id='word_1_177' title='bbox 772 1852 923 1924; x_wconf 76' lang='grc' dir='ltr'><em>αὐτῷ</em></span> <span class='ocrx_word' id='word_1_178' title='bbox 944 1860 1101 1911; x_wconf 79' lang='grc' dir='ltr'><em>δοκεῖ</em></span> <span class='ocrx_word' id='word_1_179' title='bbox 1114 1858 1205 1912; x_wconf 83' lang='grc' dir='ltr'><em>καὶ</em></span> <span class='ocrx_word' id='word_1_180' title='bbox 1223 1853 1296 1927; x_wconf 88' lang='grc' dir='ltr'><em>μὴ</em></span> <span class='ocrx_word' id='word_1_181' title='bbox 1320 1853 1460 1912; x_wconf 74' lang='grc' dir='ltr'><em>καλοὶ</em></span> <span class='ocrx_word' id='word_1_182' title='bbox 1484 1853 1625 1910; x_wconf 84' lang='grc' dir='ltr'><em>εἶναι</em></span> <span class='ocrx_word' id='word_1_183' title='bbox 1643 1852 1837 1925; x_wconf 89' lang='grc' dir='ltr'><em>νόμοις</em></span> <span class='ocrx_word' id='word_1_184' title='bbox 1862 1855 1976 1928; x_wconf 28' lang='grc' dir='ltr'><em>ἐμ-,ᾗ</em></span> 
     </span>
     <span class='ocr_line' id='line_1_22' title="bbox 275 1927 1976 2015; baseline 0.001 -27"><span class='ocrx_word' id='word_1_185' title='bbox 275 1938 623 2007; x_wconf 86' lang='grc' dir='ltr'><em>πεπλεγμένα</em></span> <span class='ocrx_word' id='word_1_186' title='bbox 641 1937 898 2008; x_wconf 89' lang='grc' dir='ltr'><em>γράφειν,</em></span> <span class='ocrx_word' id='word_1_187' title='bbox 919 1936 1020 1992; x_wconf 88' lang='grc' dir='ltr'><em>τὸν</em></span> <span class='ocrx_word' id='word_1_188' title='bbox 1041 1937 1100 1992; x_wconf 77' lang='grc' dir='ltr'><em>δὲ</em></span> <span class='ocrx_word' id='word_1_189' title='bbox 1131 1936 1311 2009; x_wconf 74' lang='grc' dir='ltr'><em>ἄκρον</em></span> <span class='ocrx_word' id='word_1_190' title='bbox 1338 1935 1568 2007; x_wconf 84' lang='grc' dir='ltr'><em>πολίτην</em></span> <span class='ocrx_word' id='word_1_191' title='bbox 1595 1935 1766 2006; x_wconf 77' lang='grc' dir='ltr'><em>μηδὲν</em></span> <span class='ocrx_word' id='word_1_192' title='bbox 1793 1927 1976 2015; x_wconf 79' lang='grc' dir='ltr'><em>ἧττον·</em></span> 
     </span>
     <span class='ocr_line' id='line_1_23' title="bbox 273 2013 1976 2091; baseline 0 -21"><span class='ocrx_word' id='word_1_193' title='bbox 273 2019 449 2071; x_wconf 83' lang='grc' dir='ltr'><em>ταῦτα</em></span> <span class='ocrx_word' id='word_1_194' title='bbox 469 2019 747 2089; x_wconf 81' lang='grc' dir='ltr'><em>ἐμπεδοῦν</em></span> <span class='ocrx_word' id='word_1_195' title='bbox 769 2013 806 2089; x_wconf 79' lang='grc' dir='ltr'><strong><em>ἦ</em></strong></span> <span class='ocrx_word' id='word_1_196' title='bbox 833 2016 902 2073; x_wconf 80' lang='grc' dir='ltr'><em>τὰ</em></span> <span class='ocrx_word' id='word_1_197' title='bbox 931 2029 1047 2083; x_wconf 87' lang='grc' dir='ltr'><em>ταῖς</em></span> <span class='ocrx_word' id='word_1_198' title='bbox 1079 2022 1288 2090; x_wconf 80' lang='grc' dir='ltr'><em>ζημίαις</em></span> <span class='ocrx_word' id='word_1_199' title='bbox 1313 2015 1420 2073; x_wconf 81' lang='grc' dir='ltr'><em>ὑπὸ</em></span> <span class='ocrx_word' id='word_1_200' title='bbox 1451 2015 1641 2087; x_wconf 85' lang='grc' dir='ltr'><em>νόμων</em></span> <span class='ocrx_word' id='word_1_201' title='bbox 1667 2022 1976 2091; x_wconf 47' lang='grc' dir='ltr'><em>κατειλημμέ</em></span> 
     </span>
     <span class='ocr_line' id='line_1_24' title="bbox 275 2090 1974 2171; baseline 0.002 -19"><span class='ocrx_word' id='word_1_202' title='bbox 275 2098 427 2167; x_wconf 90' lang='grc' dir='ltr'><em>μένα.</em></span> <span class='ocrx_word' id='word_1_203' title='bbox 467 2097 528 2155; x_wconf 89' lang='grc' dir='ltr'>τό</span> <span class='ocrx_word' id='word_1_204' title='bbox 552 2098 612 2155; x_wconf 74' lang='grc' dir='ltr'><em>δὲ</em></span> <span class='ocrx_word' id='word_1_205' title='bbox 632 2098 698 2169; x_wconf 86' lang='grc' dir='ltr'><em>δὴ</em></span> <span class='ocrx_word' id='word_1_206' title='bbox 721 2097 901 2171; x_wconf 85' lang='grc' dir='ltr'><em>παρὸν</em></span> <span class='ocrx_word' id='word_1_207' title='bbox 930 2098 1063 2171; x_wconf 78' lang='grc' dir='ltr'><em>ἡμῖν</em></span> <span class='ocrx_word' id='word_1_208' title='bbox 1091 2099 1156 2155; x_wconf 75' lang='grc' dir='ltr'><em>τοὶ</em></span> <span class='ocrx_word' id='word_1_209' title='bbox 1186 2106 1296 2155; x_wconf 82' lang='grc' dir='ltr'><em>νῦν</em></span> <span class='ocrx_word' id='word_1_210' title='bbox 1327 2095 1448 2155; x_wconf 85' lang='grc' dir='ltr'><em>οἷον</em></span> <span class='ocrx_word' id='word_1_211' title='bbox 1476 2098 1730 2170; x_wconf 87' lang='grc' dir='ltr'><em>μάρτυρα</em></span> <span class='ocrx_word' id='word_1_212' title='bbox 1755 2090 1974 2167; x_wconf 69' lang='grc' dir='ltr'><em>ἐπαγό-’ἷ</em></span> 
     </span>
    </p>

    <p class='ocr_par' dir='ltr' id='par_1_5' title="bbox 214 2178 1970 2824">
     <span class='ocr_line' id='line_1_25' title="bbox 214 2178 1970 2258; baseline -0.002 -19"><span class='ocrx_word' id='word_1_213' title='bbox 214 2199 245 2239; x_wconf 89' lang='grc' dir='ltr'>Β</span> <span class='ocrx_word' id='word_1_214' title='bbox 276 2188 448 2249; x_wconf 88' lang='grc' dir='ltr'><em>μεθα·</em></span> <span class='ocrx_word' id='word_1_215' title='bbox 487 2184 759 2253; x_wconf 69' lang='grc' dir='ltr'><em>δηλοῖμεν</em></span> <span class='ocrx_word' id='word_1_216' title='bbox 778 2178 849 2237; x_wconf 69' lang='grc' dir='ltr'><em>ἂν</em></span> <span class='ocrx_word' id='word_1_217' title='bbox 868 2179 900 2237; x_wconf 83' lang='grc' dir='ltr'><em>ὂ</em></span> <span class='ocrx_word' id='word_1_218' title='bbox 915 2182 1242 2255; x_wconf 86' lang='grc' dir='ltr'><em>βουλόμεθα</em></span> <span class='ocrx_word' id='word_1_219' title='bbox 1262 2188 1486 2258; x_wconf 46' lang='grc' dir='ltr'><em>μᾶλλον.</em></span> <span class='ocrx_word' id='word_1_220' title='bbox 1514 2181 1667 2253; x_wconf 83' lang='grc' dir='ltr'><em>θήρα</em></span> <span class='ocrx_word' id='word_1_221' title='bbox 1685 2178 1793 2251; x_wconf 77' lang='grc' dir='ltr'><em>γὰρ</em></span> <span class='ocrx_word' id='word_1_222' title='bbox 1813 2178 1970 2250; x_wconf 51' lang='grc' dir='ltr'><em>πάμωΔ</em></span> 
     </span>
     <span class='ocr_line' id='line_1_26' title="bbox 275 2259 1962 2337; baseline 0.001 -22"><span class='ocrx_word' id='word_1_223' title='bbox 275 2263 420 2317; x_wconf 85' lang='grc' dir='ltr'><em>πολύ</em></span> <span class='ocrx_word' id='word_1_224' title='bbox 439 2285 490 2318; x_wconf 93' lang='grc' dir='ltr'><em>τι</em></span> <span class='ocrx_word' id='word_1_225' title='bbox 509 2266 736 2336; x_wconf 79' lang='grc' dir='ltr'><em>πρᾶγμά</em></span> <span class='ocrx_word' id='word_1_226' title='bbox 753 2268 885 2336; x_wconf 87' lang='grc' dir='ltr'><em>ἐστι,</em></span> <span class='ocrx_word' id='word_1_227' title='bbox 907 2269 1362 2337; x_wconf 88' lang='grc' dir='ltr'><em>περιειλημμένον</em></span> <span class='ocrx_word' id='word_1_228' title='bbox 1382 2263 1611 2335; x_wconf 87' lang='grc' dir='ltr'><em>ὀνόματι</em></span> <span class='ocrx_word' id='word_1_229' title='bbox 1633 2269 1741 2319; x_wconf 83' lang='grc' dir='ltr'><em>νῦν</em></span> <span class='ocrx_word' id='word_1_230' title='bbox 1762 2259 1962 2333; x_wconf 28' lang='grc' dir='ltr'><em>σχεδὸν.</em></span> 
     </span>
     <span class='ocr_line' id='line_1_27' title="bbox 274 2342 1959 2418; baseline 0.001 -22"><span class='ocrx_word' id='word_1_231' title='bbox 274 2342 383 2397; x_wconf 76' lang='grc' dir='ltr'><em>ἑνί·</em></span> <span class='ocrx_word' id='word_1_232' title='bbox 422 2345 598 2415; x_wconf 88' lang='grc' dir='ltr'><em>πολλὴ</em></span> <span class='ocrx_word' id='word_1_233' title='bbox 618 2347 721 2415; x_wconf 75' lang='grc' dir='ltr'><em>μὲν</em></span> <span class='ocrx_word' id='word_1_234' title='bbox 738 2345 846 2415; x_wconf 75' lang='grc' dir='ltr'><em>γάρ</em></span> <span class='ocrx_word' id='word_1_235' title='bbox 867 2346 899 2417; x_wconf 89' lang='grc' dir='ltr'><em>ἡ</em></span> <span class='ocrx_word' id='word_1_236' title='bbox 922 2353 1035 2402; x_wconf 75' lang='grc' dir='ltr'><em>τῶν</em></span> <span class='ocrx_word' id='word_1_237' title='bbox 1055 2347 1324 2418; x_wconf 68' lang='grc' dir='ltr'><em>ἐνύδρων,</em></span> <span class='ocrx_word' id='word_1_238' title='bbox 1347 2347 1522 2417; x_wconf 79' lang='grc' dir='ltr'><em>πολλὴ</em></span> <span class='ocrx_word' id='word_1_239' title='bbox 1545 2348 1606 2400; x_wconf 81' lang='grc' dir='ltr'><em>δὲ</em></span> <span class='ocrx_word' id='word_1_240' title='bbox 1632 2343 1667 2414; x_wconf 82' lang='grc' dir='ltr'><strong><em>ἡ</em></strong></span> <span class='ocrx_word' id='word_1_241' title='bbox 1687 2350 1802 2398; x_wconf 68' lang='grc' dir='ltr'><em>τοῖν</em></span> <span class='ocrx_word' id='word_1_242' title='bbox 1820 2364 1959 2413; x_wconf 82' lang='grc' dir='ltr'><em>πτη-</em></span> 
     </span>
     <span class='ocr_line' id='line_1_28' title="bbox 275 2423 1959 2496; baseline -0.002 -17"><span class='ocrx_word' id='word_1_243' title='bbox 275 2430 410 2495; x_wconf 74' lang='grc' dir='ltr'><em>νῶν,</em></span> <span class='ocrx_word' id='word_1_244' title='bbox 434 2425 699 2496; x_wconf 88' lang='grc' dir='ltr'><em>πάμπολυ</em></span> <span class='ocrx_word' id='word_1_245' title='bbox 719 2427 885 2481; x_wconf 76' lang='grc' dir='ltr'><em>δὲκαὶ</em></span> <span class='ocrx_word' id='word_1_246' title='bbox 906 2426 967 2481; x_wconf 85' lang='grc' dir='ltr'><em>τὸ</em></span> <span class='ocrx_word' id='word_1_247' title='bbox 990 2431 1115 2495; x_wconf 83' lang='grc' dir='ltr'><em>περὶ</em></span> <span class='ocrx_word' id='word_1_248' title='bbox 1143 2429 1210 2481; x_wconf 80' lang='grc' dir='ltr'><em>τα</em></span> <span class='ocrx_word' id='word_1_249' title='bbox 1239 2427 1372 2492; x_wconf 75' lang='grc' dir='ltr'><em>πεζοὶ</em></span> <span class='ocrx_word' id='word_1_250' title='bbox 1391 2425 1733 2495; x_wconf 86' lang='grc' dir='ltr'><em>θηρεύματα,</em></span> <span class='ocrx_word' id='word_1_251' title='bbox 1755 2423 1825 2478; x_wconf 81' lang='grc' dir='ltr'><em>οὐ</em></span> <span class='ocrx_word' id='word_1_252' title='bbox 1853 2423 1959 2492; x_wconf 88' lang='grc' dir='ltr'><em>μό-</em></span> 
     </span>
     <span class='ocr_line' id='line_1_29' title="bbox 275 2504 1959 2578; baseline -0.001 -19"><span class='ocrx_word' id='word_1_253' title='bbox 275 2525 379 2560; x_wconf 93' lang='grc' dir='ltr'><em>νον</em></span> <span class='ocrx_word' id='word_1_254' title='bbox 395 2511 633 2577; x_wconf 87' lang='grc' dir='ltr'><em>θηρίων,</em></span> <span class='ocrx_word' id='word_1_255' title='bbox 654 2504 810 2562; x_wconf 58' lang='lat' dir='ltr'><em>duo?</em></span> <span class='ocrx_word' id='word_1_256' title='bbox 821 2510 911 2562; x_wconf 84' lang='grc' dir='ltr'><em>καὶ</em></span> <span class='ocrx_word' id='word_1_257' title='bbox 931 2506 1033 2578; x_wconf 84' lang='grc' dir='ltr'><em>τὴν</em></span> <span class='ocrx_word' id='word_1_258' title='bbox 1060 2514 1174 2562; x_wconf 74' lang='grc' dir='ltr'><em>τῶν</em></span> <span class='ocrx_word' id='word_1_259' title='bbox 1205 2506 1529 2577; x_wconf 72' lang='grc' dir='ltr'><em>ἀνθρώπων</em></span> <span class='ocrx_word' id='word_1_260' title='bbox 1560 2505 1721 2571; x_wconf 75' lang='grc' dir='ltr'><em>ἄξιον,</em></span> <span class='ocrx_word' id='word_1_261' title='bbox 1745 2507 1959 2559; x_wconf 79' lang='grc' dir='ltr'><em>ἐννοεῖν</em></span> 
     </span>
     <span class='ocr_line' id='line_1_30' title="bbox 274 2584 1958 2659; baseline -0.002 -18"><span class='ocrx_word' id='word_1_262' title='bbox 274 2586 482 2658; x_wconf 81' lang='grc' dir='ltr'><em>θήραν,</em></span> <span class='ocrx_word' id='word_1_263' title='bbox 502 2587 606 2659; x_wconf 85' lang='grc' dir='ltr'><em>τήν</em></span> <span class='ocrx_word' id='word_1_264' title='bbox 624 2609 682 2643; x_wconf 94' lang='grc' dir='ltr'><em>τε</em></span> <span class='ocrx_word' id='word_1_265' title='bbox 700 2588 839 2643; x_wconf 73' lang='grc' dir='ltr'><em>κατὰ</em></span> <span class='ocrx_word' id='word_1_266' title='bbox 857 2587 1118 2659; x_wconf 89' lang='grc' dir='ltr'><em>πόλεμον,</em></span> <span class='ocrx_word' id='word_1_267' title='bbox 1141 2585 1314 2658; x_wconf 81' lang='grc' dir='ltr'><em>πολλὴ</em></span> <span class='ocrx_word' id='word_1_268' title='bbox 1341 2587 1509 2643; x_wconf 76' lang='grc' dir='ltr'><em>δὲκαὶ</em></span> <span class='ocrx_word' id='word_1_269' title='bbox 1535 2584 1569 2657; x_wconf 80' lang='grc' dir='ltr'><em>ἡ</em></span> <span class='ocrx_word' id='word_1_270' title='bbox 1599 2584 1736 2641; x_wconf 81' lang='grc' dir='ltr'><em>κατα</em></span> <span class='ocrx_word' id='word_1_271' title='bbox 1767 2589 1958 2655; x_wconf 85' lang='grc' dir='ltr'><em>φιλίαν</em></span> 
     </span>
     <span class='ocr_line' id='line_1_31' title="bbox 274 2668 1960 2741; baseline -0.001 -18"><span class='ocrx_word' id='word_1_272' title='bbox 274 2668 653 2741; x_wconf 84' lang='grc' dir='ltr'><em>θηρεύουσαὴ</em></span> <span class='ocrx_word' id='word_1_273' title='bbox 679 2671 782 2741; x_wconf 77' lang='grc' dir='ltr'><em>μὲν</em></span> <span class='ocrx_word' id='word_1_274' title='bbox 802 2668 1098 2741; x_wconf 82' lang='grc' dir='ltr'><em>ἔπαινον,ἡ</em></span> <span class='ocrx_word' id='word_1_275' title='bbox 1122 2669 1180 2726; x_wconf 74' lang='grc' dir='ltr'><em>δὲ</em></span> <span class='ocrx_word' id='word_1_276' title='bbox 1210 2670 1389 2739; x_wconf 83' lang='grc' dir='ltr'><em>ψόγον</em></span> <span class='ocrx_word' id='word_1_277' title='bbox 1409 2673 1540 2740; x_wconf 82' lang='grc' dir='ltr'><em>ἔχει·</em></span> <span class='ocrx_word' id='word_1_278' title='bbox 1571 2671 1664 2725; x_wconf 84' lang='grc' dir='ltr'><em>καὶ</em></span> <span class='ocrx_word' id='word_1_279' title='bbox 1696 2674 1960 2737; x_wconf 50' lang='grc' dir='ltr'><em>κλωπεῖαι</em></span> 
     </span>
     <span class='ocr_line' id='line_1_32' title="bbox 275 2749 1957 2824; baseline -0.001 -20"><span class='ocrx_word' id='word_1_280' title='bbox 275 2752 367 2805; x_wconf 84' lang='grc' dir='ltr'><em>καὶ</em></span> <span class='ocrx_word' id='word_1_281' title='bbox 388 2757 608 2823; x_wconf 81' lang='grc' dir='ltr'><em>λῃστιὸν</em></span> <span class='ocrx_word' id='word_1_282' title='bbox 625 2754 717 2808; x_wconf 79' lang='grc' dir='ltr'><em>καὶ</em></span> <span class='ocrx_word' id='word_1_283' title='bbox 737 2756 1122 2824; x_wconf 89' lang='grc' dir='ltr'><em>στρατοπέδων</em></span> <span class='ocrx_word' id='word_1_284' title='bbox 1141 2754 1528 2820; x_wconf 89' lang='grc' dir='ltr'><em>στρατοπέδοις</em></span> <span class='ocrx_word' id='word_1_285' title='bbox 1537 2757 1734 2822; x_wconf 82' lang='grc' dir='ltr'><em>θῆραι.</em></span> <span class='ocrx_word' id='word_1_286' title='bbox 1775 2749 1957 2819; x_wconf 76' lang='grc' dir='ltr'><em>θήρας</em></span> 
     </span>
    </p>

    <p class='ocr_par' dir='ltr' id='par_1_6' title="bbox 215 2828 1956 2910">
     <span class='ocr_line' id='line_1_33' title="bbox 215 2828 1956 2910; baseline -0.001 -24"><span class='ocrx_word' id='word_1_287' title='bbox 215 2845 246 2887; x_wconf 85' lang='lat' dir='ltr'>c</span> <span class='ocrx_word' id='word_1_288' title='bbox 278 2832 338 2888; x_wconf 75' lang='grc' dir='ltr'><em>δὲ</em></span> <span class='ocrx_word' id='word_1_289' title='bbox 356 2828 483 2905; x_wconf 78' lang='grc' dir='ltr'><em>πέρι</em></span> <span class='ocrx_word' id='word_1_290' title='bbox 501 2836 711 2892; x_wconf 81' lang='grc' dir='ltr'><em>τνθέντι</em></span> <span class='ocrx_word' id='word_1_291' title='bbox 724 2841 801 2910; x_wconf 76' lang='grc' dir='ltr'><em>τῷ</em></span> <span class='ocrx_word' id='word_1_292' title='bbox 823 2837 1103 2908; x_wconf 75' lang='grc' dir='ltr'><em>νομοθέτῃ</em></span> <span class='ocrx_word' id='word_1_293' title='bbox 1124 2833 1254 2899; x_wconf 80' lang='grc' dir='ltr'><em>τούς</em></span> <span class='ocrx_word' id='word_1_294' title='bbox 1278 2834 1489 2906; x_wconf 89' lang='grc' dir='ltr'><em>νόμους</em></span> <span class='ocrx_word' id='word_1_295' title='bbox 1505 2832 1634 2888; x_wconf 81' lang='grc' dir='ltr'><em>οὔτε</em></span> <span class='ocrx_word' id='word_1_296' title='bbox 1653 2829 1726 2903; x_wconf 80' lang='grc' dir='ltr'><em>μή</em></span> <span class='ocrx_word' id='word_1_297' title='bbox 1748 2835 1956 2902; x_wconf 87' lang='grc' dir='ltr'><em>δηλοῦν</em></span> 
     </span>
    </p>
   </div>
  </div>
 </body>
</html>
