1976 3172
735 135 1046 188 ΝΟΜΩΝ
1075 130 1141 205 η’.
1679 131 1782 186 273

87 277 181 332 καὶ
199 273 260 341 ὃς
286 271 360 331 ἀν
378 273 616 346 ἀρχηγὸς
642 266 681 343 ᾗ
710 278 827 327 τῶν
852 268 1040 325 ἄλλων
1068 276 1168 324 τοῦ
1198 270 1520 347 δωδεκάτου
1549 267 1784 325 ἑκάστου

88 361 312 429 μέρους,
342 353 463 427 ἱερὰ
499 359 786 424 πανταχοῦ
813 349 1169 421 ἱδρύσασθαι.
1219 357 1445 422 πρῶτον
1475 352 1534 407 δὲ
1564 353 1786 407 οἰκοδο-

89 444 219 508 μίας
237 437 379 495 εἶναι
401 438 528 508 περὶ
544 434 613 492 τὰ
628 434 750 505 ἰερα
766 438 960 503 ταῦτα,
980 430 1092 506 ὅπῃ
1112 429 1187 488 ἀν
1205 430 1234 489 6
1253 434 1423 498 τόπος
1440 431 1788 504 ὑψηλότατος

89 542 145 592 ῃ,
176 531 291 586 τοῖς
312 529 585 591 φρουροῖς
611 513 896 598 ὑποδοχὴν
926 513 961 571 ὅ
989 536 1040 570 τι
1065 515 1302 586 μάλιστα
1327 513 1558 586 εὐερκῆ·
1593 513 1698 586 τὴν
1728 517 1788 572 δὲ
1820 529 1852 570 Ε

91 601 269 673 άλλην
285 598 475 672 χώραν
492 585 922 663 κατασκευάζειν
945 603 1134 652 πᾶσαν
1154 599 1512 668 δημιουργων
1539 600 1789 667 τριακαί-

91 683 258 739 δεκα
244 685 383 754 μέρη
410 680 782 752 διελομένους,
818 678 912 734 καὶ
945 675 1008 733 τὰ
1039 678 1144 749 μὲν
1166 679 1230 733 ἐν
1258 677 1412 734 α’στει
1441 681 1787 749 κατοικίζειν,

90 764 447 835 διελομένους
466 785 541 818 αυ
518 756 653 819 ’καὶ
668 766 836 817 τοῦτο
856 764 933 825 εἰς
948 757 1016 814 τά
1037 757 1255 816 δώδεκα
1285 762 1424 831 μέρη
1452 766 1549 832 τῆς
1577 759 1790 825 πόλεως

89 842 325 916 ἁπάσης,
346 848 450 911 ἔξω
468 866 528 901 τε
546 845 640 901 καὶ
659 845 723 900 ἐν
732 842 923 916 κύκλῳ
942 843 1445 913 κατανεμηθέντας,
1465 844 1529 898 ἐν
1546 847 1615 914 τῇ
1631 841 1791 914 κωμῃ

93 925 154 981 δὲ
172 926 374 999 ἑκάστῃ
396 926 465 982 τὰ
494 925 795 997 πρόσφορα
823 934 1118 995 γεωργοῖσι
1135 925 1270 994 γένη
1296 926 1412 979 τῶν
1432 925 1790 995 δημιουργῶν
1866 940 1870 943 ·

92 1013 440 1075 συνοικίζειν.
462 1006 596 1073 τοὺς
614 1005 664 1063 δ’
686 1003 1013 1078 ἐπιμελητὰς
1032 1003 1173 1072 εἶναι
1190 1004 1408 1061 τούτων
1418 1005 1647 1062 πάντων
1657 1003 1791 1071 τούς

93 1095 210 1145 τῶν
226 1088 564 1161 ἀγρονόμων
587 1089 876 1160 ἄρχοντας,
895 1086 1049 1143 ὅσων
1074 1109 1134 1143 τε
1163 1089 1257 1143 καὶ
1287 1079 1540 1142 ὧντινων
1568 1083 1599 1144 ὁ
1619 1087 1790 1153 τόπος

90 1172 321 1237 ἕκαστος
348 1176 537 1243 δεῖται,
552 1174 645 1227 καὶ
666 1169 813 1227 ὅπου
829 1174 1225 1234 κατοικοῦντες
1243 1165 1589 1225 ἀλυπότατοί
1609 1189 1668 1225 τε
1695 1172 1788 1226 καὶ

93 1251 510 1325 ὠφελιμώτατοι
527 1258 748 1310 ἔσονται
775 1263 919 1309 τοῖσι
946 1257 1277 1323 γεωργοῦσι.
1316 1257 1431 1306 τῶν
1460 1251 1521 1307 δὲ
1549 1253 1611 1307 ἐν
1639 1249 1794 1308 ἄστει
1819 1267 1908 1313 849

90 1332 231 1391 κατὰ
263 1332 333 1389 τὰ
368 1331 511 1389 αὐτοὶ
549 1336 954 1405 ἐπιμεληθῆναι
989 1335 1083 1389 καὶ
1117 1335 1500 1403 ἐπιμελεῖσθαι
1535 1330 1640 1404 τὴν
1676 1338 1792 1390 τῶν

93 1414 429 1487 ἀστυνόμων
448 1413 641 1487 ἀρχήν.

232 1501 363 1554 XIV.
409 1503 536 1563 Τοῖς
574 1495 634 1553 δὲ
662 1496 731 1568 δὴ
758 1494 1133 1567 ἀγορανόμοις
1163 1493 1230 1551 τά
1267 1498 1395 1564 περὶ
1431 1492 1646 1564 ἀγοράν
1682 1516 1793 1552 που

95 1583 182 1636 δεῖ
212 1579 415 1635 ἕκαστα
444 1580 654 1651 μέλειν·
693 1575 729 1650 ἡ
766 1575 818 1633 δ’
860 1579 1139 1648 ἐπιμέλεια
1175 1574 1311 1647 μετὰ
1335 1575 1439 1648 τὴν
1470 1583 1586 1633 τῶν
1624 1579 1794 1648 ἱερῶν

93 1664 383 1727 ἐπίσκεψιν
401 1665 518 1716 τῶν
534 1657 660 1717 κατ’
692 1657 925 1730 ἀγοράν,
946 1658 1020 1730 μή
1037 1681 1118 1724 τις
1136 1656 1302 1730 ἀδικῇ
1323 1679 1392 1729 τι,
1423 1664 1519 1729 τῆς
1546 1663 1663 1714 τῶν
1689 1656 1794 1715 ἀν-

93 1742 350 1813 θρώπων
375 1747 559 1813 χρείας
586 1740 649 1799 τὸ
681 1740 947 1813 δεύτερον
981 1738 1054 1796 ἀν
1094 1747 1178 1812 εἴη
1207 1740 1583 1812 σωφροσύνης
1611 1762 1669 1797 τε
1702 1743 1795 1796 καὶ

29 1859 31 1883 ς
94 1824 311 1897 ὕβρεως
338 1823 679 1889 ἐπισκόπους
715 1823 881 1888 ὄντας
907 1821 1162 1889 κολάζειν
1189 1820 1302 1878 τὸν
1321 1822 1590 1895 δεόμενον
1620 1823 1794 1879 κολά-

93 1923 247 1971 σεως.
278 1926 394 1961 των
410 1905 471 1961 δὲ
489 1901 694 1977 ωνίων,
716 1911 940 1976 πρῶτον
958 1904 1061 1977 μὲν
1078 1902 1145 1960 τὰ
1166 1906 1291 1978 περὶ
1309 1902 1443 1970 τούς
1470 1906 1663 1970 ξένους
1694 1925 1795 1959 τα-

90 1990 299 2062 χθέντα
324 1993 531 2043 πωλεῖν
555 1998 671 2053 τοῖς
699 1985 885 2053 ἀστοῖς
917 1999 1144 2044 σκοπεῖν
1172 1990 1225 2042 εἰ
1247 1992 1493 2058 γίγνεται
1522 1983 1662 2042 κατὰ
1692 1984 1793 2048 τὸν
1822 2006 1854 2046 Β

54 2126 57 2131 ,
94 2070 275 2142 νόμον
312 2070 541 2126 ἕκαστα·
578 2068 754 2140 νόμος
789 2070 903 2125 δέ’
875 2068 1129 2138 εκάστου,
1162 2067 1339 2138 μηνὸς
1373 2075 1442 2140 τῇ
1474 2070 1574 2141 νέα
1610 2060 1690 2123 ὦν
1714 2069 1804 2123 δεῖ

97 2157 387 2222 πραθῆναι
404 2148 467 2207 τὸ
494 2151 661 2222 μέρος
691 2161 805 2216 τοῖς
834 2153 1011 2216 ξένοις
1042 2149 1256 2219 ἐξάγειν
1279 2146 1413 2215 τοὺς
1445 2147 1793 2220 ἐπιτρόπους,

95 2231 221 2290 ὅσοι
237 2243 351 2297 τοῖς
370 2228 556 2296 ἀστοῖς
575 2227 780 2297 ξένοι’“
743 2254 778 2303 η
801 2233 892 2289 καὶ
923 2235 1118 2287 δοῦλοι
1149 2230 1595 2303 ἐπιτροπεύουσι,
1618 2231 1794 2286 δωδε-

96 2313 437 2386 κατημόριον
454 2333 680 2386 πρωτον
700 2320 803 2370 τοῦ
823 2321 999 2385 σίτου,
1019 2314 1119 2370 τὸν
1139 2313 1200 2370 δὲ
1219 2314 1381 2380 ξένον
1400 2316 1479 2380 είς
1495 2304 1678 2369 πάντα
1696 2310 1795 2367 τὸν

93 2402 246 2470 μῆνα
282 2394 554 2453 ωνεῖσθαι
591 2407 746 2453 σῖτον
783 2395 886 2468 μὲν
921 2398 1015 2452 καὶ
1043 2395 1150 2452 ὅσα
1181 2398 1308 2467 περὶ
1332 2406 1489 2453 σῖτον
1516 2393 1699 2469 ἀγορά
1727 2401 1798 2467 τῇ

32 2539 33 2550 ¹
97 2478 311 2551 πρώτῃ·
351 2478 555 2552 δεκάτῃ
575 2479 636 2535 δὲ
652 2485 755 2536 τοῦ
774 2478 949 2552 μηνὸς
967 2479 1071 2550 τὴν
1090 2500 1204 2535 των
1223 2476 1422 2551 ’ὑγρῶν
1450 2481 1508 2534 οἰ
1530 2476 1632 2550 μὲν
1652 2483 1797 2547 προῖ-

100 2574 210 2629 σιν,
229 2562 287 2615 οἰ
299 2557 359 2615 δὲ
378 2559 532 2631 ωνὴν
558 2565 943 2618 ποιείσθωσαν
965 2557 1039 2617 δι’
1065 2558 1219 2617 ὅλου,
1234 2567 1340 2618 τοῦ
1365 2558 1541 2631 μηνὸς
1569 2557 1794 2629 ἱκανήν·

99 2642 254 2711 τρίτῃ
276 2638 335 2695 δὲ
356 2640 532 2697 εἰκάδι
549 2648 665 2700 τῶν
683 2644 840 2711 ζώων
868 2647 1007 2700 ἔστω
1040 2649 1257 2714 πρᾶσις,
1288 2641 1392 2698 ὅσα
1421 2644 1631 2709 πρατέα
1661 2641 1792 2697 έκά-
1826 2653 1855 2693 C

102 2737 251 2785 στοις
275 2715 314 2792 ἦ
344 2717 555 2792 ὠνητέα
584 2722 773 2791 αὐτοῖς
803 2727 1102 2796 δεομένοις,
1133 2726 1225 2779 καὶ
1257 2720 1484 2778 ὁπόσων
1513 2728 1733 2778 σκευῶν
1758 2716 1796 2790 ἢ

100 2823 399 2925 ῖθημῐῑξῑων
417 2817 737 2929 γῧωργοτς
696 2809 798 2879 μὲν
817 2813 1035 2879 πρᾶσις,
1058 2799 1178 2862 οἷον
1200 2798 1545 2929 δερμάτωῖιδῆ
1575 2804 1667 2858 καὶ
1686 2802 1797 2859 πά·-

32 2896 33 2899 ¹
281 2895 395 2926 LATO
