1976 3172
108 148 168 175 xx
807 133 1194 178 PRAEFATIO.

104 248 355 295 Atheniensi
393 248 658 298 continuavi,
698 250 772 300 qui
801 249 914 301 quod
945 249 1037 303 ipse
1067 251 1150 291 sibi
1185 251 1438 304 respondet,
1481 250 1648 292 abunde
1678 253 1906 294 tuebuntur

107 305 305 371 exempla
337 305 453 358 apud
484 304 635 350 Stallb
674 307 729 347 ad
762 306 958 360 Sympos.
992 320 1027 348 c.
1061 306 1110 361 6·
1146 321 1172 349 a
1207 307 1368 348 Cliniae
1398 314 1544 348 contra
1569 320 1752 362 persona
1776 310 1903 363 hujus

103 363 299 416 responsi
318 363 515 416 peritiam
533 376 707 417 prorsus
731 365 913 405 alienam
936 377 1029 405 esse
1050 378 1230 417 sequens
1251 366 1443 419 ejusdem
1465 366 1736 431 interrogatio
1755 381 1800 420 p.
1820 368 1904 410 895

104 425 143 461 A
177 421 341 487 arguit,
373 433 524 490 neque
540 422 586 463 id
611 421 914 463 Atheniensem
943 429 1193 475 exspectare
1221 424 1447 463 ostendunt
1478 425 1607 465 verba
1636 417 1903 477 ἀποκρινώ-

105 477 234 531 μεθα
259 472 402 518 πάλιν
431 479 547 531 ημῖν
575 471 803 520 αὐτοῖσιν.
832 501 887 509 ——
919 481 965 523 P.
1001 479 1086 521 895
1119 479 1150 520 C
1178 478 1226 520 τί
1252 474 1303 520 δὲ
1328 481 1424 530 VB,
1456 479 1505 520 τί
1528 477 1609 521 δαὶ
1644 480 1708 522 ST
1741 495 1838 523 cum
1862 481 1906 522 a

106 542 147 577 et
178 538 278 587 Par
323 548 408 578 sec.
439 549 591 587 manu,
634 539 701 578 cui
732 537 814 579 hoc
846 537 1116 578 tribuendum
1155 549 1240 578 non
1276 540 1438 591 putavi.
1481 561 1538 569 ——-
1577 540 1626 581 P.
1660 539 1746 581 896
1777 543 1815 581 A
1854 536 1905 579 τὸ

106 586 258 647 αὐτὴν
279 593 316 634 H
335 607 388 635 ex
415 596 609 649 vestigiis
630 594 857 644 librorum,
885 596 958 646 qui
976 591 1141 634 τοῦτον
1163 596 1391 649 praebent,
1423 608 1508 636 non
1536 589 1588 635 τὸ
1616 589 1766 650 ἑαυτό,
1794 597 1908 649 quod

102 649 245 692 VBST
265 660 571 719 propagtarunss
602 653 699 719 etsi<
711 660 752 693 et
783 666 894 693 nunc
920 653 974 693 ad
998 644 1163 693 οὐσίαν
1191 654 1373 693 refertur
1403 659 1443 692 et
1474 659 1583 702 ante,
1612 655 1680 695 vel
1707 656 1782 695 ubi
1804 667 1906 695 neu-

102 715 170 750 tro
205 721 360 764 genere
405 722 441 765 ῳ
478 703 537 763 δὴ
570 702 699 763 ψυχὴ
738 702 944 763 τοῦνομα
979 717 1089 761 erat,
1130 711 1237 751 haec
1265 702 1295 760 ἡ
1329 704 1569 762 δυναμένη
1609 704 1726 778 αὐτὴ
1759 705 1907 763 αὐτὴν

106 767 260 807 κινεῖν
286 751 473 819 κίνησις
511 768 813 817 definiebatur;
845 774 1065 823 praeterea
1096 775 1237 809 autem
1265 761 1290 807 ὃ
1323 769 1657 834 circumscripsi,
1692 770 1791 820 quia
1822 781 1907 809 non

102 837 257 866 nomen
285 827 447 876 anima,
479 826 558 867 sed
589 818 725 867 οὐσία
755 827 922 868 animae
952 827 1122 867 nomine
1149 826 1413 893 appellatur,
1444 837 1654 892 τουνομα
1684 827 1907 867 adverbia-

103 882 199 923 liter
228 889 460 948 usurpato,
500 890 546 924 ut
577 885 686 925 Tim.
720 897 756 925 c.
789 883 868 926 30:
906 876 958 924 τὸ
995 877 1046 924 δὲ
1075 896 1254 924 τουτων
1290 881 1349 923 αὐ
1389 877 1565 950 μεταξυ
1595 878 1744 937 πυρὸς
1774 879 1908 936 γένος

172 931 409 993 ,τοῦνομα
433 933 641 995 ἐρυθρὸν
669 935 875 995 λέγομεν
908 964 965 971 -
996 943 1041 982 Ρ.
1066 942 1158 984 897
1187 942 1222 982 Β
1247 936 1340 982 αἰεὶ
1368 939 1507 981 θεῖον
1538 934 1698 995 ὀρθῶς
1729 938 1909 983 θῶυσα

102 974 151 1037 H
172 1011 226 1039 ex
257 1000 368 1052 conj.
401 999 743 1040 Winckelmanni
774 1001 1059 1051 librorumque
1085 1001 1307 1070 vestigiiS,
1350 1012 1528 1051 quorum
1565 1000 1757 1066 plerique
1787 993 1908 1039 θεὸν

103 1055 172 1096 vel
201 1053 342 1097 θεῖον
376 1048 534 1109 ὀρθῶς
573 1055 710 1104 θεοῖς
745 1058 969 1105 exhibent3
1009 1050 1102 1097 αἰεὶ
1140 1056 1226 1110 (sic
1263 1055 1409 1110 ΡΩΞ)
1440 1058 1508 1098 vel
1541 1053 1616 1098 οἷεὶ
1645 1051 1764 1097 θεὸν
1794 1049 1909 1103 θεὸς

101 1101 221 1153 οὖσα
249 1113 389 1154 VBST
416 1126 510 1154 cum
545 1115 725 1155 duorum
753 1115 878 1156 codd.
909 1115 1124 1167 margine,
1156 1114 1252 1159 sed·
1263 1114 1492 1154 manifesta
1522 1121 1774 1162 correctura,
1807 1115 1909 1164 quia

101 1171 316 1233 posterius
350 1171 535 1232 demum„
551 1183 595 1236 P:
632 1170 718 1212 899
751 1172 896 1211 divina
924 1172 1091 1211 animae
1122 1177 1272 1210 natura
1308 1171 1557 1212 declaratur.
1592 1192 1651 1201 —
1682 1173 1729 1212 P.
1762 1170 1848 1212 897
1875 1171 1908 1211 E

101 1225 195 1267 τῶν
220 1219 324 1267 τότε
355 1220 428 1267 ἔτι·
448 1221 590 1268 τοῦτο’
616 1238 667 1280 γε
696 1227 733 1267 Η
762 1241 859 1268 cum
888 1228 1028 1280 libris,
1059 1234 1104 1267 ut
1134 1229 1318 1277 videtur,
1352 1229 1573 1278 omnibus,
1605 1230 1689 1269 nisi
1718 1229 1831 1280 quod
1863 1227 1909 1269 hi

102 1296 153 1338 γε
191 1282 415 1325 τοσοῦτον
454 1286 751 1339 praemittunt,
793 1285 907 1336 quod
945 1297 1076 1336 quum
1107 1298 1159 1325 ex
1191 1285 1481 1352 dittographia
1513 1292 1650 1326 ortum
1679 1286 1906 1334 videretur,

103 1344 440 1410 circumscripsi3
482 1356 580 1384 nam
613 1343 729 1394 quod
757 1337 812 1382 τό
841 1352 891 1395 γε
921 1340 1144 1382 τοσοῦτον
1171 1339 1266 1382 τῶν
1298 1337 1402 1382 τότε
1435 1335 1502 1382 ἔτι
1529 1341 1669 1383 VEST
1700 1345 1905 1392 scribunt,

100 1394 152 1440 τὸ
184 1413 209 1441 a
238 1401 358 1442 libris
391 1406 464 1441 aut
495 1401 614 1441 abest
645 1407 718 1440 aut
757 1400 839 1440 alio
872 1400 963 1440 loco
994 1401 1167 1468 ponitur
1193 1413 1326 1452 eaque
1357 1414 1403 1441 re
1435 1401 1562 1440 etiam
1588 1412 1638 1452 ys
1667 1397 1904 1466 τοσοῦτον,

101 1458 215 1510 quod
246 1459 339 1499 sine
365 1458 439 1499 illo
471 1464 583 1499 stare
620 1458 787 1509 nequit,
823 1459 866 1498 in
897 1459 1183 1511 suspicionem
1216 1458 1358 1502 trahit.
1386 1479 1445 1488 ·—
1471 1459 1517 1498 P.
1553 1457 1638 1499 898
1668 1457 1698 1498 C
1731 1451 1907 1510 προσά-

99 1526 275 1556 κουσον
304 1516 341 1556 Η
373 1529 469 1557 cum
491 1517 589 1558 Par.
615 1515 801 1582 aliisque
824 1516 949 1556 bonis
980 1516 1120 1569 libris,
1149 1517 1302 1567 quibus
1325 1517 1440 1567 quod
1470 1509 1538 1555 ὑπ
1569 1517 1906 1569 suprascriptum

103 1580 192 1640 est,
210 1575 371 1629 ipsam
412 1573 531 1629 vulg.
579 1567 973 1627 προσυπάκουσον
1010 1579 1251 1627 suspectam
1291 1574 1453 1621 reddit3
1492 1574 1752 1627 praecedens
1794 1574 1905 1614 enim

85 1623 375 1684 ,ὑπήκουσας
413 1631 483 1672 hic
523 1645 690 1684 quoque
720 1632 834 1673 idem
875 1633 1154 1685 compositum
1187 1643 1271 1672 non
1311 1605 1550 1684 postulare,
1595 1644 1702 1682 quae
1737 1631 1792 1671 ad
1824 1631 1907 1681 Ειι-

98 1689 269 1756 thyphr.
287 1702 332 1743 p.
359 1690 421 1731 14
435 1690 474 1730 Α
506 1689 705 1731 annotavi
730 1689 896 1730 abunde
922 1690 1098 1737 docent;
1132 1689 1241 1730 adde
1267 1689 1402 1754 Legg.
1432 1689 1520 1729 VII.
1552 1688 1609 1730 14
1639 1682 1907 1742 προστάξας

166 1740 362 1798 ,τάξειε
392 1769 451 1778 --
475 1747 522 1792 Ρ.
552 1747 638 1789 898
664 1747 698 1787 Ε
730 1740 848 1802 αυτῇ
875 1746 903 1788 S
937 1760 1032 1788 cum
1056 1748 1202 1796 Astio,
1237 1758 1356 1799 αυτη
1389 1746 1518 1795 VBT;
1551 1753 1592 1788 at
1619 1747 1812 1799 quamvis
1840 1759 1906 1786 ie-

98 1805 304 1846 flexivuni
335 1805 454 1847 salvo
486 1817 615 1847 sensu
645 1805 793 1846 abesse
822 1806 984 1859 possit,
1018 1806 1339 1846 demonstrativi
1373 1806 1436 1845 vis
1460 1810 1649 1871 prorsus
1680 1804 1798 1845 nulla
1830 1815 1906 1856 ap-

99 1869 248 1915 paret3
280 1864 464 1916 praetuli
495 1864 628 1918 igitur
667 1863 990 1917 abundantiam,
1022 1869 1069 1902 ut
1099 1862 1249 1930 Symp.
1284 1875 1319 1902 c.
1354 1864 1408 1904 27
1441 1855 1713 1903 ἀθανασίαν
1743 1855 1906 1908 αὐτοῖς

99 1913 411 1972 ποριζόμενοι.
445 1942 500 1950 -
535 1921 583 1962 Ρ
619 1911 710 1962 899
732 1921 772 1961 A
799 1919 934 1961 τοῦτο
965 1932 1050 1973 μεν
1080 1912 1302 1972 ανάγκη.
1353 1914 1596 1988 .διοὶγειν,
1630 1921 1744 1961 unde
1772 1918 1904 1972 vulgo

30 2004 32 2006 -
100 1977 374 2020 Atheniensis
413 1979 548 2019 oratio
579 1979 831 2032 incipiebat,
875 1980 931 2020 ad
968 1977 1143 2019 Cliniam
1181 1950 1402 2027 transtuli,
1443 1990 1496 2019 ne
1527 1979 1654 2018 nimis
1693 1978 1806 2017 nude
1837 1977 1907 2018 hic

102 2031 183 2075 ναὶ
214 2036 516 2089 responderet,
556 2037 673 2088 quod
705 2037 1038 2090 interrogatione
1065 2042 1228 2076 tantum
1258 2035 1539 2089 praecedente
1568 2035 1658 2075 fieri
1684 2046 1814 2087 posse
1841 2045 1906 2073 ar-

99 2093 256 2142 bitror,
290 2106 401 2135 nunc
425 2094 495 2134 hic
520 2105 731 2134 summam
755 2106 923 2142 eorum,
953 2106 1060 2145 quae
1085 2094 1212 2133 modo
1241 2093 1454 2141 audierat,
1482 2093 1674 2133 iterando
1702 2091 1903 2138 affirmat,

103 2163 239 2201 eoque
269 2149 381 2190 facto
410 2151 538 2191 simul
568 2151 790 2204 prohibet,
831 2164 913 2202 quo
940 2151 1080 2191 minus
1110 2151 1194 2204 ipsi
1225 2150 1474 2190 Atheniensi
1506 2150 1658 2203 putido
1690 2161 1785 2188 cum
1816 2148 1906 2187 lan-

102 2221 236 2261 guore
267 2208 460 2248 iteranda
487 2209 585 2249 sint.
623 2231 681 2237 —
715 2209 764 2248 P.
793 2206 880 2250 900
910 2211 948 2248 A
980 2201 1142 2257 αὐτός,
1172 2208 1287 2259 quod
1319 2208 1363 2247 in
1393 2208 1486 2260 ipso
1515 2209 1546 2248 P
1580 2220 1632 2248 ex
1669 2211 1908 2246 correctura

84 2272 264 2306 *tantum
295 2264 464 2319 legitur,
497 2265 832 2332 circumscripsi,
865 2277 965 2305 mox
995 2272 1135 2306 autem
1167 2262 1323 2320 σφῷν,
1358 2265 1474 2315 quod
1508 2277 1562 2304 ex
1587 2263 1679 2303 sola
1700 2262 1908 2315 Stephani

100 2324 212 2375 conj.
243 2323 343 2364 Tur.
374 2323 419 2363 in
450 2333 553 2378 σφῳ
594 2327 879 2370 mutaverant,
923 2335 1020 2362 cum
1061 2321 1209 2365 Stallb
1252 2322 1441 2369 restitui,
1486 2333 1564 2360 nec
1603 2325 1770 2359 servata
1811 2331 1906 2359 cum
1973 2330 1976 2335 ¹

100 2379 203 2422 BST
236 2381 494 2434 optimorum
523 2363 723 2421 librorum
749 2379 927 2420 lectione
957 2371 1098 2430 ἤκουε
1127 2385 1167 2419 et
1197 2370 1428 2430 ἐπήκουεν
1457 2377 1662 2417 committi
1687 2388 1814 2429 posse
1843 2389 1908 2416 ar-

99 2439 280 2479 bitratus
311 2450 430 2489 sum,
461 2445 509 2479 ut
538 2429 928 2487 συνεξεταζόντων
958 2438 1260 2484 retineremus,
1291 2447 1366 2488 pro
1400 2448 1482 2486 quo
1514 2435 1723 2475 Eusebius
1753 2436 1904 2500 Piaep.

101 2509 253 2549 evang.
278 2494 371 2536 XII.
399 2497 452 2538 12
473 2509 558 2538 non
578 2496 794 2547 antiquam
825 2495 963 2548 magis
983 2507 1109 2546 quam
1129 2493 1392 2535 commodam
1424 2493 1645 2534 lectionem
1665 2485 1906 2541 συνεξετά-

98 2556 245 2606 ζωμεν
278 2553 423 2603 offert;
456 2554 569 2595 hunc
599 2555 732 2607 igitur
759 2566 858 2594 cum
886 2553 1010 2593 Astio
1041 2565 1091 2593 eo
1123 2552 1322 2593 libentius
1356 2556 1525 2591 secutus
1559 2562 1668 2599 sum,
1704 2562 1787 2601 quo
1820 2548 1906 2588 cla-

99 2612 190 2653 rius
216 2612 344 2653 etiam
371 2625 553 2679 sequens
576 2585 890 2678 ὁμολογοῦμεν
908 2611 1090 2664 prImam
1109 2622 1337 2678 personam
1367 2609 1646 2650 commendat.
1672 2627 1727 2637 -—
1748 2608 1795 2651 P.
1818 2605 1901 2647 901

98 2669 137 2709 Α
167 2680 260 2717 πας
286 2662 338 2710 ἐν
366 2663 484 2722 ἡμῖν
511 2671 571 2719 H,
599 2667 744 2710 πᾶσιν
775 2661 891 2722 ἡμῖν
917 2669 1012 2717 VB,
1044 2666 1135 2716 πᾶς
1159 2662 1275 2720 ἡμῖν
1304 2666 1380 2716 ST,
1414 2667 1469 2707 ad
1496 2678 1667 2708 sensum
1692 2678 1804 2713 vere,
1829 2664 1907 2704 sed

101 2728 258 2781 exigua
285 2728 479 2769 codicum
506 2728 611 2781 fide,
641 2741 819 2779 quorum
846 2739 975 2778 quum
1005 2726 1179 2780 plurimi
1208 2726 1253 2766 in
1283 2722 1429 2764 πᾶσιν
1461 2725 1748 2771 consentiant,
1780 2733 1909 2789 prae-

99 2786 357 2837 positionem
377 2785 476 2828 inde
495 2786 564 2828 vel
586 2798 663 2840 per
684 2799 729 2825 se
753 2791 895 2839 aptam
918 2784 1165 2836 exsculpere
1195 2796 1279 2824 non
1310 2784 1515 2824 dubitavi.
1540 2805 1596 2813 --
1619 2781 1664 2821 P.
1686 2753 1768 2822 901
1791 2778 1826 2818 D
1855 2772 1909 2818 αἴ

101 2843 418 2897 circumscripsi
448 2856 544 2884 cum
583 2843 813 2884 Matthiaeo
851 2842 920 2883 Gr.
953 2855 1018 2895 gr.
1053 2844 1093 2892 5.
1128 2841 1238 2901 287,
1282 2842 1381 2892 quia
1411 2853 1493 2881 non
1527 2852 1634 2892 quae
1673 2838 1732 2878 dii
1768 2837 1904 2890 peici-

101 2900 246 2952 piant,
280 2901 478 2943 sensibus
517 2902 710 2955 subJecta
742 2912 860 2954 esse,
896 2900 973 2941 sed
1005 2912 1113 2952 quae
1151 2899 1299 2940 sentiri
1327 2900 1518 2954 possint,
1561 2910 1588 2939 a
1623 2897 1705 2938 diis
1737 2906 1905 2946 quoque
