1976 3172
672 128 982 202 NQMSZN
1020 122 1076 186 ς’.
1634 126 1738 180 18].

0 261 29 333 3⁵
51 266 234 320 πάντα
271 264 376 322 ὅσα
405 259 609 334 σμικρὰ
637 262 731 318 καὶ
763 258 940 317 πολλὰ
975 263 1291 333 νομοθέτην
1319 265 1422 333 μὲν
1450 265 1736 334 ἐκλείπειν,
1767 269 1800 309 Β

0 322 5 420 Ι
34 346 183 412 ,τούς
203 344 257 402 δ’
285 349 580 418 ἐμπείρους
606 340 691 399 ἀεὶ
718 339 842 400 κατ’
871 341 1131 398 ἐνιαυτὸν
1157 346 1524 413 γιγνομένους
1552 342 1742 402 αὐτῶν

52 427 159 483 άπὸ
184 434 281 500 τῆς
306 431 489 499 χρείας
507 423 906 496 μανθάνοντας
933 422 1231 479 τάττεσθαι
1260 427 1353 480 καὶ
1384 427 1742 496 ἐπανορθου-

14 507 21 512 ’
52 513 255 579 μένους
272 518 447 565 κινεῖν
463 503 586 563 κατ’
610 501 885 576 ἐνιαυτόν,
905 505 1007 569 ἕως
1025 501 1099 560 ἄν
1116 502 1248 576 ὅρος
1266 502 1458 570 ἱκανὸς
1476 506 1611 577 δόξῃ
1628 512 1742 563 τῶν

0 584 5 639 s
53 590 327 646 τοιούτων
349 591 603 660 νομίμων
619 587 713 643 καὶ
732 587 1182 658 ἐπιτηδευμάτων
1198 590 1502 657 γεγονέναι.
1544 588 1744 659 χρόνος

1 706 5 711 -
51 675 159 744 μὲν
182 664 290 727 οὖν
305 668 524 740 μέτριος
541 667 656 740 ἅμα
673 669 766 724 καὶ
785 666 975 734 ἱκανὸς
990 668 1224 740 γίγνοιτ’
1259 665 1332 725 ὅίν
1349 675 1447 742 τῆς
1467 672 1746 741 ἐμπειρίας

51 753 380 823 δεκαέτηρος
395 756 617 807 θυσιῶν
636 771 696 806 τε
719 751 813 806 καὶ
829 755 1083 822 χορειῶν,
1102 753 1189 806 ἐπὶ
1207 751 1390 807 πάντα
1419 753 1511 807 καὶ
1539 751 1744 807 ἕκαστα

48 839 288 906 ταχθείς,
308 838 512 900 ζῶντος
527 835 633 905 μὲν
650 838 753 889 τοῦ
770 833 1035 900 τάξαντος
1052 835 1369 905 νομοθέτου
1388 839 1569 907 κοινῇ,
1588 835 1742 899 τέλος
1771 839 1803 881 C

50 918 111 974 δὲ
128 914 358 988 σχόντος
375 913 549 981 αὐτὰς
560 914 790 980 ἑκάστας
806 913 904 980 τὰς
922 913 1094 985 ἀρχὰς
1111 920 1187 980 εἰς
1202 914 1334 981 τούς
1344 914 1746 986 νομοφύλακας

50 999 421 1070 εἰσφερούσας
451 1001 515 1054 τὸ
546 996 1032 1072 παραλειπόμενον
1062 1004 1160 1068 τῆς
1199 996 1389 1054 αὑτοῖν
1428 996 1599 1069 ἀρχῆς
1644 1002 1744 1054 έπ-

53 1087 465 1150 ανορθοῦσθαι,
483 1083 743 1150 μέχριπερ
763 1075 837 1135 ἄν
863 1082 1018 1146 τέλος
1037 1083 1182 1150 ἔχειν
1215 1081 1451 1141 ἕκαστον
1479 1079 1613 1153 δόξῃ
1642 1086 1745 1136 τοῦ

49 1168 233 1228 καλῶς
259 1161 626 1232 ἐξειργάσθαι.
664 1160 787 1218 τότε
819 1161 880 1217 δὲ
909 1158 1142 1235 α’κίνητα
1169 1166 1445 1235 θεμένους
1471 1163 1579 1236 ἤδη
1605 1169 1744 1234 χρῆ-

48 1250 188 1298 σθαι
205 1244 343 1313 μετὰ
366 1265 481 1299 των
500 1242 689 1299 αλλων
707 1245 917 1345 νόμων,
939 1242 1039 1310 οὓς
1054 1249 1207 1311 ἔταξε
1234 1245 1360 1302 κατ’
1382 1244 1555 1318 άρχὰς
1572 1243 1601 1301 ὁ
1619 1247 1744 1312 θεὶς

27 1322 238 1410 αὐτοῖς
255 1326 584 1395 νομοθέτης,
615 1346 698 1380 ων
728 1329 853 1394 πέρι
878 1335 1055 1381 κινεῖν
1081 1326 1183 1396 μεν
1209 1327 1438 1392 ἑκόντας
1470 1330 1742 1399 μηδέποτε

25 1381 249 1479 ,μηδέν’
284 1410 337 1462 εί
364 1408 428 1462 δέ
454 1427 536 1470 τις
561 1403 779 1476 ἀνάγκη
810 1405 989 1471 δόξειέ
1015 1426 1148 1462 ποτε
1183 1415 1530 1480 καταλαβειν,
1560 1409 1742 1476 πάσας

48 1487 152 1587 μὲν
178 1508 277 1554 τας
303 1484 474 1559 ἀρχὰς
495 1486 600 1560 χρὴ
631 1486 1000 1560 ξυμβούλους,
1021 1487 1205 1545 πάντα
1231 1492 1291 1547 δὲ
1320 1489 1421 1547 τὸν
1442 1495 1623 1564 δῆμον
1650 1495 1744 1549 καὶ
1765 1504 1803 1545 D

50 1570 230 1635 πάσας
239 1566 398 1626 θεων
407 1574 666 1640 μαντείας
679 1570 889 1627 ἑπελθό
892 1592 1039 1642 ντας,
1052 1570 1152 1628 ἐὰν
1163 1580 1511 1645 συμφωνοῦσι
1523 1572 1743 1644 πάντες,

49 1650 200 1708 οὕτω
216 1661 411 1722 κινεῖν,
432 1649 613 1724 ἄλλως
641 1650 702 1707 δὲ
728 1655 1002 1738 μηδέποτε
1029 1658 1311 1727 μηδαμως,
1340 1654 1479 1713 ἄλλα
1509 1654 1612 1712 τόν
1631 1678 1746 1713 κω-

30 1733 258 1790 λύοντα
276 1730 362 1790 dez
378 1755 519 1789 κατα
540 1733 718 1805 νόμον
736 1735 976 1804 κρατεῖν.

31 1853 54 1885 2,
190 1819 317 1870 xv1.
349 1815 546 1872 Ὁπότε
571 1838 654 1882 τις
683 1812 791 1874 οὖν
818 1820 913 1874 καὶ
944 1815 1182 1891 ὁπηνίκα
1210 1842 1325 1876 των
1352 1823 1517 1878 πέντε
1544 1822 1637 1877 καὶ
1664 1828 1747 1877 εἰὶ-

32 1914 176 1967 ,ριοσι
192 1897 512 1969 γεγονότων
531 1902 623 1970 ἔτη
644 1906 872 1957 σκοπων
889 1904 984 1958 καὶ
1011 1901 1396 1974 σκοπούμενος
1425 1900 1526 1958 ὑπ’
1558 1902 1748 1958 ἄλλων

49 1977 188 2044 κατὰ
207 1985 351 2036 νοῦν
371 1982 550 2055 ἑαυτῷ
568 1983 661 2037 καὶ
679 1985 961 2053 πρέποντα
981 1988 1059 2050 εἰς
1078 1988 1294 2040 παίδων
1321 1989 1623 2057 κοινωνίαν
1651 1983 1746 2039 καὶ

51 2063 271 2130 γένεσιν
288 2062 642 2133 ἐξευρηκέναι
658 2062 922 2134 πιστεύει,
942 2069 1182 2136 γαμείτω
1200 2066 1303 2138 μὲν
1322 2072 1428 2130 πᾶς
1445 2062 1602 2130 ἐντὸς
1627 2071 1744 2122 ταῖν

51 2141 215 2197 πέντε
235 2145 327 2198 καὶ
345 2142 820 2216 τριάκονταυέτοίν,
840 2145 902 2202 τὸ
924 2144 985 2202 δὲ
1006 2148 1221 2216 πρέπον
1250 2148 1342 2204 καὶ
1372 2147 1434 2205 τὸ
1465 2145 1743 2219 ἁρμόττον
1772 2153 1804 2193 Ε

54 2220 129 2288 ὥς
154 2223 255 2295 χρὴ
283 2229 478 2296 ζητεῖν,
507 2232 732 2296 πρῶτον
767 2227 1156 2285 ἐπακουσάτω·
1205 2233 1292 2286 δεῖ
1324 2229 1452 2300 γάρ,
1491 2228 1567 2295 ὥς
1604 2247 1743 2302 φησι

25 2309 331 2377 ῖΚλεινίας,
353 2310 674 2380 ἔμπροσθεν
687 2316 791 2367 τοῦ
808 2309 990 2383 νόμου
1001 2316 1298 2383 προοίμιον
1310 2315 1516 2368 οἰκεῖον
1527 2312 1740 2386 ἑκάστῳ

50 2391 394 2459 προτιθέναι.

193 2474 311 2527 ΚΑ.
349 2470 650 2546 Κάλλιστα,
682 2496 724 2531 ω
757 2478 893 2546 ξένε,
927 2476 1418 2549 διεμνημόνευσας,
1457 2479 1649 2550 ἔλαβές
1682 2499 1741 2533 τε

54 2552 156 2605 τοῦ
194 2550 367 2622 λόγου
399 2554 599 2626 καιρὸν
645 2559 737 2615 καὶ
773 2555 905 2661 μάλ’
955 2562 1073 2631 ἐμοὶ
1113 2557 1372 2616 δοκοῦντ’
1416 2557 1557 2615 εἶναι
1595 2558 1741 2631 σύμ-

54 2651 273 2702 μετρον.

196 2720 312 2772 ΑΘ.
352 2710 440 2773 Εὖ
469 2719 652 2790 λέγεις.
701 2743 744 2778 ω
776 2733 891 2792 παῖ,
921 2726 1115 2779 τοίνυν
1143 2728 1339 2794 φῶμεν
1366 2721 1603 2794 ἀγαθῶν
1629 2743 1739 2778 πα-

55 2799 232 2869 τέρων
253 2796 441 2870 φύντι,
458 2798 588 2868 τούς
615 2802 763 2877 παρὰ
794 2816 907 2871 τοῖς
934 2808 1208 2876 ἔμφροσιν
1238 2803 1502 2871 εὐδόξους
1527 2803 1741 2876 γάμους
1768 2813 1853 2860 773
