1976 3172
218 125 324 179 216
836 124 1312 173 ΠΛΑΤΩΝΟΣ

218 257 479 328 θένταμὴ
500 260 700 324 ἐξεῖναι
717 262 794 312 τῶ
798 279 832 313 ν
843 260 1080 313 ἰδιωτῶν
1099 259 1294 328 μηδενὶ
1311 256 1587 326 πρότερον
1600 257 1904 327 δεικνύναι,

218 343 351 412 πρὶν
371 336 444 395 ἂν
467 337 654 406 αὐτοῖς
682 350 798 404 τοῖς
826 340 951 409 περὶ
980 343 1158 394 ταῦτα
1188 336 1668 409 ἀποδεδειγμένοις
1700 349 1907 408 κριταῖς

217 424 310 478 καὶ
327 433 440 486 τοῖς
458 420 808 493 νομοφύλαξι
828 424 1023 493 δειχθῇ
1049 423 1141 493 καὶ
1161 419 1332 493 ἀρέσῃ
1345 441 1358 453 ·
1392 420 1592 491 σχεδὸν
1623 422 1684 475 δὲ
1702 418 1908 474 ἀποδε-

149 506 155 512 ’
219 506 497 575 δειγμένοι
515 504 654 560 εἰσὶν
672 500 804 574 ἡμῖν
823 500 921 568 οὓς
941 502 1203 575 εἱλόμεθα
1224 494 1532 574 νομοθέτας
1542 502 1667 573 περὶ
1685 499 1752 556 τά
1766 522 1909 572 μου-

220 585 346 642 σικὰ
367 586 461 641 καὶ
478 582 578 641 τὸν
595 590 694 655 τῆς
715 588 966 650 παιδείας
984 584 1329 656 ἐπιμελητήν.
1351 589 1408 641 τί
1422 578 1554 650 ούν;
1583 580 1614 640 δ
1642 582 1910 646 πολλάκις

219 670 422 740 ἐρωτῶ,
443 671 653 723 κείσθω
672 667 844 738 νόμος
860 665 991 739 ἡμῖν
1007 669 1099 724 καὶ
1118 668 1292 733 τύπος
1312 666 1606 738 ἐκμαγεῖόν
1633 687 1691 721 τε
1722 670 1910 734 τρίτον

217 755 401 818 τοῦτο,
420 744 459 820 ἦ
476 754 593 814 πῶς
618 752 796 825 δοκεῖ,

357 838 475 888 ΚΛ.
514 837 769 888 Κείσθω·
796 837 854 887 τί
869 832 1009 902 μήν;

161 926 192 965 Ε
366 917 426 967 Χ.
464 919 585 968 ΑΘ.
622 911 786 968 Μετά
803 933 867 981 γε
887 911 998 982 μὴν
1008 917 1181 965 ταῦτα
1201 909 1370 982 ὕμνοι
1386 916 1542 967 θεῶν
1560 914 1651 967 καὶ
1670 909 1911 981 ἐγκώμια

218 995 666 1067 κεκοινωνημένα
687 991 872 1065 εὐχαῖς
881 989 1050 1067 ᾄδοιτ’
1071 987 1143 1047 ἂν
1162 990 1462 1062 ὀρθότατα,
1475 996 1566 1048 καὶ
1585 992 1720 1063 μετὰ
1738 991 1913 1056 θεοὺς
1967 1029 1970 1059 3

222 1073 487 1141 ὡσαύτως
506 1079 630 1146 περὶ
651 1075 920 1148 δαίμονάς
936 1097 995 1131 τε
1015 1074 1106 1130 καὶ
1124 1071 1310 1144 ἥρωας
1321 1071 1430 1146 μετ’
1452 1077 1738 1145 ἐγκωμίων
1759 1071 1910 1143 εὐχαὶ

223 1156 496 1228 γίγνοιντ’
520 1154 594 1213 ἂν
611 1156 830 1223 τούτοις
852 1161 988 1213 πᾶσι
1006 1159 1332 1228 πρέπουσαι.

361 1245 480 1295 ΚΛ.
519 1245 650 1304 Πῶς
668 1238 776 1311 γὰρ
796 1238 894 1306 οὔ;

363 1327 479 1378 ΑΘ.
515 1321 681 1378 Μετά
707 1344 772 1393 γε
802 1320 917 1393 μὴν
950 1320 1110 1377 ταῦτ’
1148 1320 1254 1392 ἤδη
1284 1313 1456 1390 νόμος
1492 1317 1633 1374 ἄνευ
1670 1317 1914 1388 φθόνων

221 1402 401 1469 εὐθὺς
418 1404 653 1474 γίγνοιτ’
676 1399 750 1458 οἲν
776 1402 900 1459 ὅδε·
936 1409 1049 1457 τῶν
1069 1407 1313 1456 πολιτῶν
1335 1399 1535 1454 ὁπόσοι
1559 1400 1715 1462 τέλος
1735 1403 1911 1468 ἔχοιεν

220 1491 322 1542 τοῦ
344 1491 474 1556 βίου
505 1483 646 1540 κατὰ
682 1483 907 1555 σώματα
930 1481 969 1554 ἢ
987 1480 1128 1539 κατὰ
1155 1479 1335 1552 ψυχάς
1352 1484 1486 1551 ἔργα
1508 1481 1913 1550 ἐξειργασμένοι

219 1565 363 1624 καλα
400 1569 492 1622 καὶ
529 1568 766 1621 ἐπίπονα
804 1566 898 1619 καὶ
931 1576 1045 1629 τοῖς
1078 1563 1272 1634 νόμοις
1302 1559 1580 1624 εὐπειθεῖς
1604 1557 1912 1629 γεγονότες,

221 1651 511 1719 ἐγκωμίων
529 1645 735 1711 αὐτοὺς
752 1647 1049 1746 τυγχάνειν
1069 1647 1284 1716 πρέπον
1303 1640 1376 1700 ἀν
1396 1650 1493 1715 εἴη.

360 1734 480 1785 ΚΛ.
514 1734 644 1793 Πως
664 1726 717 1783 δ’
748 1726 845 1783 ού·
831 1770 847 1795 ,
1967 1774 1970 1787 ,

102 1828 193 1873 802
362 1818 481 1868 ΛΘ.
524 1809 673 1874 Τούς
689 1831 753 1881 γε
772 1808 885 1880 μὴν
898 1812 978 1863 ἔτι
995 1812 1201 1874 ζῶντας
1220 1810 1508 1878 ἐγκωμίοις
1526 1827 1585 1861 τε
1602 1804 1746 1861 καὶ““
1719 1805 1916 1876 ύμνοις
1964 1806 1970 1876 f

219 1900 388 1968 τιμᾷν
407 1892 513 1950 οὐκ
531 1893 794 1963 ἀσφαλές,
825 1891 956 1959 πρὶν
984 1886 1057 1945 ἂν
1076 1887 1296 1945 ἅπαντά
1321 1909 1402 1953 τις
1419 1885 1518 1944 τὸν
1537 1893 1663 1960 βίον
1685 1891 1915 1959 διαδρα-

224 1999 349 2049 μων
366 1980 523 2042 τέλος
542 1974 896 2047 ἐπιστήσηται
914 1966 1118 2030 καλόν·
1155 1978 1329 2027 ταῦτα
1349 1972 1409 2027 δὲ
1426 1969 1606 2026 πάντα
1623 1967 1756 2040 ἡμῖν
1775 1973 1914 2024 ἔστω
1970 2015 1974 2027 ,.

220 2057 384 2115 κοινὰ
404 2055 641 2130 ἀνδράσι
662 2078 721 2112 τε
751 2058 844 2112 καὶ
861 2058 1115 2125 γυναιξὶν
1135 2052 1371 2125 ἀγαθοῖς
1397 2054 1490 2109 καὶ
1527 2050 1766 2128 ἀγαθαῖς
1793 2054 1916 2106 δια-

223 2145 419 2211 φανῶς
434 2143 768 2211 γενομένοις.
805 2160 903 2203 τας
939 2139 1000 2195 δὲ
1036 2134 1185 2211 ᾠδάς
1209 2158 1268 2193 τε
1301 2137 1395 2192 καὶ
1421 2132 1674 2207 ὀρχήσεις
1711 2131 1916 2190 οὑτωσὶ

222 2222 323 2294 χρὴ
345 2226 751 2278 καθίστασθαι·
788 2219 970 2278 πολλοὶ
992 2225 1106 2277 ἔστι
1127 2220 1380 2276 ’παλαιῶν
1399 2214 1607 2274 παλαιὰ
1626 2217 1752 2285 περὶ
1772 2235 1915 2286 μου-

223 2301 390 2373 σικήν
407 2306 501 2358 καὶ
520 2303 658 2367 καλᾴ
682 2302 975 2374 ποιήματα,
1004 2305 1098 2358 καὶ
1118 2301 1185 2373 δὴ
1202 2303 1298 2357 καὶ
1317 2311 1431 2365 τοῖς
1459 2300 1714 2370 στόμασιν
1746 2294 1914 2367 ὀρχή-

224 2403 337 2451 σεις
357 2382 638 2454 ὡσαύτως,
662 2406 743 2440 ων
764 2383 948 2448 οὐδεὶς
966 2385 1189 2454 φθόνος
1205 2385 1535 2446 ἐκλέξασθαι
1553 2386 1623 2449 τῇ
1639 2385 1914 2432 καθιστα-

161 2477 195 2519 Β
227 2469 366 2540 μένῃ
401 2470 647 2539 πολιτεία
682 2462 745 2520 τὸ
783 2465 1000 2536 πρέπον
1033 2466 1125 2519 καὶ
1161 2461 1456 2532 ἁρμόττον·
1499 2455 1832 2528 δοκιμαστὰς
1854 2455 1913 2510 δὲ

224 2550 443 2606 τούτων
479 2549 773 2620 ἑλομένους
806 2545 910 2617 τὴν
936 2544 1175 2616 ἐκλογὴν
1203 2550 1485 2599 ποιεῖσθαι
1514 2539 1586 2612 μὴ
1607 2540 1915 2610 νεωτέρους

225 2633 572 2704 πεντήκοντα
591 2633 749 2702 ε’των,
769 2630 862 2686 καὶ
887 2627 923 2684 ό
953 2650 1006 2684 τι
1033 2650 1135 2699 μεν
1164 2622 1236 2682 ἀν
1265 2623 1461 2682 ἰκανὸν
1491 2624 1631 2680 εἶναι
1651 2622 1783 2694 δόξῃ
1801 2627 1914 2676 τῶν

226 2720 508 2770 παλαιῶν
523 2711 865 2784 ποιημάτων,
903 2708 1248 2781 ἐγκρίνειν,
1225 2708 1259 2764 ό
1294 2730 1346 2763 τι
1382 2705 1432 2762 δ’
1467 2704 1539 2762 ἂν
1573 2700 1804 2769 ἐνδεες
1778 2727 1810 2774 η
1849 2700 1910 2758 τὸ
1945 2743 1950 2746 -

228 2795 494 2867 παράπαν
514 2793 919 2867 ἀνεπιτήδειον,
938 2791 999 2849 τὸ
1018 2814 1120 2864 μεν
1137 2789 1558 2862 ἀποβάλλεσθαι
1577 2785 1910 2852 παντάπασι,
