1976 3172
217 126 324 181 264
826 126 1306 176 ΠΛΑΤΩΝΟΣ

216 266 330 315 τῶν
350 258 626 331 σωμάτων
645 255 786 314 ἀλλὰ
804 279 918 330 των
945 259 1172 330 τρόπων
1198 265 1295 331 τῆς
1322 268 1499 334 ψυχῆς
1518 263 1699 321 ὄντων
1722 273 1910 323 καλῶν
1972 309 1976 318 .

216 339 447 413 γεγονὸς
477 343 539 396 έν
570 343 867 416 ἐπιθυμίᾳ.-
893 347 1068 397 ταῦτα
1096 341 1164 412 δὴ
1200 342 1458 442 καθάπερ
1491 352 1630 413 ἴσως
1649 349 1711 403 ἐν
1740 348 1909 422 μύθω
1974 355 1976 360 “

214 423 282 480 τοὶ
307 429 416 479 νῦν
445 419 702 495 λεγόμεν’
736 424 885 479 ἐστὶν
908 421 1084 494 εὐχαί
1113 424 1260 479 πολύ
1287 446 1351 495 γε
1379 424 1491 497 μὴν
1519 425 1733 501 ἄριστα,
1756 432 1910 500 εἴπερ

214 511 459 576 γίγνοιτο
497 507 560 560 ἐν
588 503 790 570 πάσαις
818 504 1030 575 πόλεσι,
1059 506 1362 576 γίγνοιτο’
1339 506 1425 562 άν.
1477 508 1614 580 τάχα
1650 508 1700 565 δ’
1743 509 1832 582 ἄν,
1860 515 1914 567 εἰ

154 606 190 647 D
219 584 356 652 θεὸς
386 587 591 657 ἐθέλοι,
621 582 730 642 κᾶν
763 590 924 643 δυοῖν
957 586 1174 662 θάτερα
1198 592 1536 659 βιασαίμεθα
1563 593 1690 661 περὶ
1720 593 1911 664 ἐρωτι-

216 674 352 740 κῶν,
372 664 410 739 ἦ
437 672 646 740 μηδένα
671 675 888 742 τολμᾷν
914 668 1153 740 μηδενὸς
1184 668 1463 727 ἅπτεσθαι
1490 677 1606 728 τῶν
1635 680 1912 743 γενναίων
1966 669 1976 714 ³

217 748 331 822 ἄμα
350 753 442 806 καὶ
461 753 778 821 ἐλευθέρων
791 750 940 823 πλὴν
949 759 1186 823 γαμετῆς
1206 754 1408 808 ἑαυτοῦ
1424 754 1705 824 γυναικός,
1726 753 1911 810 ἄθυτα

218 834 276 888 δὲ
297 838 598 888 παλλακῶν
619 837 902 903 σπέρματα
926 837 1020 888 καὶ
1041 835 1191 890 νόθα
1208 834 1281 906 μὴ
1305 841 1550 904 σπείρειν
1567 837 1704 907 μηδὲ
1733 835 1911 906 ἄγονα

217 913 471 985 άρρένων
490 912 639 982 παρὰ
660 914 853 984 φύσιν·
875 909 913 985 ἦ
923 915 985 969 τὸ
998 916 1101 985 μὲν
1119 919 1234 969 τῶν
1253 913 1507 983 ἀρρένων
1527 918 1759 988 πάμπαν
1781 915 1909 987 άφε-

216 994 437 1067 λοίμεθ’
458 994 547 1065 ἄν,
567 993 629 1051 τὸ
653 997 713 1051 δὲ
731 1002 1038 1066 γυναικῶν,
1058 1002 1112 1050 εἴ
1136 1017 1217 1060 τις
1245 998 1599 1066 συγγίγνοιτό
1628 1020 1737 1053 τινι
1765 999 1911 1069 πλὴν
1972 1010 1976 1018 “

215 1092 332 1145 ταῖς
352 1080 487 1150 μετὰ
507 1085 664 1135 θεῶν
683 1082 775 1135 καὶ
794 1083 964 1149 ἱερῶν
980 1078 1178 1150 γάμων
1194 1079 1494 1145 ἐλθούσαις
1505 1084 1581 1145 εἰς
1591 1078 1694 1152 τὴν
1712 1084 1910 1151 οἰκίαν,

151 1180 183 1219 Ε
219 1159 450 1233 ὠνηταῖς
475 1168 582 1217 εἴτε
602 1160 751 1236 ἄλλω
773 1159 995 1237 ὁτωοῦν
1016 1161 1204 1236 τρόπω
1232 1173 1470 1233 κτηταῖς,
1502 1161 1575 1234 μὴ
1606 1163 1913 1219 λανθάνων

219 1242 429 1315 ἄνδρας
449 1265 508 1299 τε
528 1245 620 1299 καὶ
636 1255 908 1315 γυναῖκας
926 1243 1125 1314 πάσας,
1144 1241 1269 1314 τάχ’
1289 1239 1361 1299 ἄν
1380 1242 1579 1315 ἄτιμον
1598 1242 1772 1300 αὐτὸν
1800 1265 1914 1300 των

216 1328 279 1382 ἐν
306 1332 375 1399 τῇ
404 1327 562 1382 πόλει
584 1328 828 1397 ἐπαίνων
858 1332 1302 1397 νομοθετοῦντες
1334 1326 1523 1394 ὀρθως
1550 1321 1623 1380 ἄν
1654 1325 1913 1395 δόξαιμεν

216 1415 565 1480 νομοθετειν,
594 1405 666 1471 ὦς
682 1407 859 1472 ὅντως
878 1406 1016 1462 ὄντα
1037 1406 1270 1472 ξενικόν.
1321 1398 1484 1470 οὗτος
1503 1405 1570 1476 δὴ
1596 1408 1782 1477 νόμος,
1803 1413 1911 1461 εἶτε
1971 1410 1973 1413 ’

217 1488 294 1555 εἷς
315 1489 538 1546 εἴτεδύο
559 1486 764 1553 αὐτούς
779 1486 882 1561 χρὴ
895 1489 1352 1561 προσαγορεύειν,
1365 1495 1574 1544 κείσθω
1591 1489 1715 1556 περὶ
1729 1487 1911 1557 άφρο-

218 1573 413 1626 δισίων
441 1572 533 1628 καὶ
563 1567 827 1625 ἁπάντων
854 1577 967 1625 τῶν
997 1571 1293 1642 ἐρωτικῶν,
1331 1567 1436 1624 ὅσα
1472 1568 1610 1640 πρὸς
1638 1566 1914 1640 ἀλλήλους

99 1665 188 1711 842
218 1652 309 1707 διὰ
329 1673 429 1717 τας
448 1650 706 1716 τοιαύτας
734 1653 1035 1723 ἐπιθυμίας
1057 1649 1381 1723 ὁμιλοῦντες
1413 1648 1601 1721 ὀρθῶς
1619 1672 1677 1716 τε
1695 1651 1787 1706 καὶ
1808 1647 1912 1706 οὐκ

218 1730 407 1813 ὀρθως
427 1731 1953 1804 πράττομεν..

358 1820 488 1869 ME.
527 1818 638 1871 Καὶ
656 1820 868 1886 τοίνυν,
897 1837 938 1871 ω
963 1819 1099 1886 ξένε,
1119 1814 1220 1886 ἐγ
1185 1838 1227 1871 ω
1249 1818 1351 1886 μέν
1368 1836 1454 1870 τοι
1481 1814 1701 1886 σφόδρα
1733 1818 1910 1884 δεχοί-

216 1918 328 1969 μην
347 1893 420 1952 ἄν
438 1918 643 1953 τουτον
656 1919 757 1953 τον
768 1918 966 1968 νομον,
983 1895 1012 1953 ὁ
1036 1896 1095 1953 δε
1108 1897 1174 1969 δὴ
1194 1900 1449 1962 Κλεινίας
1461 1894 1629 1962 αὐτὸς
1644 1899 1909 1967 φραζέτω,

214 1983 273 2035 τί
289 1998 421 2035 ποτε
442 1982 567 2048 περὶ
588 1974 777 2035 αὐτῶν
798 1982 1112 2035 διανοεῖται.

358 2066 479 2117 ΚΛ.
501 2059 691 2116 Ἔσται
701 2066 893 2133 ταῦτα,
916 2083 959 2117 ω
980 2065 1244 2132 Μέγιλλε,
1266 2058 1475 2117 ὁπόταν
1493 2081 1557 2131 γε
1578 2059 1645 2130 δή
1664 2079 1759 2131 μοι
1779 2059 1913 2131 δόξῃ

216 2164 297 2207 τις
312 2146 812 2212 παραπεπτωκέναι
831 2144 1048 2216 καιρός·
1075 2149 1187 2198 νῦν
1203 2142 1316 2214 μὴν
1336 2145 1516 2214 έωμεν
1533 2140 1634 2197 τὸν
1656 2144 1814 2207 ξένον
1833 2143 1912 2195 ἔτι

219 2229 297 2289 εἰς
320 2225 382 2280 τὸ
403 2225 660 2294 πρόσθεν
678 2229 932 2296 προϊέναι
951 2232 1064 2282 τῶν
1082 2224 1288 2296 νόμων.

358 2312 487 2361 ΜΕ.
522 2305 750 2375 Ὀρθῶς.

143 2408 177 2449 Β
358 2391 443 2444 ΙΧ.
492 2393 609 2442 ΑΘ.
656 2384 817 2442 Ἀλλὰ
855 2386 966 2457 μὴν
1001 2391 1113 2442 νῦν
1151 2407 1216 2455 γε
1248 2385 1536 2455 προιόντες
1563 2384 1671 2452 ἤδη
1709 2381 1911 2452 σχεδόν

216 2471 429 2542 ἐσμεν’
401 2490 463 2524 εν
479 2489 556 2541 τω
582 2466 1027 2523 κατεσκευάσθαι
1045 2466 1146 2536 μὲν
1166 2462 1472 2534 ξυσσίτια,”
1451 2462 1484 2520 ό
1503 2485 1699 2561 φαμεν
1708 2462 1910 2519 ἄλλοθι

217 2546 366 2624 μὲν
341 2573 413 2606 αν
431 2548 674 2621 χαλεπὸν
692 2547 852 2619 εἶναι,
880 2551 939 2617 ἐν
959 2547 1155 2619 Κρήτῃ
1175 2546 1235 2603 δε
1253 2544 1437 2611 οὐδεὶς
1456 2535 1636 2611 ἄλλως
1663 2541 1736 2601 ἄν
1763 2543 1908 2600 ὑπο-

216 2633 379 2706 λάβοι
398 2637 515 2688 δεῖν
532 2630 945 2702 γίγνεσθαι·τὸ
979 2631 1038 2686 δε
1066 2634 1188 2685 τίνα
1213 2628 1442 2699 τρόπον,
1464 2625 1704 2697 πότερον
1726 2648 1798 2691 ως
1816 2629 1910 2682 ἐν-

133 2735 136 2737 ’
216 2710 416 2772 θάδε’”
379 2738 413 2786 η
434 2714 693 2784 καθάπερ
715 2714 777 2769 ἐν
795 2707 1211 2784 Λακεδαίμονι’
1184 2708 1222 2782 η’
1238 2709 1386 2780 παρὰ
1405 2714 1579 2764 ταῦτα
1598 2713 1713 2765 ἔστι
1731 2729 1782 2763 τι
1799 2715 1907 2777 τρί-

218 2820 316 2854 τον
355 2795 499 2863 εἶδος
542 2800 844 2862 ξυσσιτίων,
868 2793 1079 2866 άμφοῖν
1116 2791 1340 2848 τούτοιν
1383 2790 1614 2862 ἄμεινον
1648 2786 1720 2845 ἄν
1761 2793 1906 2859 ἔχον,
