1976 3172
684 97 1020 147 NoMszN
1052 93 1113 147 α’.
1676 100 1743 152 21
1797 108 1801 114 ’

195 240 314 290 ΑΘ.
370 230 594 302 Ταύτην
631 223 741 285 οὖν
774 234 898 300 μῶν
931 226 1121 299 ὀρθῶς
1155 237 1490 305 γιγνομένην
1524 233 1631 307 ἤδη
1667 257 1748 301 τις

51 315 276 372 πώποτε
313 312 745 379 ἐθεάσατο;’καὶ
777 315 942 385 σφῷν
969 311 1074 382 μὲν
1100 310 1515 381 ἀποκρίνασθαι
1548 315 1747 390 ῥᾴδιον

53 394 127 464 ὥς
147 396 503 454 οὐδεπώποτε
511 392 575 450 τὸ
592 391 879 462 παράπαν·
903 392 974 449 οὐ
992 390 1101 464 γὰρ
1120 393 1418 466 ἐπιχώριον
1430 393 1564 466 ὑμῖν
1582 403 1744 453 τοῦτο

53 479 189 537 οὐδὲ
206 480 469 551 νόμιμον·
501 474 610 546 ἐγώ
632 472 686 531 δ’
710 474 1041 547 ἐντετύχηκά
1068 496 1129 532 τε
1156 483 1387 543 πολλαῖς
1417 479 1511 533 καὶ
1539 486 1747 535 πολλα-

49 569 173 635 χοῦ,
209 562 301 617 καὶ
326 562 554 630 προσέτι
588 557 771 624 πάσας
802 555 879 624 69
915 562 1046 624 ἔπος
1077 563 1255 615 εἰπεῖν
1284 559 1618 662 διηρώτηκα,
1656 562 1748 615 καὶ

51 640 248 713 σχεδὸν
265 639 405 713 ὅλην
423 641 527 713 μὲν
537 639 806 712 οὐδεμίαν
821 637 1013 710 ὀρθῶς
1029 643 1367 714 γιγνομένην
1386 630 1605 714 εώρακα
1625 637 1741 697 οὐδ
1775 665 1807 705 E

28 721 282 796 τίκήκοα,
314 723 481 796 μόρια
508 721 562 779 δ’
602 731 660 794 εἴ
681 743 795 780 που
823 720 1028 795 σμικροὶ
1055 726 1149 780 καὶ
1180 721 1358 796 ὀλίγα,
1388 746 1456 781 τα
1486 723 1663 782 πολλὰ
1689 726 1747 782 δὲ

48 806 338 878 ξύμπανθ’
363 802 437 871 ὡς
454 809 628 861 εἰπεῖν
646 808 1074 878 διημαρτημένα.

188 893 308 945 ΚΛ.
346 892 477 954 1169
495 886 563 959 δὴ
582 893 775 958 ταῦτα,
793 882 838 943 6
856 890 994 958 ξένε,
1015 892 1211 959 λέγεις;
1242 889 1358 945 εἰπὲ
1377 893 1456 945 ἔτι
1475 892 1747 960 σαφέστε-

47 991 176 1041 ρον·
215 969 373 1043 ἡμεῖς
408 971 512 1043 μὲν
549 969 677 1041 γάρ,
717 969 856 1042 ὅπερ
886 968 1052 1041 εἶπες,
1085 968 1309 1045 ἀπειρίᾳ
1327 976 1443 1027 τῶν
1471 971 1746 1028 τοιούτων

45 1050 176 1109 οὐδ’
191 1052 624 1124 ἐντυγχάνοντες
644 1048 717 1108 ἂν
737 1060 870 1118 ἴσως
888 1050 1066 1118 εὐθύς
1083 1074 1146 1124 γε
1158 1065 1388 1125 γνοῖμεν
1405 1054 1469 1111 τό
1487 1075 1545 1111 τε
1566 1051 1748 1126 ὀρθὸν
1775 1066 1863 1112 640

47 1134 139 1189 καὶ
161 1133 236 1204 μὴ
258 1133 597 1205 γιγνόμενον
616 1135 678 1189 ἐν
697 1130 902 1199 αὐτοῖς.
962 1182 975 1197 .

1 1223 2 1226 ’
188 1221 308 1271 ἏΘ.
346 1213 518 1279 Εἰκὸς
534 1218 735 1285 λέγεις·
764 1213 889 1271 ἀλλ’
916 1217 1056 1286 ἐμοῦ
1080 1216 1389 1287 φράζοντος
1405 1224 1581 1287 πειρῶ
1601 1240 1744 1290 μαν-
1799 1251 1804 1260 ·

44 1295 264 1353 θάνειν.
291 1293 354 1350 τὸ
374 1295 478 1366 μὲν
497 1292 606 1364 γὰρ
627 1298 689 1350 ἐν
707 1296 912 1360 πάσαις
935 1318 995 1351 τε
1024 1297 1280 1362 ξυνόδοις
1307 1301 1400 1354 και
1429 1296 1745 1366 κοινωνίαις

43 1374 298 1445 πράξεων
329 1371 692 1431 ὡντινωνοῦν
728 1398 803 1441 ως
832 1373 1016 1445 ὀρθὸν
1047 1383 1335 1448 πανταχοῦ
1362 1379 1611 1445 ἑκάστοις
1639 1381 1744 1453 άρ-

0 1450 3 1584 j
43 1477 214 1529 χοντα
234 1454 395 1527 εἶναι,
417 1455 756 1528 μανθάνεις,

184 1543 305 1596 ΚΛ.
342 1544 476 1604 1169
493 1537 603 1610 γὰρ
625 1537 723 1605 οὕς

183 1627 304 1678 ΑΘ.
338 1622 450 1677 Καὶ
478 1619 591 1693 μὴν
623 1624 887 1694 ἐλέγομεν
914 1630 1026 1679 νῦν
1058 1624 1145 1695 δή,
1183 1627 1513 1696 μαχομένων
1546 1622 1619 1690 ὡς
1640 1624 1742 1680 άν-

43 1707 233 1775 δρεῐον
261 1707 352 1760 δεῖ
373 1702 477 1759 τὸν
494 1725 738 1775 αρχοντα
758 1703 915 1762 εἶναι.

181 1791 303 1843 ΚΑ.
337 1792 470 1852 1169
487 1783 539 1842 δ’
559 1785 660 1854 οὕς

182 1875 303 1927 ΑΘ.
335 1866 396 1926 Ὁ
414 1867 528 1942 μὴν
555 1868 810 1942 ἀνδρεῖος
840 1877 954 1928 τῶν
982 1869 1233 1928 δειλῶν’
1202 1870 1311 1929 υπὸ
1345 1871 1543 1944 φόβων
1571 1864 1740 1943 ἦττον

38 1954 433 2025 τεθορύβηται.
1762 1962 1796 2003 Β

181 2037 303 2090 ΚΛ.
339 2034 452 2090 Καὶ
471 2039 638 2090 τοῦτο
658 2033 852 2102 οὕτως.

108 2139 113 2142 ·
182 2119 303 2171 ΑΘ.
339 2111 482 2170 Είδ’
503 2106 579 2186 ἦν
594 2134 678 2181 τις
693 2114 910 2188 μηχανὴ
931 2119 1105 2189 μηδὲν
1124 2116 1186 2174 τὸ
1219 2116 1485 2190 παράπαν
1517 2115 1736 2174 δεδιότα

39 2194 180 2267 μηδὲ
212 2193 651 2267 θορυβούμενον
682 2198 971 2270 ἐπιστῆσαι
1014 2203 1367 2274 στρατοπέδω
1404 2197 1734 2272 στρατηγόν,

37 2270 132 2347 ἆρ’
153 2273 226 2332 οῦ
243 2274 400 2332 τοῦτ’
423 2298 498 2332 αν
516 2280 685 2333 παντὶ
701 2278 890 2379 τρόπῳ
911 2280 1283 2353 ἐπράττομεν,

177 2362 299 2414 ΚΛ.
329 2357 572 2431 Σφόδρα
588 2361 692 2431 μὲν
711 2381 833 2417 ουν.

104 2440 115 2449 '
176 2445 297 2498 Ae.
332 2445 465 2498 Νῦν
483 2442 549 2498 δέ
561 2462 626 2513 γε
644 2462 716 2499 ου
734 2448 1113 2513 στρατοπέδου
1132 2447 1260 2517 περὶ
1279 2446 1515 2519 λέγομεν
1532 2446 1735 2518 άρξον-

38 2540 131 2586 τος
165 2522 228 2578 ὃν
254 2518 481 2596 ἀνδρῶν
510 2520 747 2596 ὁμιλίαις
784 2527 1007 2598 ἐχθροῖν
1036 2530 1259 2602 ἐχθροῖς
1294 2550 1430 2601 μετα
1468 2532 1732 2601 πολέμου,

37 2607 222 2673 φίλων
255 2601 309 2660 δ’
348 2607 411 2663 ἐν
444 2605 639 2681 εἰρήνῃ
674 2607 816 2684 πρὸς
844 2613 1044 2680 φίλους
1070 2610 1538 2684 κοινωνησόντων
1567 2618 1732 2684 φιλο-
