1976 3172
277 107 379 160 162
453 147 460 152 .
889 106 1359 153 ΠΛΑΤῼΝΟΣ

274 248 397 305 τῶνΠ
419 241 696 309 δευτέρων
715 236 1031 308 τιμημάτων
1059 235 1199 293 κατὰ
1228 236 1400 292 ταῦτα
1429 237 1686 307 καθάπερ
1717 245 1783 309 τῇ
1811 240 1951 308 πρό-

276 329 437 389 σθεν,
457 327 610 393 τρίτη
636 318 690 374 δ’
713 322 774 374 ἐκ
797 324 911 374 τῶν
937 325 1138 390 τρίτων
1162 321 1483 390 τιμημάτων
1502 322 1692 389 φέρειν
1723 341 1825 389 μεν
1854 317 1951 374 τὸν

215 418 249 457 D
273 401 639 474 βουλόμενον,
661 400 968 471 ἐπάναγκες
986 400 1045 456 δὲ
1071 398 1211 455 εἶναι
1241 412 1354 465 τοῖς
1381 423 1493 455 των
1522 422 1692 472 τριων
1719 399 1953 471 τιμημά-

271 504 403 555 των,
424 483 484 538 τὸ
507 485 566 540 δὲ
590 482 854 553 τέταρτόν
870 502 928 536 τε
946 483 1038 537 και
1067 481 1437 552 σμικρότατον
1457 481 1764 552 ἐλεύθερον
1792 480 1951 551 οἰφεῖ-

273 574 409 622 σθαι
439 572 535 636 τῆς
564 569 768 635 ζημίας,
807 559 868 627 ὃς
898 559 969 618 ἀν
998 561 1186 617 αὐτῶν
1216 585 1289 634 μη
1322 564 1591 634 βούληται
1619 565 1837 633 φέρειν·
1865 583 1954 618 τε·-

271 647 443 720 τάρτῃ
470 645 530 701 δὲ
549 649 741 716 φέρειν
761 667 862 715 μεν
887 646 946 700 ἐκ
965 649 1067 699 τοῦ
1089 644 1353 715 τετάρτου
1369 647 1461 700 καὶ
1482 642 1853 716 σμικροτάτου
1873 645 1976 697 τι-’

271 728 518 799 μήματος
537 726 802 796 ἅπαντας,
823 723 1054 797 ἀζήμιον
1085 724 1137 781 δ’
1174 725 1313 781 εἶναι
1341 725 1443 782 τὸν
1471 729 1531 782 ἐκ
1561 731 1661 782 τοῦ
1690 725 1955 795 τετάρτου

271 811 363 863 καὶ
394 813 584 878 τρίτου
612 807 926 877 τιμήματος,
937 804 1048 867 ,ἐὰν
1075 810 1318 875 ἐνεγκεῖν
1341 806 1414 876 μὴ
1445 808 1737 876 βούληται·
1774 804 1874 861 τὸν
1896 805 1953 862 δ’

272 892 331 943 ἐκ
350 894 451 943 τοῦ
473 887 736 957 δευτέρου
756 887 847 941 καὶ
862 886 1088 956 πρώτου
1113 885 1187 956 μὴ
1218 890 1460 956 φέροντα
1485 891 1835 958 ζημιοῦσθαι,
1855 887 1956 942 τὸν

272 972 374 1040 μὲν
392 971 451 1024 ἐκ
470 974 574 1024 τοῦ
594 969 858 1039 δευτέρου
878 972 1171 1039 τριπλασία
1189 971 1285 1036 τῆς
1307 965 1534 1037 πρώτης
1554 971 1759 1038 ζημίας,
1782 966 1882 1023 τὸν
1900 966 1951 1024 δ’

213 1072 246 1111 Ε
274 1054 334 1106 ἐκ
353 1057 456 1105 τοῦ
476 1050 703 1119 πρώτου
721 1053 1104 1120 τετραπλασίᾳ.
1145 1048 1362 1119 πέμπτῃ
1393 1048 1453 1104 δὲ
1481 1046 1659 1121 ἡμέρα
1688 1046 1754 1103 τὰ
1784 1071 1955 1104 κατα-

274 1134 632 1203 σημανθέντα
657 1129 904 1201 ὀνόματα
926 1132 1230 1199 ἐξενεγκεῖν
1249 1128 1349 1200 μὲν
1368 1151 1500 1194 τους
1528 1129 1796 1200 άρχοντας
1815 1134 1954 1186 ἰδεῖν

272 1220 408 1269 πᾶσι
427 1225 538 1278 τοῖς
557 1219 823 1282 πολίταις,
844 1212 1036 1280 φέρειν
1066 1208 1207 1267 δ’ἐκ
1236 1211 1451 1266 τούτων
1473 1213 1544 1265 αὐ
1573 1211 1754 1267 πάντα
1775 1210 1955 1282 άνδρα

272 1293 308 1366 ἢ
329 1299 662 1366 ζημιοῦσθαι
681 1299 748 1364 τῇ
767 1312 958 1364 πρωτῃ
977 1296 1160 1363 ζημία·
1199 1289 1546 1363 ὀγδοήκοντα
1567 1293 1627 1348 δὲ
1647 1297 1739 1349 και
1759 1290 1954 1348 ἑκατὸν

273 1379 595 1442 ἐκλέξαντας
631 1371 732 1444 ἀφ’
772 1374 1021 1429 ἑκάστων
1056 1379 1170 1427 τῶν
1203 1372 1539 1444 τιμημάτων,
1577 1373 1708 1440 τούς
1744 1373 1955 1445 ἡμίσεις

272 1458 491 1514 τούτων
508 1455 1013 1526 ἀποκληρώσαντας
1034 1453 1344 1524 δοκιμάσαι,
1364 1455 1598 1524 τούτους
1618 1456 1671 1510 δ’
1694 1454 1833 1510 εἶναι
1852 1454 1953 1527 τρν

273 1537 533 1595 ἐνιαυτὸν
551 1536 870 1608 βουλευτάς.
897 1534 930 1606 ἡ
949 1538 1050 1606 μὲν
1070 1538 1275 1606 αἵρεσις
1295 1534 1444 1589 οὕτω
1462 1537 1762 1606 γιγνομένη
1783 1537 1954 1604 μέσον

273 1616 349 1675 ἂν
378 1625 491 1690 ε”χοι
518 1625 852 1690 μοναρχικῆς
886 1621 980 1674 καὶ
1017 1622 1421 1690 δημοκρατικῆς
1445 1624 1738 1688 πολιτείας,
1775 1611 1841 1689 ἧς
1870 1616 1954 1674 ἀεὶ

275 1706 363 1757 δεῖ
375 1700 632 1772 μεσεύειν
651 1699 759 1770 την
777 1705 1058 1756 πολιτείαν
1073 1722 1083 1732 ·
1119 1703 1312 1755 δοῦλοι
1329 1701 1436 1770 γὰρ
1469 1699 1540 1755 ἂν
1568 1701 1661 1755 καὶ
1693 1699 1952 1755 δεσπόται

158 1803 245 1850 757
275 1784 380 1841 οὐκ
403 1784 477 1839 ἄν
503 1802 636 1838 ποτε
666 1785 917 1853 γένοιντο
949 1788 1119 1853 φίλοι,
1142 1781 1273 1837 οὐδὲ
1303 1784 1366 1837 ἐν
1387 1789 1529 1845 ἴσαις
1557 1792 1736 1851 τιμαῖς
1765 1786 1953 1852 διαγο-ι

275 1865 568 1937 ρευόμενοι
584 1870 791 1935 φαῦλοι
809 1867 900 1920 καὶ
920 1868 1223 1920 σπουδαῖοι.
1264 1874 1376 1927 τοῖς
1403 1861 1511 1934 γὰρ
1542 1860 1753 1926 ἀνίσοις
1770 1862 1837 1917 τὰ
1859 1871 1952 1918 ἴσα

274 1947 439 2003 ἄνισα
467 1942 706 2016 ’γίγνοιτ’
741 1944 830 2017 ἅν,
854 1951 904 2001 εἰ
935 1943 1020 2016 μὴχ
1041 1945 1303 2015 τυγχάνοι
1330 1951 1433 2000 τοῦ
1464 1947 1692 2015 μέτρου·
1733 1941 1822 1998 διὰ
1843 1943 1949 2014 γὰρ

274 2027 564 2099 ἀμφότερα
593 2032 775 2082 ταῦτα
800 2026 1048 2081 στάσεων
1069 2031 1129 2081 αἱ
1154 2033 1419 2082 πολιτεῖαι
1447 2033 1802 2098 πληροῦνται.
1843 2046 1951 2081 πα-

273 2108 429 2172 λαιὸς
455 2111 561 2179 γάρ
585 2109 750 2179 λόγος
766 2106 981 2180 ἀληθὴς
1002 2107 1099 2178 ὤν,
1122 2107 1195 2173 ὦς
1215 2109 1400 2179 ἰσότης
1418 2106 1687 2178 φιλότητα
1706 2105 1952 2177 ἀπεργά-

274 2196 433 2261 ζεται,
457 2191 602 2260 μάλα
621 2213 724 2260 μεν
743 2188 931 2259 ὀρθως
959 2198 1169 2264 εἴρηται
1198 2193 1290 2246 καὶ
1310 2192 1577 2266 ἐμμελως·
1613 2188 1729 2260 ἥτις
1760 2186 1810 2243 δ’
1843 2191 1963 2256 ἐστι’,

274 2290 406 2326 ποτε
438 2271 623 2340 ἰσότης
659 2295 692 2341 η
734 2279 897 2326 τοῦτο
929 2270 1064 2326 αὐτὸ
1094 2274 1392 2342 δυναμένη,
1424 2269 1514 2325 δια
1544 2270 1604 2326 τὸ
1635 2268 1709 2340 μὴ
1733 2269 1953 2340 σφόδρα

209 2366 242 2406 Β
276 2344 458 2424 σαφὴς
478 2350 617 2406 εἶναι
642 2350 910 2420 σφόδρα“
882 2374 1026 2421 ημας
1047 2352 1400 2421 διαταράττει.
1438 2355 1597 2405 δυοῖν
1626 2350 1734 2418 γάρ
1765 2351 1952 2418 ἰσοτή-

274 2457 394 2491 τοιν
424 2431 639 2502 ουσαιν,
675 2429 999 2502 ὁμωνύμοιν
1027 2434 1146 2502 μέν,
1182 2435 1324 2504 ε’ργω
1353 2434 1412 2485 δὲ
1441 2434 1516 2494 εἰς
1547 2428 1722 2484 πολλα
1753 2429 1951 2499 σχεδὸν

275 2520 574 2585 ἐναντίαιν,
593 2513 696 2586 τὴν
716 2514 819 2585 μὲν
837 2515 1027 2585 ἑτέραν
1047 2517 1122 2577 εἰς
1140 2511 1236 2577 τὰς
1264 2511 1420 2583 τιμὰς
1442 2516 1591 2566 πᾶσα
1612 2511 1769 2574 πόλις
1787 2510 1948 2582 ἱκανη

276 2610 616 2670 παραγαγεῖν
634 2598 725 2652 καὶ
744 2601 850 2660 πᾶς
865 2597 1187 2666 νομοθέτης,
1199 2617 1301 2665 την
1320 2596 1496 2668 μέτρω
1518 2601 1646 2663 ἴσην
1664 2594 1755 2648 καὶ
1773 2597 1948 2648 σταθ-

276 2704 361 2758 μω
403 2684 496 2739 καὶ
539 2680 788 2751 ἀριθμῷ,
835 2678 1019 2752 κλήρω
1052 2676 1396 2734 ἀπευθύνων
1436 2681 1512 2740 εἰς
1550 2673 1647 2739 τὰς
1684 2674 1948 2744 διανομὰς

276 2763 481 2836 αὐτήν
518 2762 623 2835 τὴν
655 2763 713 2820 δε
733 2761 1116 2834 αληθεστάτην
1140 2762 1231 2818 καὶ
1256 2759 1484 2831 ἀρίστην
1513 2759 1733 2829 ἰσότητα
1763 2756 1947 2812 οὐκέτι
