1976 3172
237 140 338 193 168
852 145 1330 197 ΠΛΛΤῼΝΟΣ

238 270 464 328 αὐτάτά
489 279 602 328 τῶν
620 280 776 329 θεῶν
801 275 921 343 ἱερὰ
935 283 1195 348 κοσμῶσι.
1235 287 1484 350 πανταχῇ
1510 279 1571 336 δὲ
1589 284 1652 338 ἐν
1668 294 1782 350 τοῖς
1797 307 1922 343 τοι-

235 355 420 421 ούτοις
437 356 718 428 γυμνάσια
736 355 839 428 χρὴ
858 360 1280 426 κατασκευάζειν
1298 358 1428 426 τούς
1456 367 1618 429 νέους
1646 365 1855 433 αὐτοῖς
1854 390 1914 425 τε

234 438 326 493 καὶ
361 449 474 503 τοῖς
509 443 735 510 γέρουσι
769 440 1062 512 γεροντικὰ
1098 443 1305 514 λουτρὰ
1339 443 1525 515 θερμὰ
1560 451 1910 519 παρέχοντας,

234 517 377 589 ὕλην
394 523 801 588 παρατιθέντας
824 521 970 595 αὔην
988 527 1079 579 καὶ
1099 523 1271 596 ξηρὰν
1290 524 1572 597 άφθονον,
1603 528 1694 584 ἐπ’
1724 529 1914 602 ὀνήσει
1964 534 1966 538 ’

166 608 202 649 D
234 602 564 672 καμνόντων
601 624 660 658 τε
695 603 883 669 νόσοις
914 607 1005 660 και
1038 605 1112 661 πό
1118 627 1230 671 νοις
1263 609 1568 678 τετρυμένα
1592 624 1914 683 γεωργικοῖς

234 683 461 756 σώματα
474 689 804 759 δεχομένους
821 688 1065 762 εύμενως
1086 696 1281 763 ἰατροῦ
1301 693 1447 758 δέξιν
1465 693 1537 764 μὴ
1558 693 1710 747 πάνυ
1730 699 1914 794 σοφοῦ

231 771 486 836 βελτίονα
506 776 708 843 συχνῷ.

371 851 453 902 ΙΧ.
498 855 683 905 Ταῦτα
710 874 812 921 μεν
831 873 936 906 ουν
954 856 1044 908 καὶ
1062 852 1130 907 τὰ
1155 858 1383 907 τοιαῦτα
1412 853 1590 907 πάντα
1619 853 1826 924 κόσμος
1852 875 1912 910 τε

231 930 324 984 καὶ
344 927 582 1000 ὠφέλεια
600 942 714 997 τοῖς
731 933 920 998 τόποις
939 933 1176 1004 γίγνοιτ’
1197 930 1270 989 ἄν
1286 931 1421 1005 μετὰ
1439 937 1663 999 παιδιᾶς
1692 934 1914 1007 οὐδαμῇ

231 1009 496 1082 ἀχαρίτου
510 1033 521 1044 ·
570 1013 785 1086 σπουδή
816 1014 876 1070 δὲ
911 1018 1036 1086 περὶ
1069 1021 1242 1071 ταῦτα
1283 1015 1382 1088 ἥδε
1417 1019 1569 1071 ἔστω.
1618 1014 1751 1081 τοὺς
1787 1018 1912 1087 ἑξή-

229 1115 400 1150 κοντα
420 1095 682 1161 ἑκάστους
694 1095 794 1152 τὸν
814 1094 1001 1153 αὑτοῖν
1019 1097 1192 1154 τόπον
1205 1097 1505 1169 φυλάττειν
1519 1095 1590 1169 μὴ
1613 1098 1789 1168 μόνον
1807 1118 1906 1154 πο-

229 1181 435 1247 λεμίων
455 1178 618 1234 ἕνεκα
638 1176 778 1235 ἀλλὰ
799 1182 891 1236 καὶ
914 1187 1028 1235 τῶν
1046 1187 1226 1252 φίλων
1244 1180 1580 1251 φασκόντων
1602 1178 1765 1235 εἶναι·
1795 1201 1905 1250 γει-

159 1265 194 1306 Ε
229 1259 413 1314 τόνων
434 1259 494 1316 δὲ
512 1262 605 1316 καὶ
631 1267 746 1316 ταῖν
774 1261 963 1316 ἄλλων
981 1267 1224 1318 πολιτῶν
1241 1257 1313 1333 ἦν
1333 1261 1499 1326 ἄλλος
1526 1258 1699 1316 ἄλλον
1725 1259 1909 1333 ἀδικῇ,

227 1345 427 1406 δοῦλος
444 1337 480 1411 ἢ
499 1342 812 1413 ἐλεύθερος,
840 1342 1161 1408 δικάζοντας
1177 1349 1256 1416 τῷ
1283 1341 1598 1397 ἀδικεῖσθαι
1616 1342 1908 1414 φάσκοντι,

223 1421 291 1479 τά
313 1425 414 1494 μὲν
435 1421 637 1493 σμικρὰ
658 1422 864 1487 αὐτοὺς
892 1421 1023 1486 τοὺς
1040 1426 1202 1478 πέντε
1221 1421 1506 1493 ἄρχοντας,
1525 1421 1591 1477 τὰ
1612 1423 1672 1478 δὲ
1688 1429 1908 1494 μείζονα

225 1506 360 1577 μετὰ
381 1509 496 1560 τῶν
516 1503 732 1560 δώδεκα
751 1503 884 1568 τοὺς
904 1505 1265 1559 ἑπτακαίδεκα
1285 1503 1527 1568 δικάζειν
1555 1507 1711 1574 μέχρι
1739 1511 1910 1576 τριῶν

224 1594 400 1660 μνῶν,
417 1585 523 1642 ὅσα
542 1583 614 1641 ἀν
634 1589 819 1655 ἕτερος
840 1588 1003 1659 ἑτέρω
1023 1589 1267 1657 ἐπικαλῇ.
1308 1582 1572 1655 δικαστὴν
1602 1586 1660 1640 δὲ
1688 1587 1779 1640 καὶ
1806 1585 1909 1657 ἅρ-

222 1692 391 1741 χοντα
410 1667 816 1725 ἀνυπεύθυνον
836 1665 1041 1723 οὐδένα
1062 1667 1300 1733 δικάζειν
1317 1666 1474 1722 καὶ”
1438 1687 1629 1737 αρχειν
1648 1670 1735 1723 δεῖ
1761 1666 1909 1738 πλὴν

223 1773 339 1808 των
356 1749 417 1808 τὸ
438 1755 591 1816 τέλος
610 1752 969 1806 ἐπιτιθέντων
990 1745 1110 1804 οἷον
1135 1749 1435 1819 βασιλέων·
1470 1749 1563 1803 καὶ
1581 1747 1647 1818 δὴ
1670 1751 1760 1804 καὶ
1777 1749 1909 1813 τοὺς

225 1833 573 1906 ἀγρονόμους
586 1832 836 1901 τούτους,
857 1829 956 1886 ἐαν
975 1828 1240 1901 υβρίζωσί
1253 1850 1305 1883 τι
1323 1830 1447 1897 περὶ
1471 1849 1602 1893 τους
1621 1851 1702 1883 ων
1720 1833 1907 1899 ἐπιμε-
1968 1879 1970 1882 .

108 1926 194 1972 762
223 1925 470 1989 λοῦνται,
484 1916 807 1987 προστάξεις
824 1936 882 1970 τε
898 1912 1332 1985 προστάττοντες
1350 1909 1581 1975 ἀνίσους
1597 1912 1689 1966 καὶ
1705 1913 1906 1980 ἐπιχει-
1967 1939 1972 1970 3

223 2007 455 2072 ροῦντες
474 1997 782 2071 λαμβάνειν
818 2018 876 2051 τε
904 1997 996 2051 καὶ
1027 1997 1221 2066 φέρειν
1247 2000 1362 2048 τῶν
1383 1996 1456 2048 ’ἐν
1484 2003 1601 2057 ταῖς
1619 1997 1908 2061 γεωργίαις
1968 1991 1971 2017 ²

221 2081 293 2153 μὴ
314 2087 617 2150 πείσαντες,
638 2080 729 2135 καὶ
747 2077 849 2135 ἐὰν
870 2080 1134 2149 δέχωνταί
1149 2098 1201 2131 τι
1222 2079 1513 2139 κολακείας
1531 2076 1695 2130 ἕνεκα
1715 2072 1906 2128 διδόν-

220 2186 335 2220 των
364 2162 402 2234 ἢ
439 2167 532 2220 καὶ
571 2167 725 2227 δίκας
763 2159 964 2225 ἀδίκως
996 2161 1312 2230 διανέμωσι,
1350 2167 1466 2220 ταῖς
1501 2157 1604 2226 μὲν
1640 2160 1907 2217 θωπείαις

221 2245 542 2310 ὑπείκοντες
561 2243 745 2315 ὀνείδη
767 2243 1138 2314 φερέσθωσαν
1155 2244 1217 2297 ἐν
1235 2239 1385 2310 πάσῃ
1411 2243 1482 2310 τῇ
1508 2236 1682 2306 πόλει,
1713 2258 1827 2291 των
1847 2234 1923 2290 δὲ·

222 2327 408 2385 ἀλλων
429 2325 827 2396 ἀδικημάτων
804 2325 838 2380 ό
858 2347 908 2379 τι
928 2348 999 2379 αν
1018 2324 1250 2378 ἀδικωσι
1265 2320 1406 2384 τούς
1416 2323 1476 2374 ἐν
1495 2340 1570 2391 τω
1598 2318 1771 2388 τόπω,
1792 2338 1907 2371 των

221 2412 377 2513 μέχρι
413 2430 555 2480 μνας
591 2409 652 2462 ἐν
687 2418 801 2473 τοῖς
835 2405 1114 2476 κωμήταις
1152 2405 1244 2458 καὶ
1277 2407 1518 2470 γείτοσιν
1554 2395 1905 2466 ὑπεχέτωσαν

221 2491 441 2556 εκόντες
471 2494 642 2559 δίκας,
671 2510 786 2543 των
813 2490 873 2542 δε
900 2486 1170 2557 μειζόνων
1203 2483 1458 2538 ἑκάστοτε
1485 2478 1840 2549 ἀδικημάτων
1865 2476 1904 2548 ἢ

156 2591 190 2631 Β
225 2578 316 2632 καὶ
342 2595 456 2630 των
477 2569 803 2640 ἐλαττόνων,
823 2567 921 2624 ἐαν
940 2565 1012 2638 μὴ
1035 2566 1293 2623 ’θέλωσιν
1312 2561 1534 2665 υπέχειν
1552 2560 1906 2624 πιστεύοντες

218 2680 296 2732 τω
315 2661 687 2729 μεθίστασθαι
707 2651 844 2708 κατὰ
864 2656 1041 2721 μῆνας
1059 2649 1183 2719 seg*
1152 2667 1342 2718 ετερον
1361 2642 1444 2698 ἀεὶ
1461 2643 1635 2699 τόπον
1656 2641 1904 2714 φεύγον-

220 2760 308 2804 τες
343 2737 798 2808 ἀποφευξεῖσθαι,
837 2733 1053 2788 τούτων
1087 2733 1212 2797 πέρι
1244 2725 1543 2797 λαγχάνειν
1577 2726 1680 2796 μεν
1697 2726 1759 2780 ἐν
1786 2733 1903 2785 ταῖς

220 2833 433 2886 κοιναῖς
459 2824 613 2885 δίκας
630 2818 732 2874 τόν
751 2815 1139 2886 ἀδικούμενον,
1158 2814 1256 2869 ἐὰν
1276 2808 1327 2866 δ’
1352 2811 1478 2880 ἕλῃ,
1485 2806 1588 2879 τὴν
1607 2809 1902 2864 διπλασίαν
