1976 3172
266 158 336 210 96
885 157 1360 205 ΠΛΑΤΩΝΟΣ

405 295 534 346 XIV.
574 295 690 344 ΑΘ.
734 288 814 344 Τὰ
836 287 937 359 μὲν
957 289 1023 359 δὴ
1044 295 1174 359 περί
1188 310 1251 359 γε
1269 293 1524 361 Περσῶν,
1546 289 1620 354 ὥς
1638 287 1742 345 οὐκ
1762 290 1949 360 ὀρθῶς

265 374 332 429 τὰ
350 379 459 428 νῦν
478 375 761 427 διοικεῖται
782 367 873 425 διὰ
893 369 996 442 τὴν
1016 371 1238 443 σφόδρα
1270 374 1530 427 δουλείαν
1548 392 1608 426 τε
1632 375 1725 427 καὶ
1749 375 1950 427 δεσπο-

265 458 434 524 τείαν,
455 456 607 518 τέλος
628 455 804 522 ἐχέτω.

407 542 537 590 ΜΕ.
577 534 741 589 Πάνυ
761 533 862 604 μὲν
883 525 1003 588 οὖν.

407 623 524 673 ΑΘ.
570 615 647 671 Τὰ
681 615 742 671 δὲ
768 617 894 686 περὶ
921 613 1024 685 τὴν
1061 620 1157 686 τῆς
1192 614 1436 686 Ἀττικῆς
1471 609 1547 669 αὖ
1573 620 1854 670 πολιτείαν
1890 611 1976 669 τὰ

267 699 401 770 μετὰ
432 705 598 754 τοῦτο
633 694 896 761 ὡσαύτως
921 693 1065 767 ἡμᾶς
1093 699 1396 762 διεξελθεῖν
1426 694 1623 767 χρεών,
1647 693 1719 760 ὡς
1747 692 1781 766 ἡ
1812 714 1957 750 παν-

209 795 242 836 Β
272 780 430 850 τελὴς
449 781 540 835 καὶ
557 777 665 835 ἀπὸ
687 783 884 835 πασῶν
903 777 1101 850 ἀρχῶν,
1122 779 1427 852 ἐλευθερία,
1441 784 1538 848 τῆς
1566 779 1768 848 μέτρον
1796 777 1958 847 ἐχού-

267 877 365 932 σης
385 859 555 930 ἀρχῆς
576 857 677 929 ὑφ’
703 860 905 929 ἑτέρων
933 858 1002 914 οὐ
1031 867 1245 933 σμικρῷ
1273 865 1498 930 χείρων·
1538 855 1669 929 ἡμῖν
1698 857 1804 927 γὰρ
1834 862 1954 911 κατ’

267 944 482 997 ἐκεῖνον
499 939 601 996 τὸν
619 939 844 1010 χρόνον,
871 938 964 994 ὅτε
981 938 1014 1010 ἡ
1035 946 1275 1010 Περσῶν
1294 943 1540 1005 ἐπίθεσις
1556 951 1670 1004 τοῖς
1681 937 1959 1009 Ἕλλησιν,

268 1031 401 1088 ἴσως
432 1021 492 1078 δὲ
524 1020 725 1092 σχεδὸν
753 1019 926 1076 ἅπασι
952 1032 1066 1085 τοῖς
1099 1021 1203 1091 τὴν
1238 1018 1523 1091 Εὐρώπην
1560 1026 1813 1076 οἰκοῦσιν
1849 1024 1963 1090 ἐγί-

268 1125 449 1174 γνετο,
473 1108 718 1159 πολιτεία
728 1124 787 1158 τε
798 1096 870 1173 ἦν
887 1101 1094 1158 παλαιὰ
1113 1102 1207 1157 καὶ
1224 1104 1284 1156 έκ
1304 1101 1625 1172 τιμημάτων
1641 1100 1807 1170 ἀρχαί
1821 1121 1965 1164 τινες

269 1184 565 1256 τεττάρων,
584 1186 677 1240 καὶ
709 1184 963 1250 δεσπότις
982 1187 1117 1255 ἐνῆν
1134 1206 1216 1249 τις
1236 1183 1420 1255 αἰδώς,
1452 1180 1527 1238 δι’
1555 1180 1628 1254 ἢν
1660 1182 1966 1237 δουλεύον-

270 1289 359 1332 τες
377 1279 490 1332 τοῖς
507 1266 632 1322 τότε
661 1267 855 1338 νόμοις
888 1271 986 1339 ζῇν
1009 1265 1317 1338 ἠθέλομεν*
1356 1267 1449 1322 καὶ
1483 1263 1621 1336 πρὸς
1649 1264 1867 1328 τούτοις
1898 1263 1964 1336 δὴ

271 1348 332 1405 τὸ
367 1351 605 1427 μέγεθος
633 1355 737 1404 τοῦ
767 1348 972 1403 στόλου
1001 1348 1143 1403 κατά
1171 1369 1232 1403 τε
1254 1353 1364 1419 γῆν
1387 1349 1480 1403 καὶ
1507 1343 1648 1418 κατὰ
1677 1345 1966 1401 θάλατταν

216 1449 247 1491 c
272 1429 595 1502 γενόμενον,
617 1428 804 1501 φόβον
824 1429 1042 1498 ἄπορον
1061 1428 1321 1501 ἐμβαλόν,
1352 1432 1613 1484 δουλείαν
1642 1431 1720 1482 ἔτι
1747 1431 1966 1497 μείζονα

274 1515 532 1581 ἐποίησεν
551 1507 696 1580 ἡμᾶς
714 1522 828 1575 τοῖς
851 1532 909 1565 τε
929 1509 1162 1581 ἄρχουσι
1180 1513 1273 1566 καὶ
1291 1522 1404 1575 τοῖς
1422 1510 1618 1579 νόμοις
1646 1512 1966 1575 δουλεῦσαι,

273 1595 366 1649 καὶ
394 1590 484 1647 διὰ
522 1591 705 1646 πάντα
737 1590 903 1647 ταῦθ’
945 1590 1078 1662 ἡμῖν
1117 1595 1380 1658 ξυνέπεσε
1409 1589 1550 1661 πρὸς
1585 1585 1727 1660 ἡμᾶς
1763 1586 1976 1652 αὐτοὺς

276 1670 497 1746 σφοδροὶ
518 1677 690 1742 φιλία.
724 1671 923 1743 σχεδὸν
950 1671 1060 1744 γὰρ
1093 1675 1227 1730 δέκα
1257 1678 1400 1729 ἔτεσι
1427 1672 1534 1743 πρὸ
1559 1677 1656 1742 τῆς
1685 1673 1747 1726 έν
1777 1676 1969 1725 Σαλα-

278 1766 396 1827 μῖνι
432 1758 739 1825 ναυμαχίας
767 1752 998 1825 ἀφίκετο
1033 1760 1208 1819 Δᾶτις
1243 1751 1525 1827 Περσικὸν
1562 1751 1763 1808 στόλον
1793 1751 1966 1822 ἄγων,

276 1839 592 1907 πέμψαντος
634 1842 882 1906 Δαρείου
924 1838 1230 1908 διαρρήδην
1277 1839 1371 1892 ἐπί
1405 1856 1463 1890 τε
1511 1832 1840 1904 Ἀθηναίους
1876 1833 1969 1886 καὶ

270 1914 590 1988 Ἐρετριέας,
611 1918 1227 1989 ἐξανδραποδισάμενον
1256 1915 1501 1987 ἀγαγεῖν,
1533 1914 1786 1970 θάνατον
1816 1909 1968 1986 αὐτῷ

278 1995 563 2068 προειπών
584 1999 658 2069 μὴ
679 1997 946 2070 πράξαντι
970 2005 1143 2055 ταῦτα
1157 2022 1170 2034 ·
1200 1995 1339 2055 καὶὸ
1357 2003 1531 2061 Δᾶτις
1547 1993 1679 2060 τοὺς
1697 1997 1799 2066 μὲν
1821 1992 1976 2062 Ἐρε-

213 2096 249 2136 Ι)
281 2083 463 2148 τριέας
494 2084 557 2135 ἒν
584 2101 695 2135 τινι
721 2086 921 2151 βραχεῖ
941 2080 1124 2153 χρόνῳ
1155 2080 1472 2137 παντάπασι
1506 2076 1645 2134 κατὰ
1687 2076 1890 2145 κράτος
1912 2095 1973 2130 τε

281 2157 390 2216 εἷλε
409 2161 640 2231 μυριάσι
677 2174 921 2232 συχναῖς,
961 2168 1058 2217 καί
1085 2183 1212 2218 τινα
1251 2161 1422 2231 λόγον
1453 2164 1530 2225 εἰς
1563 2156 1668 2230 τὴν
1699 2155 1976 2233 ἡμετέραν,

279 2242 446 2320 πόλιν
464 2239 647 2312 ἀφῆκε
665 2244 931 2314 φοβερόν,
965 2241 1039 2309 ὡς
1067 2244 1249 2309 οὐδεὶς
1278 2242 1598 2315 Ἐρετριέων
1626 2237 1799 2296 αὐτὸν
1829 2234 1972 2292 ἄπο-

280 2323 575 2393 πεφευγώς
599 2331 680 2393 εἴη
697 2346 707 2356 ·
748 2325 1100 2390 συνάψαντες
1119 2323 1227 2395 γὰρ
1249 2325 1360 2394 ἄρα
1379 2323 1476 2388 τὰς
1493 2333 1674 2393 χεῖρας
1695 2317 1973 2389 θαγηνεύ“

283 2421 439 2460 σαιεν
466 2409 654 2458 πᾶσαν
685 2404 790 2475 τὴν
812 2403 1127 2476 Ἐρετρικὴν
1158 2410 1214 2460 οἱ
1240 2411 1568 2475 στρατιῶται
1593 2407 1696 2456 τοῦ
1712 2399 1970 2460 Δάτιδος.

284 2484 346 2551 ὂς
377 2483 444 2557 δὴ
474 2485 655 2557 λόγος,
686 2493 793 2542 εἴτε
825 2484 1039 2557 ἀληθὴς
1066 2494 1174 2542 εἴτε
1202 2486 1295 2540 καὶ
1330 2483 1439 2557 ὅπῃ
1469 2482 1719 2555 ἄφίκετο,
1754 2479 1886 2544 τούς
1914 2500 1972 2535 τε

285 2569 488 2633 ἄλλους
512 2566 782 2639 Ἕλληνας
818 2570 909 2623 καὶ
945 2566 1012 2639 δὴ
1049 2569 1141 2624 καὶ
1179 2566 1508 2638 Ἀθηναίους
1543 2567 1845 2635 ἐξέπληττε,
1882 2561 1976 2616 καὶ

286 2654 750 2722 πρεσβευομένοις
779 2648 964 2716 αὐτοῖς
994 2650 1303 2720 πανταχόσε
1333 2655 1565 2720 βοηθεῖν
1595 2646 1775 2710 οὐδεὶς
1802 2644 1976 2716 ἤθελε

225 2755 257 2794 Ε
288 2732 435 2803 πλήν
454 2754 518 2801 γε
536 2736 1016 2803 Λακεδαιμονίων·
1054 2723 1210 2787 οὗτοι
1239 2732 1297 2788 δὲ
1326 2728 1439 2786 ὑπό
1458 2751 1517 2805 τε
1535 2734 1638 2785 τοῦ
1656 2725 1794 2799 πρὸς
1812 2731 1975 2780 Μεσ-

289 2814 469 2886 σήνην
500 2813 659 2880 ὄντος
687 2813 808 2871 τότε
838 2817 1081 2886 πολέμου
1116 2815 1208 2871 καὶ
1238 2819 1287 2870 εἰ
1320 2814 1389 2883 δή
1419 2834 1471 2868 τι
1509 2810 1808 2868 διεκώλυεν
1837 2805 1974 2863 ἄλλο
