1976 3172
738 55 1059 108 Nova
1091 50 1172 121 ιβ’.
1656 55 1760 110 393

61 189 132 260 χοὶ
138 206 335 247 νουσιν
351 194 411 248 οἱ
422 196 639 261 πολλοί,
659 197 932 248 τοσοῦτον
942 193 1036 246 καὶ
1051 198 1157 247 τοῦ
1174 198 1387 261 κρίνειν
1404 190 1536 259 τούς
1555 191 1760 259 ἄλλους

65 275 122 327 ol
136 273 374 344 πονηροὶ
398 275 493 329 καὶ
509 271 974 346 ἅχρηστοςρεῖον
1001 275 1065 328 δέ
1092 295 1145 329 τι
1170 275 1263 331 καὶ
1292 272 1560 346 εὔστοχον
1579 278 1760 332 ἔνεστι

63 354 159 410 καὶ
180 364 324 411 τοῖσι
341 366 553 427 κακοῖς,
574 353 716 412 ὥστε
733 353 1051 425 πάμπολλοι
1081 356 1175 431 καὶ
1193 361 1309 412 τῶν
1327 357 1549 427 σφόδρα
1568 362 1759 415 κακῶν
1791 368 1822 410 c

61 427 129 489 εὖ
144 445 261 500 τοῖς
276 436 463 507 λόγοις
479 438 574 494 καὶ
600 447 719 502 ταῖς
743 436 929 502 δόξαις
958 423 1305 507 διαιροῦνται
1332 437 1466 504 τούς
1494 437 1760 510 αμείνους

60 520 178 573 τῶν
193 514 524 617 ἀνθρώπων
538 522 634 576 καὶ
648 516 783 583 τούς
800 523 1068 588 χείρονας.
1094 518 1182 575 διὸ
1201 518 1379 575 καλὸν
1395 530 1513 584 ταῖς
1531 527 1758 585 πολλαῖς

61 598 257 656 πόλεσι
274 600 338 657 τὸ
357 599 751 675 παρακέλευμά
769 603 900 671 ἐστι,
920 605 1199 674 προτιμᾷν
1215 599 1320 672 τὴν
1340 598 1598 667 εὐδοξίαν
1617 600 1757 670 πρὸς

59 684 175 734 τῶν
200 687 446 738 πολλῶν.
481 681 544 739 τὸ
574 682 680 754 μὲν
706 682 817 755 γὰρ
843 681 1163 752 ὀρθότατον
1189 683 1283 739 καὶ
1308 685 1585 754 μέγιστον,
1618 680 1756 740 ὄντα

56 757 283 830 ἀγαθὸν
305 760 535 835 ἀληθῶς
558 763 711 820 οὕτω
729 762 832 821 τὸν
859 762 1095 829 εὔδοξον
1123 768 1250 835 βίον
1276 763 1564 836 θηρεύειν,
1590 764 1755 836 χωρὶς

58 842 121 898 δὲ
137 846 423 916 μηδαμῶς,
440 846 545 902 τόν
561 867 627 916 γε
644 848 833 902 τέλεον
850 844 1032 916 ἄνδρα
1054 846 1339 918 ἐσόμενον.
1379 848 1472 903 καὶ
1491 844 1557 917 δὴ
1578 848 1670 902 καὶ
1687 850 1756 918 τῇ

59 924 200 981 κατὰ
221 927 453 999 Κρήτην
476 932 791 1002 οἰκιζομένῃ
808 930 967 986 πόλει
989 932 1204 999 πρέπον
1222 925 1297 985 ἂν
1324 937 1409 999 εἴη
1427 930 1597 995 δόξαν
1614 926 1756 999 πρὸς

56 1013 172 1062 τῶν
190 1007 380 1066 ἄλλων
398 1008 725 1083 ἀνθρώπων
743 1009 777 1068 ὅ
794 1033 846 1068 τι
862 1015 1162 1083 καλλίστην
1178 1032 1238 1068 τε
1265 1012 1358 1067 καὶ
1385 1008 1618 1082 ἀρίστην
1645 1028 1755 1066 πα-

56 1092 501 1159 ρασκευάζεσθαι
513 1093 655 1164 πρὸς
680 1091 886 1166 ἀρετήν
900 1115 912 1126 ·
947 1099 1099 1150 πᾶσα
1118 1091 1171 1149 δ’
1194 1092 1346 1158 ἐλπὶς
1362 1089 1541 1163 αὐτὴν
1557 1094 1619 1148 ἐκ
1637 1096 1752 1149 τῶν
1783 1109 1818 1152 D

58 1171 311 1244 εἰκότων,
340 1173 519 1246 ἄνπερ
547 1173 688 1233 κατὰ
713 1175 885 1248 λόγον
910 1181 1181 1247 γίγνηται,
1207 1173 1328 1246 μετ’
1358 1172 1564 1246 ὀλίγων
1589 1172 1751 1246 ἥλιον

55 1252 302 1319 ὄψεσθαι
329 1259 422 1313 καὶ
450 1255 582 1323 τούς
608 1259 816 1323 ἄλλους
841 1257 1017 1324 θεοὺς
1042 1259 1107 1315 ἐν
1135 1268 1253 1323 ταῖς
1281 1255 1542 1329 εὐνόμοις
1560 1255 1752 1312 πόλεσι

54 1338 148 1391 καὶ
163 1335 382 1407 χώραις.
421 1330 532 1395 ὦδε
553 1333 663 1395 οὖν
676 1339 783 1411 χρὴ
807 1351 990 1395 ποιεῖν
1009 1342 1134 1409 περὶ
1152 1338 1461 1410 ἀποδημίας
1485 1343 1561 1404 είς
1579 1337 1749 1404 ἄλλας

53 1417 238 1487 χώρας
263 1419 359 1476 καὶ
377 1419 589 1485 τόπους
605 1421 700 1477 καὶ
726 1422 854 1493 περὶ
881 1417 1159 1491 ὑποδοχῆς
1178 1421 1368 1485 ξένων.
1406 1427 1631 1492 πρῶτον
1648 1418 1751 1491 μὲν

56 1502 308 1573 νεωτέρῳ
333 1502 476 1557 ἐτῶν
500 1502 908 1573 τετταράκοντα
935 1500 1009 1574 μὴ
1034 1504 1230 1568 ἐξέστω
1259 1499 1614 1575 ἀποδημῆσαι
1641 1523 1755 1573 μη-

56 1582 207 1652 δαμῇ
222 1585 506 1653 μηδαμῶς,
530 1585 609 1638 ἔτι
624 1603 684 1638 τε
702 1585 815 1658 ἰδίᾳ
831 1585 1046 1654 μηδενί,
1068 1586 1304 1655 δημοσίᾳ
1322 1580 1379 1637 δ’
1408 1586 1550 1639 ἔστω
1568 1582 1748 1655 κη’ρυ-

56 1665 143 1728 ξιν
160 1659 199 1733 ἢ
225 1668 541 1736 πρεσβείαις
568 1662 608 1736 ἦ
634 1669 734 1722 καί
758 1680 869 1721 τισι
896 1671 1158 1734 θεωροῖς·
1195 1661 1295 1729 τὰς
1320 1662 1382 1722 δὲ
1407 1662 1547 1722 κατὰ
1577 1664 1749 1722 πόλε-

56 1764 168 1814 μον
185 1745 278 1800 καὶ
295 1750 582 1815 στρατείας
598 1744 908 1818 ἀποδημίας
925 1744 1031 1802 οὐκ
1057 1749 1119 1803 ἐν
1138 1747 1421 1817 ἐκδημίαις
1445 1752 1747 1811 πολιτικαῖς
1778 1769 1812 1810 E

56 1823 216 1891 ἄξιον
235 1823 533 1898 ἀγορεύειν
570 1824 645 1891 ῶς
677 1827 898 1884 τούτων
931 1827 1128 1892 οὔσας·
1164 1827 1413 1884 Πυθώδε
1440 1833 1519 1901 τῷ
1546 1824 1746 1883 Ἀπόλ-

58 1908 305 1964 λωνικαὶ
322 1911 400 1974 είς
415 1907 721 1980 Ὀλυμπίαν
735 1916 813 1983 τῷ
833 1911 930 1966 Διὶ
946 1911 1039 1966 καὶ
1057 1913 1134 1974 εἰς
1152 1912 1378 1980 Νεμέαν
1394 1910 1487 1966 καὶ
1507 1913 1585 1974 εἰς
1597 1906 1747 1965 Ἰσθ-

55 1988 170 2061 μὸν
190 1990 294 2062 χρὴ
323 1993 560 2062 πέμπειν
588 1999 1001 2057 κοινωνοῦντας
1026 1997 1248 2047 θυσιῶν
1274 2012 1334 2048 τε
1374 1992 1468 2047 καὶ
1496 1988 1746 2062 ἀγώνων

54 2072 274 2138 τούτοις
290 2083 404 2138 τοῖς
419 2081 592 2141 θεοῖς,
617 2076 852 2144 πέμπειν
870 2076 931 2131 δὲ
958 2077 1035 2139 εἰς
1052 2073 1295 2146 δύναμιν
1314 2071 1348 2129 ὅ
1375 2095 1429 2129 τι
1455 2076 1747 2138 πλείστους

60 2152 177 2224 ἅμα
210 2156 304 2211 καὶ
340 2159 669 2220 καλλίστους
699 2177 756 2212 τε
793 2159 885 2213 καὶ
916 2153 1192 2229 ἀρίστους,
1217 2158 1416 2221 οἵτινες
1446 2152 1746 2227 εὐδόκιμον

56 2232 164 2305 τὴν
192 2233 359 2291 πόλιν
388 2236 451 2291 ἐν
477 2238 648 2306 ἱεραῖς
672 2257 731 2293 τε
758 2240 851 2294 καὶ
885 2241 1185 2309 εἰρηνικαῖς
1221 2243 1547 2303 συνουσίαις
1580 2236 1746 2307 ποιή-

59 2330 223 2372 σουσι
243 2318 447 2386 δοκεῖν,
468 2327 582 2382 τοῖς
599 2320 724 2388 περὶ
741 2316 842 2375 τὸν
867 2318 1113 2390 πόλεμον
1140 2317 1516 2389 ἀντίστροφον
1546 2315 1744 2375 ἀποδι-
1770 2335 1855 2380 951

59 2393 252 2490 δόντες
268 2395 431 2469 δόξης
452 2399 832 2472 παρασκευήν,
857 2399 1120 2465 ἐλθόντες
1147 2399 1207 2457 δὲ
1235 2402 1425 2457 οἴκαδε
1456 2398 1744 2464 διδάξουσι

58 2475 190 2541 ῑθῦθ
209 2476 440 2548 triones*
406 2500 492 2537 οτι
510 2480 743 2552 δεύτερα
759 2503 826 2537 τα
846 2486 961 2539 τῶν
977 2481 1165 2538 αλλων
1180 2481 1294 2536 ἐστὶ
1311 2479 1518 2550 νόμιμα
1533 2500 1600 2534 τα
1619 2481 1745 2548 περὶ

59 2557 160 2623 τὰς
178 2564 469 2628 πολιτείας.
503 2562 759 2636 θεωροὺς
777 2564 837 2621 δὲ
866 2564 1070 2629 αλλους
1095 2563 1422 2659 ἐκπέμπειν
1417 2559 1598 2631 χρεῶν
1625 2582 1742 2618 τοι·

58 2639 232 2696 ούσδε
250 2662 407 2707 τινας
421 2641 551 2710 τούς
565 2645 965 2717 νομοφύλακας
984 2631 1352 2714 παρεμένους
1382 2661 1458 2696 αν
1473 2662 1619 2707 τινες
1635 2644 1743 2698 ἐπι-

59 2727 288 2794 θυμῶσι
300 2727 415 2779 τῶν
430 2729 674 2784 πολιτῶν
685 2747 752 2784 τα
772 2732 887 2783 τῶν
905 2724 1094 2782 ἄλλων
1114 2721 1440 2792 ἀνθρώπων
1450 2722 1744 2794 πράγματα
