1976 3172
218 106 285 158 26
818 110 1293 160 ΠΛΑΤΩΝΟΣ

218 262 310 294 ναι
346 240 791 313 προμανθάνειν,
821 238 942 298 οἷον
969 244 1199 299 τέκτονα
1229 253 1446 315 μετρεῖν
1474 239 1511 314 ἦ
1542 249 1901 314 σταθμᾶσθαι

216 321 306 375 καὶ
327 318 628 392 πολεμικὸν
646 322 902 380 ἱππεύειν
921 329 1181 392 παίζοντα
1199 323 1236 397 ἤ
1254 347 1305 380 τι
1331 331 1446 380 τῶν
1473 324 1743 380 τοιούτων
1763 321 1899 381 ἄλλο
1973 343 1976 345 ·

218 407 525 472 [ποιοῦντα]
548 406 639 458 καὶ
658 410 959 475 πειρᾶσθαι
979 407 1069 461 διὰ
1089 428 1203 462 των
1222 410 1462 462 παιδιῶν
1479 407 1654 462 ἐκεῖσε
1679 409 1902 478 τρέπειν
1969 394 1976 487 ξ

217 480 316 548 τάς
332 481 539 554 ἡδονὰς
569 487 664 540 καὶ
694 488 990 559 ἐπιθυμίας
1018 511 1132 544 των
1166 494 1399 560 παίδων,
1437 485 1495 545 οἷ
1526 488 1902 560 ἀφικομένους
1959 491 1976 521 '²

158 577 192 617 D
225 561 430 629 αὐτοὺς
458 568 545 621 δεῖ
568 569 723 631 τέλος
752 571 911 637 ἔχειν.
952 568 1260 639 κεφάλαιον
1293 567 1359 639 δὴ
1398 574 1647 635 παιδείας
1668 573 1902 641 λέγομεν
1974 604 1976 606 -

150 718 157 725 .
214 645 317 716 τὴν
337 643 523 718 ὀρθὴν
541 647 778 719 τροφήν,
809 647 846 719 ἢ
870 656 974 704 τοῦ
992 654 1279 716 παίζοντος
1297 651 1399 722 τὴν
1417 649 1603 723 ψυχὴν
1621 657 1697 717 εἰς
1726 657 1900 722 ἔρωτα

215 726 452 799 μάλιστα
474 728 590 795 ἀξει
607 730 828 801 τούτου,
849 727 878 786 ὸ
871 730 1083 803 δεήσει
1100 733 1407 804 γενόμενον
1426 730 1591 802 ἄνδρ’
1617 732 1798 790 αὐτὸν
1811 740 1901 788 τέ-

213 816 364 866 λειον
384 809 525 867 εἶναι
537 819 633 884 τῆς
651 819 755 868 τοῦ
772 812 1093 885 πράγματος
1111 813 1331 885 ἀρετῆς·
1355 812 1520 885 ὁρᾶτε
1537 808 1660 884 οὖν,
1681 818 1731 870 εί
1746 816 1902 885 μέχρι

214 890 419 946 τούτου
442 914 523 964 γε,
545 891 682 965 ὅπερ
701 894 877 963 εἷπον,
897 892 1030 966 ὑμῖν
1049 895 1270 967 ἀρέσκει
1288 895 1349 954 τὸ
1370 900 1585 968 λεχθέν.

353 978 472 1029 ΚΛ.
507 981 638 1040 Πτός
655 973 764 1046 γὰρ
783 975 855 1032 οὔ
866 1000 882 1043 ;

357 1061 477 1112 ΑΘ.
514 1059 615 1127 Μὴ
636 1064 830 1114 τοίνυν
848 1057 980 1129 μηδ’
1004 1057 1038 1113 ὃ
1055 1063 1288 1130 λέγομεν
1309 1059 1449 1116 εἶναι
1467 1064 1722 1115 παιδείαν
1742 1059 1901 1128 ἀόρι-

216 1151 350 1192 στον
368 1142 606 1208 γένηται.
642 1145 753 1194 νῦν
769 1139 878 1209 γὰρ
907 1139 1266 1206 ὀνειδίζοντες
1293 1142 1650 1204 ἐπαινοῦντές
1675 1137 1737 1195 θ’
1772 1139 1902 1195 ἑκά-

216 1234 366 1273 στων
401 1216 499 1283 τὰς
534 1217 749 1291 τροφὰς
791 1224 1024 1292 λέγομεν
1062 1219 1138 1286 ὡς
1183 1219 1283 1276 τὸν
1321 1221 1425 1292 μεν
1458 1224 1901 1292 πεπαιδευμένον

83 1321 90 1329 ’
152 1317 184 1356 Ε
214 1295 374 1370 ἡμῶν
393 1297 528 1355 ὄντα
547 1299 690 1370 τινά,
719 1301 818 1374 τὸν
847 1300 907 1356 δε
935 1299 1273 1357 ἀπαίδευτον
1307 1304 1483 1357 ἐνίοτε
1515 1309 1593 1366 εἴς
1625 1323 1684 1356 τε
1720 1321 1901 1371 καπη-

213 1386 359 1446 λείας
376 1382 467 1436 καὶ
487 1371 824 1454 ναυκληρίας
840 1384 932 1438 καὶ
950 1381 1136 1438 ἄλλων
1153 1385 1423 1439 τοιούτων
1441 1383 1587 1455 μάλα
1599 1386 1900 1439 πεπαιδευ-

213 1462 404 1534 μένωῦ
420 1463 642 1535 σφόδρα
661 1461 1009 1535 ἀνθρωπων·
1048 1464 1118 1521 οὐ
1133 1464 1240 1536 γὰρ
1266 1472 1439 1522 ταῦτα
1457 1464 1804 1538 ἡγουμένων,
1826 1487 1901 1529 ως

211 1548 411 1614 ἔοικεν,
433 1542 572 1614 εἶναι
596 1549 851 1602 παιδείαν
880 1544 910 1601 ὁ
945 1553 1055 1603 νῦν
1083 1547 1250 1617 λόγος
1287 1545 1361 1604 ἂν
1398 1556 1500 1619 εἴη,
1528 1549 1633 1619 τὴν
1667 1548 1726 1603 δὲ
1755 1545 1899 1617 πρὸς

211 1623 420 1696 ἀρετὴν
437 1628 498 1682 ἐκ
517 1630 732 1683 παίδων
753 1631 1023 1700 παιδείαν,
1045 1635 1322 1686 ποιοῦσαν
1339 1629 1691 1701 ἐπιθυμητήν
1719 1649 1778 1685 τε
1803 1629 1895 1684 καὶ

213 1708 452 1778 ἐραστὴν
469 1715 571 1763 τοῦ
590 1715 819 1781 πολίτην
836 1714 1101 1783 γενέσθαι
1111 1713 1318 1782 τέλεον,
1334 1711 1525 1784 ἄρχειν
1541 1733 1602 1768 τε
1622 1714 1714 1768 καὶ
1734 1709 1900 1781 ι’ίρχε-

213 1797 349 1844 σθαι
379 1790 748 1862 ἐπιστάμενον
775 1790 910 1862 μετὰ
939 1797 1106 1865 δίκης.
1143 1793 1353 1865 ταύτην
1368 1791 1486 1865 τὴν
1505 1791 1724 1865 τροφὴν
1752 1791 1899 1864 ἀφο-

41 1902 50 1904 -
97 1882 185 1931 644
215 1870 511 1967 ρισάμενος
529 1869 559 1927 ὁ
581 1872 748 1944 λόγος
772 1867 953 1943 οὗτος,
976 1896 1048 1939 ως
1077 1876 1197 1945 ἐμοὶ
1223 1881 1496 1946 φαίνεται,
1518 1881 1628 1930 νῦν
1647 1873 1895 1945 βούλοιτ’

213 1948 287 2007 ἂν
321 1950 503 2023 μόνην
537 1958 793 2010 παιδείαν
820 1956 1278 2027 προσαγορεύειν,
1315 1953 1418 2026 τὴν
1448 1955 1508 2010 δε
1536 1959 1613 2019 εἰς
1648 1956 1898 2026 χρήματα

210 2033 572 2088 τείνουσαν”
536 2056 572 2104 η
601 2055 725 2089 τινα
755 2034 894 2106 πρὸς
915 2032 1124 2106 ἰσχὺν
1097 2034 1135 2106 η“
1165 2037 1259 2092 καὶ
1284 2032 1422 2103 πρὸς
1452 2035 1626 2105 ἄλλην
1645 2032 1768 2089 τινὰ
1799 2049 1897 2088 σο-

212 2113 390 2185 φίαν
370 2112 509 2169 ἀνευ
526 2122 634 2170 νοῦ
651 2117 744 2171 καὶ
764 2121 918 2187 δίκης
935 2116 1228 2188 βάναυσόν
1250 2138 1281 2171 τ
1286 2114 1464 2171 ἐἶναι
1482 2118 1573 2171 καὶ
1591 2113 1897 2170 ἀνελεύθε-

213 2216 316 2264 ρον
335 2195 429 2250 καὶ
449 2193 553 2251 οὐκ
571 2194 731 2261 ἀξίαν
751 2197 812 2251 τὸ
835 2198 1101 2267 παράπαν
1129 2200 1384 2253 παιδείαν
1400 2203 1705 2253 καλεῖσθαι.
1744 2194 1898 2266 ἡμεῖς

215 2274 282 2346 δὴ
323 2273 497 2345 μηδὲν
536 2274 766 2374 ὀνόματι
801 2276 1185 2348 διαφερώμεθ’
1222 2276 1426 2346 αὑτοῖς,
1462 2276 1584 2332 ἀλλ’
1617 2275 1646 2331 ὁ
1680 2284 1790 2330 νῦν
1827 2275 1894 2345 δὴ

213 2353 378 2426 λόγος
397 2351 533 2427 ἡμῖν
550 2341 921 2428 ομολογηθεὶς
949 2361 1174 2427 μενέτω,
1207 2353 1282 2421 ὥς
1310 2360 1369 2413 οι
1390 2377 1454 2427 γε
1479 2354 1668 2428 ὀρθῶς
1696 2374 1894 2410 πεπαι-

215 2437 473 2508 δευμένοι
493 2436 693 2508 σχεδὸν
723 2436 930 2508 ἀγαθοὶ
956 2443 1259 2509 yvyvovtac,
1288 2438 1393 2494 καὶ
1408 2441 1492 2493 δεῖ
1524 2438 1592 2507 δὴ
1626 2435 1730 2507 τὴν
1765 2455 1894 2490 παι-

146 2535 178 2574 Β
218 2523 372 2575 δείαν
389 2523 649 2590 μηδαμοῦ
665 2517 958 2591 ἀτιμάζειν,
983 2542 1057 2585 ως
1073 2525 1295 2590 πρῶτον
1321 2525 1434 2575 τῶν
1453 2522 1760 2574 καλλίστων
1782 2528 1895 2582 τοῖς

213 2597 456 2670 ἀρίστοις
474 2598 711 2671 ἀνδράσι
732 2601 1240 2672 παραγιγνόμενον·
1269 2602 1360 2657 καὶ
1380 2608 1436 2657 εἴ
1458 2619 1589 2656 ποτε
1609 2602 1891 2671 ἐξέρχεται,

215 2681 459 2738 δυνατὸν
479 2680 532 2737 δ’
556 2683 704 2739 ἐστὶν
722 2685 1202 2754 ἐπανορθοῦσθαι,
1221 2681 1371 2739 τοῦτ’
1402 2681 1486 2738 ἀεὶ
1507 2683 1773 2751 δραστέον
1801 2678 1893 2735 διὰ

214 2769 344 2835 βίου
361 2765 524 2821 παντὶ
543 2766 682 2833 κατᾴ
705 2765 961 2842 δύναμιν.
