1976 3172
1118 45 1148 52 x

257 155 360 210 262
874 158 1352 208 ΠΛΑΤΩΝΟΣ

387 287 516 348 ΛΘ.
546 284 662 362 Ἆρ’
687 284 794 348 οὖν
818 290 922 348 οὐκ
941 294 1212 365 ῖσμεντὸν
1235 300 1586 363 Ταραντῖνον
1600 291 1786 350 Ἴκκον
1804 293 1946 367 ἀκοῇ

140 385 228 432 840
256 372 348 429 διὰ
366 371 467 428 τὸν
483 371 813 446 Ὀλυμπίασί
834 395 891 430 τε
912 373 1103 446 ἀγῶνα
1122 377 1214 431 καὶ
1232 375 1364 440 τούς
1388 380 1484 444 [τε]
1515 373 1720 441 ἄλλους
1749 373 1824 441 ῶς
1855 376 1946 432 διὰ

255 461 575 526 φιλονικίαν
613 458 707 513 καὶ
743 458 941 528 τέχνην
977 460 1070 513 καὶ
1104 456 1166 513 τὸ
1198 455 1333 528 μετά
1360 462 1462 512 τοῦ
1490 465 1808 528 σωφρονεῖν
1843 457 1948 513 ἀν-

256 541 441 610 δρεῖον
459 541 523 594 έν
540 546 610 611 τῇ
629 545 779 610 ψυχῇ
797 541 1146 612 κεκτημένος,
1179 536 1251 603 ὡς
1281 539 1463 610 λόγος,
1494 537 1624 595 οὔτε
1648 537 1801 604 τινὸς
1828 538 1948 595 πῶ-

255 638 387 676 ποτε
405 617 673 691 γυναικὸς
689 620 871 693 ἥψατο
892 619 1015 677 οὐδ’
1041 615 1115 677 αὖ
1132 617 1329 685 παιδὸς
1352 623 1412 676 ἐν
1441 620 1545 693 ὅλῃ
1563 626 1633 693 τῇ
1655 627 1751 691 τῆς
1770 617 1963 692 ἀσκή-ι

255 717 395 767 σεως
413 700 590 775 ἀκμῆς
623 705 716 759 καὶ
747 702 814 775 δὴ
844 706 937 760 καὶ
963 708 1228 775 Κρίσωνα
1259 705 1354 760 καὶ
1388 702 1653 759 Ἀστύλον
1680 703 1948 759 καὶΔιό-

256 803 480 853 πομπον
498 785 589 839 καὶ
608 784 812 848 ἄλλους
840 785 1203 855 παμπόλλους
1230 783 1259 840 ὁ
1290 784 1458 849 αὐτός
1487 805 1599 841 που
1629 786 1793 856 λόγος
1823 789 1944 855 ἔχει.

254 867 352 919 καί
374 883 458 918 τοι
485 868 602 919 τῶν
637 861 689 934 γ’
731 866 881 934 ἐμῶν
907 868 1000 920 καὶ
1028 873 1150 921 σῶν-
1173 873 1435 936 πολιτῶν,
1459 860 1503 922 ῶ
1531 872 1778 938 Κλεινία,
1799 864 1945 922 πολὺ

190 970 193 975 “
253 938 609 1017 κάκιονῆσαν
625 945 1166 1017 πεπαιδευμένοι-τὰς
1184 947 1381 1017 ψυχάς,
1401 947 1469 1002 τὰ
1486 948 1546 1004 δὲ
1556 948 1781 1019 σώματα
1799 946 1944 1005 πολὺ

193 1038 224 1078 Β
257 1035 470 1099 μᾶλλον
495 1034 852 1100 σφριγῶντες.

327 1131 339 1140 ·
394 1116 514 1166 ΚΛ.
543 1109 753 1182 Ἀληθῆ
773 1116 946 1166 ταῦτα
974 1109 1228 1182 λέγεις,”
1195 1133 1280 1166 οτι
1305 1086 1529 1183 σφόδρα
1558 1108 1668 1167 ὑπὸ
1694 1117 1810 1167 τῶν
1838 1130 1947 1167 πα-

254 1199 429 1249 λαιῶν
449 1194 595 1249 ἐστὶν
616 1196 876 1265 εἰρημένα
893 1195 1017 1265 περὶ
1034 1193 1250 1250 τούτων
1267 1199 1382 1250 τῶν
1395 1191 1660 1266 ἀθλητῶν
1680 1191 1754 1259 ῶς
1774 1191 1947 1260 ὅντως

254 1276 386 1333 ποτὲ
408 1275 700 1346 γενόμενα.

379 1365 515 1416 ΑΘ.
560 1363 628 1414 Τί
644 1351 777 1425 οὖν;
810 1361 868 1414 οἱ
889 1356 993 1429 μὲν
1017 1357 1126 1429 ἄρα
1142 1363 1301 1430 νίκης
1318 1360 1481 1415 ἕνεκα
1500 1359 1677 1431 πάλης
1697 1361 1790 1415 καὶ
1811 1358 1946 1428 δρό-

252 1462 375 1510 μων
403 1442 495 1497 καὶ
525 1447 639 1496 τῶν
667 1440 940 1496 τοιούτων
967 1439 1279 1512 ἐτόλμησαν
1306 1440 1611 1512 ἀπέχεσθαι
1638 1444 1944 1511 λεγομένου

251 1522 571 1594 πράγματος
601 1518 712 1578 ὑπὸ
741 1526 856 1576 τῶν
885 1527 1109 1577 πολλῶν
1143 1519 1486 1594 εὐδαίμονος,
1519 1525 1577 1578 οἰ
1600 1520 1660 1577 δὲ
1691 1520 1945 1593 ἡμέτεροι

253 1607 443 1668 παῖδες
466 1602 880 1674 ἀδυνατήσουσι
898 1615 1186 1674 καρτερεῖν
1200 1604 1345 1660 πολὺ
1365 1609 1655 1670 καλλίονος
1674 1604 1836 1662 ἕνεκα,
1855 1608 1945 1659 νί-

249 1707 366 1758 κης,
391 1683 464 1756 ἡν
482 1682 636 1757 ημεῖς
654 1687 998 1757 καλλίστην’
972 1708 1033 1742 εκ
1053 1690 1268 1743 παίδων
1287 1684 1428 1759 πρὸς
1458 1685 1664 1752 αὐτοὺς
1690 1689 1944 1756 λέγοντες

190 1769 221 1812 C
251 1771 314 1824 ἐν
340 1768 548 1839 μύθοις
582 1789 639 1823 τε
675 1769 767 1823 καὶ
798 1770 858 1824 ἐν
889 1768 1094 1840 ῥήμασι
1123 1771 1216 1826 καὶ
1246 1772 1308 1826 έν
1338 1771 1560 1841 μέλεσιν
1589 1767 1835 1869 ἅδοντες,
1870 1766 1944 1834 ὡς

253 1848 417 1922 εἰκός,
439 1849 778 1921 κηλήσομεν;

393 1938 513 1991 ΚΛ.
550 1937 746 1999 Ποίας;

391 2021 508 2071 ΑΘ.
552 2021 662 2088 Τῆς
683 2021 798 2070 τῶν
820 2013 1044 2086 ἡδονῶν
1071 2019 1229 2086 νίκης
1257 2011 1589 2086 ἐγκρατεῖς
1567 2013 1734 2079 όντας
1753 2006 1824 2069 ἂν
1845 2019 1942 2088 ζῇν

249 2093 612 2170 εὐδαιμόνως,
652 2095 1002 2170 ἡττωμένους
1039 2099 1100 2152 δὲ
1137 2093 1469 2152 τούναντίον
1504 2093 1668 2152 α’παν.
1701 2094 1845 2196 πρὸς
1882 2095 1942 2152 δὲ

248 2179 464 2244 τούτοις
483 2184 561 2236 ἔτι
581 2177 802 2251 φόβος“
777 2203 806 2236 ο
827 2186 931 2235 τοῦ
948 2182 1174 2252 μηδαμῇ
1186 2177 1488 2252 μηδαμῶς’
1468 2178 1625 2235 όσιον
1643 2176 1779 2235 αὐτὸ
1802 2176 1941 2234 εἶναι

249 2259 488 2330 δύναμιν
504 2259 638 2332 ἡμῖν
654 2260 759 2317 οὐκ
778 2260 887 2332 ἄρα
907 2262 1013 2328 ἕξει
1033 2272 1255 2333 κρατεῖν
1275 2254 1358 2317 ῶν
1385 2259 1544 2318 ἄλλοι
1571 2260 1940 2333 κεκρατήκασι

248 2342 468 2397 τούτων
489 2342 522 2397 ὅ
524 2364 647 2407 ντες
664 2348 932 2415 χείρονες;

388 2430 507 2479 ΚΛ.
547 2425 718 2490 Εἰκός
737 2424 793 2494 γ’
817 2419 936 2479 οὖν.

387 2508 516 2561 VIII.
554 2513 669 2562 ΑΘ.
701 2503 915 2577 Ἐπειδὴ
934 2509 1127 2561 τοίνυν
1146 2502 1398 2560 ἐνταῦθά
1425 2505 1591 2573 ἐσμεν
1610 2501 1814 2557 τούτου
1834 2507 1936 2557 τοῦ

183 2599 218 2640 D
249 2592 490 2659 νομίμου
508 2587 651 2660 πέρι,
675 2585 764 2644 διὰ
786 2587 964 2659 κάκην
984 2586 1044 2644 δὲ
1069 2584 1173 2659 τὴν
1194 2593 1309 2642 τῶν
1338 2591 1563 2642 πολλῶν
1592 2589 1668 2649 εἰς
1696 2582 1937 2653 ἀπορίαν

247 2673 530 2741 ἐπέσομεν,
572 2671 714 2741 φημὶ
749 2667 811 2725 τὸ
849 2669 948 2740 μὲν
982 2666 1250 2741 ἡμέτερον
1279 2667 1521 2739 νόμιμον
1551 2664 1791 2737 ἀτεχνῶς
1819 2668 1937 2721 δεῖν

244 2753 369 2821 περὶ
389 2750 579 2807 αὐτῶν
597 2751 816 2808 τούτων
834 2750 1180 2820 πορεύεσθαι
1199 2752 1380 2821 λέγον,
1411 2746 1482 2815 ὡς
1514 2746 1583 2805 οὐ
1611 2752 1695 2804 δεῖ
1718 2754 1936 2818 χείρους

243 2831 376 2903 ἡμῖν
395 2831 534 2889 εἶναι
552 2832 928 2899 τούςπολίτας
953 2831 1202 2905 ὀρνίθων
1231 2832 1322 2888 καὶ
1347 2830 1532 2888 ἄλλων
1557 2836 1778 2902 θηρίων
1797 2835 1935 2885 πολ-
