1976 3172
252 102 356 153 ‘226
848 104 1318 152 ΠΛΑΤΩΝΟΣ

184 245 219 284 D
254 234 805 305 διοικεῖνάναγκαῖόν
815 237 928 291 ἐστι
941 238 1062 308 περὶ
1081 241 1251 291 ταῦτα
1267 236 1416 309 πάσῃ
1435 238 1591 295 πόλει
1608 275 1665 281 -
1683 246 1850 298 τίνων
1862 243 1932 314 δὴ

252 318 376 386 πέρι
411 319 669 388 λέγομεν;
714 314 937 388 ἡμερῶν
965 318 1167 383 τάξεως
1199 322 1275 382 εἰς
1302 326 1494 390 μηνω”ν
1521 322 1814 391 περιόδους
1842 329 1933 380 καὶ

250 404 445 468 μηνοῖν
470 401 546 463 εἰς
567 399 801 454 ἕκαστον
820 395 918 453 τὸν
938 398 1220 470 ἐνιαυτόν,-
1236 403 1328 454 ἵνα
1350 393 1489 469 οἷραι
1508 403 1599 457 καὶ
1620 409 1816 466 θυσίαι
1839 409 1933 461 καὶ

249 481 432 548 ἑορταὶ
468 480 535 535 τὰ
564 477 899 551 προσήκοντ’
936 478 1431 579 ἀπολαμβάνουσαι
1458 484 1675 548 ἑαυταῖς
1711 486 1932 546 ἕκασται

248 565 324 635 τῷ
346 561 484 616 κατὰ
506 561 681 633 φύσιν
694 562 948 635 άγεσθαι,
970 567 1151 629 ζῶσαν
1166 585 1268 633 την
1279 564 1444 619 πολιν
1460 566 1551 620 καὶ
1564 567 1931 667 ἐγρηγορυῖαν

248 641 632 713 παρεχόμεναι,
653 650 808 708 θεοῖς
821 645 928 741 μὲν
946 642 1044 709 τὰς
1070 666 1230 715 τιμας
1249 643 1570 716 ἀποδιδῶσι,
1596 646 1728 713 τοὺς
1748 649 1808 704 δὲ
1828 647 1931 703 οἷν-

246 723 516 795 θρώπους
544 725 669 794 περὶ
698 723 839 780 αὐτοὶ
868 731 1083 796 μᾶλλον
1112 724 1394 826 ἔμφρονας
1422 725 1927 799 ἀπεργάζωνται-

244 809 420 858 ταῦτα
451 803 607 858 οὔπω
637 821 725 859 σοι
751 805 931 861 πάντα
961 810 1182 876 ίκανως,
1206 810 1247 862 ὠ
1279 813 1422 878 φίλε,
1451 828 1601 877 παρα
1628 816 1730 866 τοῦ
1759 832 1930 881 νομο-

187 889 221 929 Ε
251 888 424 940 θέτου
454 887 743 955 διείρηται·
778 885 1013 956 πρόσεχε
1041 886 1107 955 δὴ
1137 886 1236 941 τὸν
1271 895 1413 942 νοῦν
1439 901 1551 953 τοῖς
1585 912 1718 960 μετα
1757 898 1930 947 ταῦτα

246 969 507 1037 μέλλουσι
536 967 903 1069 ῥηθήσεσθαι.
948 966 1288 1038 γραμμάτων
1313 975 1540 1038 εἴπομεν
1571 968 1645 1041 ὦς
1675 971 1776 1040 οὐχ
1805 977 1929 1028 ἰκα-

246 1053 357 1112 νῶς
376 1053 511 1118 ἐχεις
529 1049 654 1120 πέρι
672 1047 732 1105 τὸ
763 1054 1003 1119 πρῶτον,
1035 1049 1423 1113 ἐπικαλοῦντές
1441 1070 1492 1104 τι
1521 1052 1591 1120 τῇ
1618 1051 1758 1116 λέξει
1785 1053 1928 1122 τόδε,

249 1126 321 1194 ὡς
341 1128 499 1186 οὔπω
521 1131 767 1202 διείρηκέ
785 1147 890 1200 σοι,
922 1130 1160 1199 πότερον
1189 1135 1264 1196 εἰς
1294 1127 1582 1202 ἀκρίβειαν
1608 1135 1712 1186 τοῦ
1741 1132 1930 1204 μαθή-

245 1233 415 1281 ματος
435 1214 582 1268 ἰτέον
600 1212 702 1269 τὸν
727 1214 996 1284 μέλλοντα
1028 1218 1256 1284 πολίτην
1287 1217 1525 1269 ἔσεσθαι.
1542 1216 1765 1284 μέτριον
1793 1213 1830 1283 ἢ
1867 1215 1928 1269 τὸ

243 1294 508 1364 παράπαν
527 1293 658 1352 οὐδὲ
676 1297 1039 1365 προσοιστέον
1052 1317 1063 1328 ·
1104 1293 1179 1360 ὥς
1198 1292 1252 1350 δ’
1275 1293 1455 1359 αὕτως
1473 1297 1564 1350 καὶ
1587 1297 1713 1364 περὶ
1731 1296 1924 1366 λύραν

244 1379 605 1450 προσοιστέον
625 1382 814 1448 μέντοι
841 1384 951 1433 νῦν
980 1380 1175 1447 φαμέν.
1217 1381 1291 1440 εἰς
1321 1376 1423 1447 μὲν
1451 1378 1743 1448 γράμματα
1774 1380 1929 1434 παιδὶ

246 1464 457 1516 δεκετεῖ
470 1460 667 1530 σχεδὸν
687 1461 926 1516 ἐνιαυτοὶ
945 1470 1106 1530 τρεῖς,
1137 1458 1310 1529 λύρας
1331 1461 1389 1513 δὲ
1408 1456 1662 1524 ἅψασθαι
1681 1464 1806 1526 τρία
1826 1461 1930 1530 μὲν
1965 1475 1976 1493 ·“

130 1545 218 1591 810
246 1545 338 1612 ἔτη
358 1544 448 1597 καὶ
468 1544 601 1597 δέκα
618 1541 913 1612 γεγονόσιν
932 1540 1203 1611 ἄρχεσθαι
1224 1542 1441 1611 μέτριος
1455 1537 1484 1594 ὁ
1505 1540 1720 1610 χρόνος,
1744 1542 1928 1610 ἐμμεῖ-

245 1644 338 1678 ναι
365 1624 423 1679 δὲ
450 1623 609 1694 ἕτερα
643 1628 783 1691 τρία.
823 1624 913 1678 καὶ
942 1623 1078 1694 μήτε
1108 1625 1277 1677 πλείω
1313 1621 1530 1676 τούτων
1566 1618 1691 1692 μήτ’
1725 1621 1928 1679 ἐλάττω

243 1708 408 1778 πατρὶ
444 1705 575 1778 μηδ’
629 1705 808 1781 αὐτῷ,
853 1711 1266 1777 φιλομαθοῦντι
1301 1703 1438 1776 μηδὲ
1473 1709 1757 1776 μισοῦντι,
1804 1708 1930 1777 περὶ

243 1794 416 1843 ταῦτα
437 1790 629 1854 ἐξέστω
648 1793 810 1859 μείζω
829 1785 959 1860 μηδ’
992 1786 1194 1844 ἐλάττω
1217 1783 1504 1858 διατριβὴν
1523 1793 1808 1841 ποιεῖσθαι
1828 1805 1926 1841 πα-

247 1871 518 1942 ράνομον·
560 1867 589 1927 ὁ
612 1872 671 1927 δὲ
690 1870 763 1942 μὴ
788 1870 1119 1941 πειθόμενος
1144 1868 1332 1940 ἄτιμος
1354 1873 1475 1923 τῶν·
1495 1870 1759 1922 παιδείων
1788 1871 1926 1923 ἔστω

243 1958 438 2024 τιμῶν,
460 1948 524 2016 ἃς
542 1947 731 2022 ὀλίγον
748 1951 987 2023 ὕστερον
1019 1952 1230 2022 ῥητέον.
1267 1948 1583 2021 μανθάνειν
1612 1950 1671 2005 δὲ
1701 1950 1763 2003 ἐν
1793 1948 1928 2004 τού-
1974 2012 1976 2014 ,

245 2055 358 2099 τοις
377 2045 490 2100 τοῖς
507 2033 727 2105 χρόνοις
755 2032 822 2105 δὴ
852 2038 910 2089 τί
938 2053 1069 2088 ποτε
1089 2035 1177 2088 δεῖ
1197 2029 1329 2096 τοὺς
1347 2035 1509 2095 νέους
1529 2031 1621 2085 καὶ
1642 2029 1926 2086 διδάσκειν

245 2109 320 2169 αὖ
364 2116 494 2181 τοῦς
541 2114 938 2185 διδασκάλους,
991 2119 1156 2170 τοῦτο
1198 2110 1334 2168 αὐτὸ
1380 2117 1605 2181 πρῶτον
1651 2109 1926 2181 μάνθανε.

181 2211 215 2251 Β
247 2195 539 2267 γράμματα
577 2200 681 2268 μὲν
714 2203 911 2254 τοίνυν
946 2196 1047 2268 χρὴ
1085 2194 1146 2252 τὸ
1184 2197 1340 2268 μέχρι
1368 2199 1469 2250 τοῦ
1497 2193 1708 2264 γράψαι
1743 2215 1802 2248 τε
1836 2196 1928 2250 καὶ

245 2274 567 2346 ἀναγνῶναι
602 2276 849 2334 δυνατὸν
883 2276 1024 2333 εἶναι
1061 2281 1372 2333 διαπονεῖν’
1424 2273 1562 2346 πρὸς
1594 2275 1758 2346 τάχος
1794 2276 1853 2330 δὲ
1889 2271 1926 2344 ἦ

245 2357 448 2422 κάλλος
469 2355 903 2428 ἀπηκριβωσθαί
914 2376 1076 2426 τισιν,
1098 2355 1179 2421 οἷς
1207 2355 1279 2427 μὴ
1314 2357 1483 2425 φύσις
1509 2357 1846 2409 ἐπέσπευσεν
1864 2356 1925 2408 ἐν

170 2435 186 2443 ”
243 2450 355 2504 τοῖς
373 2441 721 2510 τεταγμένοις
741 2442 897 2508 ἔτεσι,
917 2442 1127 2507 χαίρειν
1143 2438 1256 2507 ἐᾷν.
1298 2432 1436 2503 πρὸς
1455 2434 1514 2488 δε
1535 2431 1601 2504 δὴ
1623 2432 1923 2532 μαθήματα

244 2518 425 2590 άλυρα
454 2539 699 2591 ποιητων
727 2523 949 2590 κείμενα
978 2521 1039 2573 ἐν
1064 2516 1363 2588 γράμμασι,
1392 2526 1504 2580 τοῖς
1533 2537 1635 2586 μεν
1663 2512 1797 2584 μετὰ
1827 2517 1924 2583 μέ-

243 2623 410 2674 τρων,
428 2612 540 2666 τοῖς
560 2599 611 2657 δ’
635 2600 774 2658 άνευ
795 2602 1032 2672 ρυθμων
1050 2598 1364 2669 τμημάτων,
1378 2619 1412 2651 α
1434 2596 1498 2668 δὴ
1522 2595 1921 2698 συγγράμματα

244 2681 382 2739 κατὰ
402 2682 573 2753 λόγον
593 2682 852 2754 εἰρημένα
871 2679 1066 2752 μόνον,
1079 2678 1364 2749 τητώμενα
1385 2680 1610 2748 ῥυθμοῦ
1629 2697 1687 2731 τε
1706 2677 1796 2731 καὶ
1818 2674 1922 2746 ἁρ-

185 2783 217 2826 c
245 2769 456 2837 μονίας,
488 2763 738 2835 σφαλερὰ
769 2759 1062 2835 γράμμαθ’
1104 2758 1234 2831 ἡμῖν
1264 2762 1379 2816 ’ἐστὶ
1415 2758 1566 2832 παρά
1601 2780 1771 2815 τινων
1810 2764 1923 2813 τῶν
1963 2795 1976 2813 .

628 2896 658 2919 l
