1976 3172
219 101 253 152 8
785 100 1268 150 ΠΛΑΤΩΝΟΣ

223 234 641 305 ξυμφερόμενοί
657 248 745 288 σοι
766 236 889 304 περὶ
918 233 1125 289 τούτου
1154 234 1414 334 σφόδρα,
1428 258 1501 300 ως
1523 240 1826 310 δοκοῦμεν·
1860 245 1910 297 εἰ

222 316 279 371 δὲ
299 317 422 385 περὶ
440 336 557 370 των
576 313 764 370 αὐτων
787 317 1019 387 λέγομεν
1038 313 1307 386 ἀνδρῶν’
1281 340 1315 388 η
1338 317 1431 389 μή,
1463 320 1788 390 βουλόμεθα
1809 339 1910 376 σα-

221 418 342 468 φως
374 398 592 452 εἰδέναι.
630 397 755 466 λέγε
784 399 890 451 οὐν
917 394 1064 468 ἡμῖν,
1095 391 1204 469 ἆρα
1232 402 1350 469 εἴδη
1381 398 1483 455 δύο
1513 403 1777 471 πολέμου,
1807 424 1911 457 κα-

220 478 407 549 θάπερ
426 476 599 550 ἡμεῖς,
619 475 744 549 ἡγεῖ
758 477 941 534 καὶσὺ
963 497 1181 550 σαφως·
1169 523 1183 547 ,
1220 477 1257 551 ἢ
1276 501 1418 546 πως·
1404 524 1419 549 ,
1454 480 1594 554 πρὸς
1612 488 1822 556 ταῦτα,
1827 483 1911 539 οἷ-

219 584 334 632 μαι,
366 558 474 617 κᾶν
508 561 655 617 πολὺ
682 560 1026 662 φαυλότερος
1057 570 1202 617 εἴποι
1244 568 1522 634 Τυρταίου
1549 586 1630 629 τις
1653 563 1909 636 τάληθές,

156 662 191 702 D
225 641 308 699 ὅτι
329 647 449 715 δύο,
471 643 532 699 τὸ
554 644 656 714 μὲν
675 638 710 698 ὃ
727 650 1008 715 καλοῦμεν
1028 643 1265 710 ἅπαντες
1284 644 1494 712 στάσιν,
1516 643 1576 710 ὃς
1596 646 1663 716 δὴ
1683 647 1911 703 πάντων

218 729 478 796 πολέμων
507 724 905 797 χαλεπώτατος,
940 748 1014 790 ως
1051 730 1263 797 ἔφαμεν
1298 724 1454 797 ἡμεῖς
1491 732 1600 782 νῦν
1630 727 1722 797 δή”
1762 727 1823 782 τὸ
1856 726 1908 782 δ’

218 806 354 863 ἄλλο
375 808 619 878 πολέμου
630 806 900 878 θήσομεν,
914 806 1078 878 οἶμαι,
1098 811 1257 878 γένος
1275 806 1572 881 ἅπαντες,
1553 800 1598 862 ὠ
1621 807 1761 876 πρὸς
1780 805 1912 873 τοὺς

219 888 374 953 ἐκτός
411 909 468 943 τε
497 891 589 944 καὶ
626 887 978 960 αλλοφύλους
1015 890 1279 961 χρώμεθα
1315 891 1726 962 διαφερόμενοι,
1763 891 1908 945 πολὺ

219 970 531 1040 πραότερον
555 973 787 1050 ἐκείνου.

363 1058 483 1109 ΚΛ.
517 1058 649 1117 Παῖς
675 1052 784 1123 γὰρ
816 1051 916 1117 οὕς

361 1140 481 1188 ΑΘ.
521 1138 663 1203 Φέρε
692 1133 779 1204 δή,
810 1136 1078 1203 ποτέρους
1107 1136 1200 1189 καὶ
1230 1133 1370 1203 πρὸς
1399 1135 1639 1205 πότερον
1669 1137 1912 1190 ἐπαινῶν

218 1215 320 1270 τὸν
363 1214 610 1286 πόλεμον
624 1211 803 1279 οὕτως
838 1212 1271 1290 ὑπερεπῄνεσας,
1309 1213 1441 1280 τούς
1481 1215 1532 1270 δ’
1571 1217 1766 1282 ἔψεξας
1797 1222 1912 1271 τῶν

220 1296 477 1367 ἀνδρῶν;
513 1300 695 1360 ἔοικας
713 1294 815 1365 μὲν
833 1293 941 1366 γὰρ
972 1294 1112 1367 πρὸς
1139 1295 1271 1360 τούς
1298 1296 1475 1360 ἐκτός·
1516 1304 1738 1368 εἴρηκας
1767 1305 1910 1367 γοῦν

162 1396 195 1435 Ε
222 1371 331 1434 οἶδε
359 1381 421 1434 ἐν
437 1389 551 1443 τοῖς
570 1376 886 1448 ποιήμασιν,
909 1374 982 1441 ὦς
1012 1375 1273 1448 οὐδαμῶς
1301 1378 1432 1442 τοὺς
1458 1379 1754 1443 τοιούτους
1777 1378 1910 1434 ἀνε-

218 1460 467 1532 χόμενος,
491 1465 547 1516 οἳ
561 1459 635 1531 μη
659 1458 971 1531 τολμήσωσι
989 1460 1092 1530 μὲν
1111 1459 1256 1533 ὁρᾷν
1275 1459 1458 1531 φόνον
1489 1461 1836 1531 αἱματόεντα,

475 1543 568 1598 καὶ
594 1546 766 1614 δηΐων
785 1539 1059 1613 ὀρέγοιντ’
1090 1542 1334 1612 ἐγγύθεν
1358 1542 1656 1614 ἱστάμενοι.

221 1619 437 1679 οὐκοῦν
454 1622 521 1679 τὰ
550 1621 685 1694 μετα
706 1629 881 1678 ταῦτα
901 1630 1151 1694 εἴποιμεν
1169 1619 1240 1678 ἄν
1259 1621 1413 1695 ἡμεῖς
1433 1623 1518 1679 ὅτι
1540 1621 1610 1678 σὺ
1631 1623 1733 1695 μὲν
1753 1626 1909 1680 ἐπαι-

220 1715 347 1774 νεῖς,
362 1701 435 1769 [ὃς
454 1708 650 1776 ἔοικας,
666 1698 712 1759 οἷ
730 1705 984 1777 Τύρταιε,
998 1705 1233 1777 μάλιστα
1250 1705 1383 1771 τοὺς
1401 1705 1539 1777 πρὸς
1557 1705 1658 1762 τὸν
1678 1706 1910 1762 ὀθνεῖόν

218 1808 276 1841 τε
295 1789 387 1842 καὶ
406 1790 619 1852 ἔξωθεν
636 1787 881 1858 πόλεμον
899 1789 1235 1858 γιγνόμενον
1254 1791 1554 1859 ἐπιφανεῖς.
1591 1793 1728 1860 φαίη
1751 1786 1906 1845 ταῦτ’

220 1866 292 1923 ἄν
313 1887 424 1923 που
443 1870 534 1924 καὶ
553 1866 821 1940 ὁμολογοῖ
827 1894 843 1936 3

362 1955 481 2004 ΚΛ.
526 1955 597 2004 Τί
622 1949 759 2021 μήν;

360 2037 477 2087 ΑΘ.
511 2029 693 2104 Ἡμεῖς
724 2035 787 2087 δέ
813 2053 877 2103 γε
905 2031 1140 2102 ἀγαθῶν
1169 2032 1352 2090 ὄντων
1377 2013 1593 2088 τούτων
1621 2038 1700 2089 ἔτι
1728 2035 1911 2104 φαμὲν

105 2132 191 2177 630
218 2109 480 2182 ἀμείνους
499 2113 640 2169 εἶναι
659 2115 750 2169 καὶ
769 2112 914 2170 πολὺ
945 2112 1077 2179 τούς
1107 2117 1167 2170 ἐν
1196 2121 1274 2190 τῷ
1304 2121 1542 2189 μεγίστω
1573 2118 1794 2188 πολέμῳ
1822 2138 1910 2186 γι-

218 2197 525 2264 γνομένους
540 2191 801 2264 ἀρίστους
822 2200 1131 2266 διαφανῶς·
1153 2195 1386 2268 ποιητὴν
1407 2198 1467 2252 δὲ
1484 2198 1577 2252 καὶ
1594 2195 1746 2267 ἡμεῖς
1768 2196 1911 2268 μάρ-

219 2296 360 2344 τυρα
379 2279 592 2346 ἔχομεν,
607 2279 861 2345 Θέογνιν,
876 2282 1107 2346 πολίτην
1124 2284 1239 2332 τῶν
1251 2281 1313 2332 ἐν
1330 2282 1560 2348 Σικελίᾳ
1577 2280 1909 2347 Μεγαρέων,

218 2351 280 2420 ὅς
299 2372 437 2438 φησι

319 2436 511 2501 πιστὸς
536 2436 680 2509 ανὴρ
699 2444 914 2509 χρυσοῦ
930 2459 989 2493 τε
1008 2441 1100 2493 καὶ
1117 2435 1372 2509 αργύρου
1390 2435 1806 2509 αντερύσασθαι

396 2519 593 2585 αξιος’
566 2543 628 2576 εν
645 2527 873 2592 χαλεπῇ,
894 2521 1105 2591 Κύρνε,
1125 2524 1454 2592 διχοστασίῃ.

220 2607 421 2657 τοῦτον
437 2602 505 2672 δή
525 2624 711 2673 φαμεν
729 2605 789 2658 ἐν
807 2605 1027 2677 πολέμῳ
1042 2606 1400 2675 χαλεπωτέρῳ
1417 2600 1682 2674 ἀμείνονα
1694 2605 1910 2659 ἐκείνου

221 2684 484 2754 πάμπολυ
503 2690 816 2754 γίγνεσθαι,
838 2684 1036 2756 σχεδὸν
1054 2684 1188 2741 ὅσον
1209 2684 1454 2756 οΞμείνων
1474 2685 1799 2756 δικαιοσύνη
1818 2687 1911 2740 καὶ

165 2786 197 2826 Β
230 2766 573 2838 σωφροσύνη
593 2768 685 2823 καὶ
705 2767 978 2839 φρόνησις
1005 2773 1081 2833 εἰς
1109 2765 1314 2823 ταύτὸν
1343 2771 1589 2823 ἐλθοῦσα
1615 2767 1732 2839 μετ’
1770 2765 1910 2821 *οἷν-
