1976 3172
723 207 1041 256 ,ΝοΜΩΝ
1074 200 1132 277 ὅ.
1639 201 1741 255 115

62 349 202 401 εἰσιν
232 342 440 415 ἀγέλαι,
467 340 536 398 ού
564 346 703 413 βοῦς
729 344 885 411 βοῶν
911 334 1044 393 οὐδὲ
1073 337 1231 413 αἶγας
1266 343 1442 408 αἰγῶν
1474 336 1744 408 ἄρχοντας

60 431 347 496 ποιοῦμεν.
366 420 586 479 αύτοτσί
620 442 792 490 τινας,
837 416 960 475 ἀλλ’
997 415 1151 490 ἡμεῖς
1173 418 1363 475 αὐτῶν
1390 419 1742 490 δεσπόζομεν,

59 507 292 578 ἄμεινον
310 507 540 562 ἐκείνων
567 504 752 574 γένος·
788 498 996 556 ταύτὸν
1024 499 1092 572 δὴ
1120 503 1212 556 καὶ
1243 498 1274 556 ὁ
1311 498 1446 564 θεὸς
1474 499 1604 570 [ἄρα
1631 503 1742 571 καὶ]

61 589 466 660 φιλάνθρωπος
483 582 566 641 ὢν
582 583 705 640 τότε
720 586 882 654 γένος
899 582 1133 654 ἄμεινον
1145 580 1308 654 ἡμῶν
1331 584 1527 652 ἐφίστη
1545 581 1606 636 τὸ
1630 587 1744 636 τῶν

61 668 359 740 δαιμόνων,
379 663 412 722 ὃ
432 663 521 721 διά
541 671 748 735 πολλῆς
765 667 869 735 μὲν
896 661 1084 728 αὐτοῖς
1112 663 1418 738 ῥᾳστώνης,
1449 668 1656 733 πολλῆς
1687 663 1743 717 δ’

57 749 208 822 ἡμῖν,
227 747 664 819 ἐπιμελούμενον
688 743 865 817 ἡμῶν,
897 744 1127 817 εἰρήνην
1152 765 1212 801 τε
1237 746 1330 811 καὶ
1359 747 1501 800 αἰδοῖ
1527 745 1618 800 καὶ
1648 740 1745 799 εύ-
1775 759 1809 798 E

0 851 1 886 ι
55 835 259 902 νομίαν
275 831 367 886 καὶ
385 827 675 899 ἀφθονίαν
694 831 848 899 δίκης
876 825 1272 899 παρεχόμενον,
1299 825 1634 883 ἀστασίαστα
1652 828 1745 881 καὶ

0 905 1 918 ’
57 911 361 983 εὐδαίμονα
378 908 446 967 τά
463 915 580 966 τῶν
599 906 923 979 ἀνθρώπων
943 908 1295 980 ἀπειργάζετο
1314 912 1462 980 γένη.
1511 910 1655 978 λέγει
1674 904 1742 978 δὴ

55 994 152 1050 καὶ
176 999 288 1050 νῦν
314 986 481 1058 οὗτος
511 989 542 1047 ὁ
581 991 745 1063 λόγος
780 991 1019 1065 ἀληθείᾳ
1049 991 1350 1063 χρώμενος,
1382 988 1455 1056 ὡς
1483 987 1634 1046 ὅσων
1671 986 1745 1044 ὅίν

57 1076 276 1132 πόλεων
302 1074 378 1146 μὴ
413 1071 550 1139 θεὸς
578 1071 720 1146 ἀλλά
751 1096 832 1139 τις
859 1075 1000 1147 ἄρχῃ
1030 1073 1258 1146 θνητός,
1285 1071 1390 1129 οὐκ
1409 1078 1524 1130 ἔστι
1551 1077 1744 1128 κακῶν

59 1154 247 1221 αὐτοῖς
263 1154 396 1212 οὐδὲ
413 1155 608 1211 πόνων
632 1152 930 1226 ἀνάφυξις·
969 1153 1108 1210 ἀλλὰ
1138 1161 1429 1226 μιμεῖσθαι
1457 1156 1575 1209 δεῖν
1601 1150 1747 1223 ἡμᾶς

58 1246 230 1294 οἴεται
248 1237 398 1310 πάσῃ
416 1244 635 1309 μηχανῇ
652 1235 751 1292 τὸν
768 1238 856 1294 ἐπὶ
883 1242 984 1294 τοῦ
1012 1237 1244 1306 Κρόνου
1272 1235 1576 1307 λεγόμενον
1602 1238 1746 1306 βίον,

57 1321 150 1374 καὶ
169 1319 308 1374 ὅσον
335 1321 400 1374 έν
426 1316 561 1388 ἡμῖν
595 1317 907 1383 ἀθανασίας
938 1323 1133 1387 ἔνεστι,
1162 1319 1342 1392 τούτῳ
1378 1320 1747 1389 πειθομένους

4 1455 5 1458 ,
57 1402 296 1471 δημοσίᾳ
313 1401 405 1454 καὶ
426 1402 540 1471 ἰδίᾳ
560 1398 659 1463 τάς
685 1397 739 1453 τ’
774 1398 1013 1469 οἰκήσεις
1038 1400 1133 1454 καὶ
1156 1397 1254 1463 τάς
1281 1399 1471 1463 πόλεις
1497 1403 1743 1467 διοικεῖν,
1774 1408 1861 1456 ⁷14

0 1497 2 1531 ι
55 1480 161 1552 τὴν
191 1485 295 1537 τοῦ
323 1485 429 1536 νοῦ
458 1478 734 1551 διανομὴν
765 1479 1206 1551 ἐπονομάζοντας
1232 1479 1439 1551 νόμον·
1475 1483 1526 1535 εί
1556 1478 1609 1535 δ’
1643 1478 1748 1534 ἄν-

57 1569 288 1631 θρωπος
323 1557 399 1627 εἷς
430 1558 468 1633 ἦ
509 1559 796 1632 ὀλιγαρχία
835 1582 915 1626 τις
955 1558 992 1633 ἢ
1041 1563 1134 1617 καὶ
1172 1565 1513 1632 δημοκρατία
1561 1558 1748 1631 ψυχὴν

56 1647 258 1714 ἔχουσα
286 1640 511 1715 ἡδονῶν
539 1645 632 1699 καὶ
660 1645 978 1715 ἐπιθυμιῶν
1004 1640 1346 1715 ὀρεγομένην
1376 1644 1470 1698 καὶ
1498 1646 1748 1713 πληροῦ-

40 1732 193 1780 σθαι
212 1724 428 1781 τούτων
446 1726 732 1797 δεομένην,
748 1724 1061 1795 ’στέγουσαν
1079 1724 1139 1781 δὲ
1160 1722 1330 1781 οὐδὲν
1347 1721 1463 1780 ἀλλ’
1484 1719 1747 1796 ἀνηνύτῳ

8 1808 147 1866 ..καὶ
167 1804 428 1880 ἀπλήστῳ
457 1812 612 1881 κακῷ
633 1806 936 1879 [νοσήματι]
959 1807 1344 1878 ξυνεχομένην,
1366 1805 1518 1878 ἄρξει
1546 1803 1613 1876 δὴ
1643 1804 1748 1860 πό-

7 1879 11 1897 '
52 1895 192 1953 λεως
205 1886 243 1960 ἦ
252 1909 401 1953 τινος
418 1887 645 1944 ἰδιώτου
656 1889 1044 1961 καταπατήσας
1063 1886 1093 1944 ὁ
1113 1893 1364 1954 τοιοῦτος
1380 1880 1511 1952 τοὺς
1521 1886 1745 1957 νόμους,

47 1966 92 2026 ὃ
107 1975 220 2026 νῦν
240 1968 308 2042 δὴ
327 1972 606 2041 ἐλέγομεν,
627 1967 733 2027 οὐκ
752 1975 867 2027 ἔστι
883 1975 1156 2042 σωτηρίας
1174 1969 1408 2042 μηχανή.
1431 1977 1658 2024 σκοπεῖν
1678 1964 1744 2035 δὴ

57 2054 145 2106 δεῖ
157 2057 359 2107 τοῦτον
375 2049 478 2107 τὸν
495 2051 669 2122 λόγον
682 2050 846 2124 ἡμᾶς,
867 2046 914 2109 ὦ
928 2058 1158 2109 Κλεινία
1159 2051 1428 2124 ,πότερον
1449 2048 1604 2123 αύτῷ
1622 2066 1742 2103 πει-
1774 2063 1808 2105 Β

59 2131 329 2204 σόμεθα’“
292 2156 327 2205 η
348 2153 465 2198 πως
480 2134 775 2206 δράσομεν.

198 2221 319 2272 ΚΔ.
348 2213 587 2289 Ἀνάγκη
606 2217 675 2289 δή
694 2238 808 2274 που
829 2224 1142 2276 πεύθεσθαι.

196 2302 315 2354 ΑΘ.
355 2295 592 2363 Ἐννοεῖς
622 2292 747 2369 οὖν,
775 2320 862 2354 οτι
886 2298 1079 2370 νόμων
1106 2303 1226 2370 εἴδη
1247 2301 1391 2364 τινές
1409 2286 1584 2369 φασιν
1604 2296 1746 2352 εἶναι

45 2382 298 2436 τοσαῦτα
316 2374 527 2448 οσαπερ
544 2384 855 2452 πολιτειων,
874 2386 1168 2437 πολιτειῶν
1184 2380 1244 2436 δε
1272 2379 1396 2448 ἄρτι
1415 2377 1744 2449 διεληλύθα-

53 2480 159 2529 μεν
184 2456 289 2516 ὅσα
317 2461 581 2531 λέγουσιν
609 2463 668 2516 οἰ
690 2467 908 2527 πολλοί;
931 2483 1022 2535 μη
1027 2460 1094 2534 δὴ
1121 2461 1346 2533 φαύλου
1371 2465 1496 2532 πέρι
1513 2465 1746 2533 νομίσῃς

16 2592 17 2597 ,
59 2534 202 2596 εἶναι
231 2540 335 2613 τὴν
361 2547 473 2598 νῦν
508 2538 936 2615 ἀμφισβήτησιν,
975 2545 1103 2614 περὶ
1132 2542 1192 2599 δὲ
1219 2549 1323 2600 τοῦ
1356 2540 1743 2615 μεγίστου·τὸ

18 2647 23 2663 ‹
59 2618 169 2690 γὰρ
187 2622 399 2679 δίκαιον
415 2626 507 2680 καὶ
525 2624 587 2681 τό
609 2623 807 2682 ἄδικον
824 2622 883 2683 οἷ
891 2624 995 2727 χρὴ
1017 2628 1259 2699 βλέπειν,
1294 2624 1465 2682 πάλιν
1482 2623 1618 2697 ἡμῖν
1637 2624 1744 2695 ἀμ-

62 2702 505 2775 φισβητούμενον
538 2706 830 2779 ἐλήλυθεν.
882 2707 1012 2766 οὔτε
1047 2707 1157 2780 γὰρ
1192 2706 1332 2779 πρὸς
1365 2708 1465 2764 τὸν
1500 2707 1744 2779 πόλεμον

57 2782 190 2838 θῧῑὲ
203 2802 377 2882 3:005·
384 2782 585 2859 ἇοηὴν
625 2787 765 2862 ὅλην
797 2794 1020 2863 βλέπειν
1047 2794 1185 2847 δεῖν
1194 2792 1332 2862 φασὶ
1359 2810 1492 2855 τους
1518 2789 1744 2859 νόμους,
1777 2799 1808 2841 C

59 2861 174 2920 ἀλλ’
194 2862 313 2936 ἥτις
338 2887 411 2921 αν
429 2866 859 2943 καθεστηκυῖα*
820 2894 857 2945 η
877 2878 1142 2943 πολιτεία,
1169 2872 1344 2944 ταύτῃ
1364 2875 1503 2997 ἰιὲεξν
1521 2868 1582 2926 vd
1606 2874 1745 2940 ξυμ·-
