1976 3172
242 145 313 194 40
849 143 1321 191 ΠΛΑΤῼΝΟΣ

245 294 383 341 σεως
404 273 553 345 ὀρθά
574 279 863 347 ξυμβαίνῃ,
883 275 949 331 τὰ
978 278 1038 331 δὲ
1066 281 1163 346 τῆς
1191 280 1495 346 συνηθείας
1524 277 1762 346 ἐναντία,
1793 275 1830 348 ἦ
1856 279 1923 333 τά

243 357 347 429 μὲν
367 364 461 429 τῆς
480 362 781 428 συνηθείας
799 355 969 428 ὀρθά,
989 357 1054 411 τὰ
1077 360 1147 411 δὲ
1160 363 1256 427 τῆς
1275 355 1496 428 φύσεως
1515 359 1755 428 ἐναντία,
1768 353 1926 416 οὗτοι

244 439 303 496 δὲ
320 451 436 505 ταῖς
458 437 684 511 ἡδοναῖς
712 436 843 502 τοὺς
871 442 1131 503 ἐπαίνους
1157 440 1442 505 ἐναντίους
1470 442 1924 513 προσαγορεύου-

129 530 215 575 656
246 538 361 579 σιν·
407 518 542 593 ἡδέα
577 521 686 591 γὰρ
722 519 939 575 τούτων
971 520 1171 575 ἕκαστα
1209 520 1353 577 εἶναι’
1393 540 1548 594 φασι,
1587 522 1824 594 πονηρὼ
1845 525 1923 594 δέ,

179 2084 211 2126 C

167 2742 203 2785 D

241 606 335 661 καὶ
371 606 630 659 ἐναντίον
659 597 862 673 ἄλλων,
901 598 998 666 οὓς
1031 609 1243 659 οἴονται
1286 609 1533 674 φρονεῖν,
1570 604 1926 675 αἰσχύνονται

241 685 344 755 μὲν
354 691 630 740 κινεῖσθαι
639 688 717 757 τῷ
737 682 950 754 στόματι
967 681 1032 738 τά
1051 691 1295 753 τοιαῦτα,
1309 684 1661 755 αἰσχύνονται
1671 688 1730 741 δὲ
1749 685 1923 759 ᾅδειν,

243 765 317 831 ὡς
342 765 786 837 ἀποφαινόμενοι
814 764 955 820 καλά
984 764 1118 836 μετὰ
1151 769 1415 836 σπουδῆς,
1436 771 1688 837 χαίρουσι
1708 765 1768 821 δὲ
1788 765 1919 836 παρ’

242 844 442 911 αὐτοῖς.
521 899 524 901 ι

382 932 500 983 KA.
533 922 826 994 Ὀρθότατ’
848 922 920 981 ἀν
937 929 1131 996 λέγοις.

381 1014 498 1064 ΑΘ.
536 1013 687 1063 Μῶν
705 1010 811 1063 οὐν
835 1028 887 1062 τι
904 1008 1121 1078 βλάβην
1139 1005 1263 1063 ἔσθ’
1293 1007 1490 1080 η’ντινα
1514 1011 1672 1079 φέρει
1698 1014 1778 1083 τῷ
1805 1016 1925 1080 χαί-

244 1110 399 1159 ροντι
417 1084 728 1159 πονηρίας
702 1086 738 1157 η’
760 1087 1034 1157 σχήμασιν
1052 1085 1087 1157 ἦ
1107 1087 1390 1156 μέλεσιν,’
1364 1089 1402 1158 η’
1420 1088 1527 1144 τιν’
1560 1088 1832 1159 ωφέλειαν
1850 1093 1925 1144 αὐ

241 1181 356 1234 τοῖς
374 1167 512 1238 πρὸς
527 1165 791 1222 τάναντία
809 1165 907 1230 τὰς
923 1164 1130 1238 ἡδονὰς
1149 1167 1598 1241 ἀποδεχομένοις;
1930 1163 1938 1166 ”

382 1256 500 1308 ΚΛ.
540 1249 709 1314 Εἰκός
726 1270 803 1319 γε.

380 1338 498 1388 ΑΘ.
536 1331 790 1402 Πότερον
826 1327 972 1394 εἰκός
1011 1327 1045 1401 ἢ
1081 1332 1172 1386 καὶ
1203 1310 1555 1402 ἀναγκαῖον
1532 1331 1738 1387 ταύτὸν
1766 1331 1922 1402 εἶναι,

238 1411 430 1485 ὅπερ
408 1413 545 1470 όταν
571 1434 654 1476 τις
681 1423 945 1482 πονηροῖς
968 1412 1133 1482 ἤθεσι
1160 1414 1345 1478 ξυνών
1379 1420 1570 1469 κακῶν
1601 1412 1926 1485 ἀνθρώπων

237 1494 312 1566 μὴ
341 1500 493 1568 μισῇ,
517 1499 679 1566 χαίρῃ
700 1493 760 1549 δὲ
779 1491 1201 1566 ἀποδεχόμενος,
1238 1498 1381 1567 ψέγῃ
1410 1496 1470 1551 δὲ
1500 1517 1575 1561 ως
1610 1499 1670 1551 ἐν
1705 1500 1927 1560 παιδιᾶς

237 1581 423 1650 μοίρᾳ,
450 1573 796 1644 ὀνειρώττων
827 1573 1005 1631 αὑτοῦ
1028 1575 1132 1647 τὴν
1157 1583 1496 1648 μοχθηρίαν;
1542 1576 1667 1632 τότε
1696 1574 1926 1648 ὁμοιοῦ-

237 1665 374 1712 σθαι
405 1656 474 1727 δή
502 1675 614 1713 που
642 1654 859 1728 ἀνάγκη
887 1656 989 1713 τὸν
1015 1664 1292 1729 χαίροντα,
1331 1657 1615 1731 ὁποτέροις
1643 1655 1717 1714 ἂν
1744 1662 1923 1730 χαίρῃ,

237 1738 336 1796 ἐὰν
351 1737 465 1809 α’ρα
484 1740 576 1800 καὶ
593 1741 840 1796 ἐπαινεῖν
860 1741 1208 1811 αἰσχύνηται·
1245 1747 1342 1797 καί
1357 1763 1441 1796 τοι
1469 1747 1573 1796 τοῦ
1591 1740 1851 1797 τοιούτου
1874 1746 1929 1795 τί

237 1825 423 1891 μεῖζον
442 1819 666 1890 ἀγαθὸν
681 1816 718 1892 ἢ
738 1818 915 1876 κακὸν
935 1832 1140 1915 φαῖμεν
1159 1818 1231 1877 ἀν
1249 1819 1383 1893 ἡμῖν
1394 1824 1456 1877 ἐκ
1479 1822 1659 1893 πάσης
1679 1820 1925 1892 ἀνάγκης

237 1907 559 1973 γίγνεσθαι;

381 1989 502 2039 ΚΛ.
541 1988 714 2038 Λοκω
733 2005 834 2053 μεν
861 1981 1042 2040 οὐδέν.

379 2071 497 2121 ΛΘ.
524 2063 702 2119 Ὅπου
723 2063 789 2135 δὴ
812 2063 974 2134 νόμοι
992 2070 1174 2128 καλῶς
1187 2066 1286 2120 εἰσὶ
1306 2071 1550 2136 κείμενοι
1564 2062 1600 2136 ἢ
1619 2067 1711 2120 καὶ
1731 2069 1806 2128 εἰς
1824 2062 1924 2119 τὸν

235 2151 422 2204 ἔπειτα
439 2146 650 2218 χρόνον
673 2151 911 2218 ἔσονται,
931 2144 1037 2216 τὴν
1053 2147 1178 2215 περὶ
1201 2144 1299 2211 τὰς
1314 2146 1558 2211 Μούσας
1587 2149 1843 2217 παιδείαν
1867 2167 1923 2201 τε

234 2230 328 2283 καὶ
365 2226 594 2282 παιδιὰν
624 2228 861 2297 οἰόμεθα
888 2230 1171 2292 ἐξέσεσθαι
1198 2239 1311 2292 τοῖς
1339 2239 1658 2300 ποιητικοῖς,
1682 2226 1716 2283 ὅ
1738 2234 1795 2284 τί
1820 2247 1924 2299 περ

235 2304 310 2364 ἂν
326 2302 501 2364 αὐτὸν
519 2306 622 2363 τὸν
639 2307 875 2379 ποιητὴν
895 2311 956 2362 ἐν
973 2316 1042 2380 τῇ
1059 2310 1276 2378 ποιήσει
1303 2312 1474 2380 τέρπῃ
1504 2311 1733 2380 ῥυθμοῦ
1759 2306 1796 2379 ἢ
1825 2312 1923 2378 μέ·-

235 2398 371 2454 λους
385 2386 421 2460 ἢ
443 2388 686 2460 ῥήματος
705 2389 985 2459 ἐχόμενον,
1005 2395 1169 2443 τοῦτο
1188 2389 1522 2444 διδάσκοντα
1548 2387 1791 2453 καὶτοὺς
1810 2394 1922 2443 τῶν

237 2467 497 2541 εὐνόμων
533 2474 732 2535 παῖδας
769 2472 862 2526 καὶ
898 2471 1060 2534 νέους
1090 2473 1152 2525 ἐν
1179 2481 1292 2534 τοῖς
1318 2481 1504 2541 χοροῖς
1531 2469 1565 2525 ὅ
1588 2491 1641 2525 τι
1681 2467 1752 2525 ἂν
1780 2469 1922 2542 τύχῃ

237 2549 644 2623 ἀπεργάζεσθαι
663 2551 804 2623 πρὸς
832 2550 1035 2623 ἀρετὴν
1060 2548 1097 2622 ἢ
1122 2556 1459 2625 μοχθηρίαν;

281 2698 286 2700 ἰ
375 2639 496 2688 ΚΛ.
537 2632 625 2689 Οὔ
641 2655 727 2689 τοι
752 2631 821 2704 δὴ
838 2632 1005 2689 τοῦτό
1024 2654 1086 2703 γε
1105 2633 1278 2703 λόγον
1298 2637 1431 2703 ἔχει·
1466 2638 1584 2697 πῶς
1611 2631 1718 2705 γὰρ
1746 2631 1848 2699 ἅν;

373 2721 492 2771 ΑΘ.
531 2721 664 2771 Νῦν
689 2718 754 2770 δέ
781 2737 844 2784 γε
871 2713 1008 2770 αὐτὸ
1041 2712 1116 2779 ὦς
1143 2719 1270 2779 ἔπος
1293 2719 1464 2770 εἰπεῖν
1494 2717 1555 2770 ἐν
1582 2713 1783 2779 πάσαις
1801 2724 1919 2777 ταῖς
1941 2716 1949 2719 ”

233 2795 460 2853 πόλεσιν
479 2799 650 2862 ἔξεστι
670 2801 830 2869 δρᾷν,
853 2796 998 2868 πλὴν
1017 2794 1139 2852 κατ’
1159 2801 1462 2868 Αἴγυπτον.
