1976 3172
200 121 303 175 170
773 123 1249 173 ΠΛΑΤῼΝΟΣ

195 255 462 326 θήτωσαν
482 251 555 319 ὥς
573 254 905 326 βιωσόμενοι
930 260 1317 323 διακονοῦντές
1334 279 1393 322 τε
1411 260 1502 314 καὶ
1523 260 1877 330 διακονούμε-

194 359 285 393 νοι
311 339 542 408 ἑαυτοῖς,
562 339 702 410 πρὸς
730 337 790 394 δὲ
816 338 1032 405 τούτοις
1056 346 1241 396 πᾶσαν
1259 339 1362 411 τὴν
1389 340 1579 412 χώραν
1608 343 1879 410 διεξερευ-

194 420 438 491 νώμενοι
455 423 662 488 θέρους
681 423 772 476 καὶ
790 428 1054 493 χειμῶνος
1070 420 1179 478 σὺν
1199 434 1313 488 τοῖς
1337 422 1528 486 ὅπλοις
1549 428 1802 494 φυλακῆς
1820 445 1879 478 τε

134 515 168 558 Β
199 505 291 559 καὶ
307 510 620 574 γνωρίσεως
639 503 802 558 ἕνεκα
820 503 1048 559 πάντων
1074 501 1160 559 ἀεὶ
1182 511 1295 559 τῶν
1325 503 1525 559 τόπων.
1564 503 1879 561 κινδυνεύει

192 581 302 655 γὰρ
322 581 556 649 ούδενὸς
583 588 810 640 ἔλαττον
836 582 1068 655 μάθημα
1094 585 1234 641 εἶναι
1264 583 1334 640 δι’
1358 583 1637 657 ἀκριβείας
1658 588 1880 641 έπίστα-
1957 586 1970 595 ’

194 673 333 721 σθαι
353 664 564 730 πάντας
582 664 687 735 τὴν
718 661 908 720 αὐτῶν
936 664 1150 736 χώραν·
1188 659 1262 721 οὗ
1292 665 1357 736 δὴ
1389 664 1552 738 χάριν
1580 667 1879 736 κυνηγέσια

175 748 286 801 1καὶ
316 745 420 816 τὴν
467 745 642 816 ἄλλην
676 745 866 817 θήραν
908 744 1010 816 οὐχ
1051 738 1219 817 ἦττον
1267 747 1608 817 ἐπιτηδεύειν
1652 750 1734 802 δεῖ
1780 745 1881 800 τὸν

190 825 415 898 ἡβῶντα
434 821 470 896 ἢ
490 833 585 897 τῆς
605 826 775 896 ἄλλης
804 825 1008 896 ἡδονῆς
1027 827 1140 898 ἅμα
1159 830 1252 883 καὶ
1274 826 1539 898 ὠφελείας
1557 834 1653 900 τῆς
1671 825 1879 896 περὶτὰ

191 913 420 963 τοιαῦτα
453 909 783 977 γιγνομένης
811 913 961 961 πᾶσι.
998 908 1234 971 τούτους
1254 903 1360 963 οὖν
1389 908 1594 974 αὐτούς
1613 931 1671 964 τε
1699 910 1791 965 καὶ
1816 907 1876 964 τὸ

192 988 526 1060 ἐπιτήδευμα
545 995 653 1043 εἴτε
680 1009 761 1052 τις
789 987 1071 1057 κρυπτοὺς
1103 996 1210 1044 εἴτε
1243 986 1593 1060 ἀγρονόμους
1623 991 1735 1045 εἴθ’
1770 989 1802 1045 ὅ
1830 1011 1882 1045 τι

129 1086 161 1128 c
191 1076 381 1127 καλων
402 1074 578 1140 χαίρει
597 1075 762 1124 τοῦτο
782 1070 1240 1141 προσαγορεύων,
1271 1069 1581 1141 προθύμως
1611 1091 1719 1134 πας
1740 1069 1881 1140 ἀνὴρ

193 1160 270 1217 εἰς
289 1149 532 1222 δύναμιν
554 1153 937 1223 ἐπιτηδευέτω,
958 1150 1082 1207 ὅσοι
1098 1153 1361 1242 μέλλουσι
1380 1150 1483 1223 τὴν
1510 1149 1699 1207 αὐτῶν
1717 1152 1883 1208 πόλιν

192 1237 395 1298 ίκανως
414 1231 622 1299 σώζειν.

331 1313 512 1370 Χ.Τό
529 1314 588 1370 δε
603 1313 738 1386 μετὰ
753 1321 920 1371 τοῦτο
933 1313 1222 1385 ἀρχόντων
1235 1315 1546 1387 αἰρέσεως’
1513 1317 1883 1386 αγορανόμων

191 1399 316 1467 πέρι
350 1397 442 1450 καὶ
478 1394 813 1465 ἀστυνόμων
840 1390 913 1466 ἦν
949 1395 1082 1466 ἡμῖν
1115 1396 1406 1466 ἑπόμενον.
1456 1398 1678 1452 ἕποιντο
1717 1394 1771 1451 δ’
1809 1392 1883 1450 ἀν
1954 1444 1959 1448 .

192 1475 528 1548 ἀγρονόμοις
547 1483 643 1546 [τε]
663 1474 967 1547 ἀστυνόμοι
985 1487 1129 1545 τρεῖς
1149 1477 1411 1548 ἑξήκοντα
1430 1470 1574 1546 οὖσι,
1595 1481 1751 1547 τριχῇ
1771 1475 1883 1530 δώ-

193 1560 327 1613 δεκα
342 1560 480 1629 μέρη
500 1564 596 1628 τῆς
615 1557 827 1622 πόλεως
856 1558 1231 1629 διαλαβόντες,
1262 1557 1595 1629 μιμούμενοι
1618 1559 1881 1628 ἐκείνους,

189 1645 305 1694 τῶν
331 1660 389 1693 τε
421 1636 571 1694 &mv
600 1638 1021 1711 ἐπιμελούμενοι
1052 1646 1166 1695 τῶν
1193 1637 1333 1695 κατά
1370 1638 1433 1694 τὰ
1471 1638 1612 1696 ἄστυ
1646 1641 1737 1694 καὶ
1769 1644 1883 1695 τῶν

191 1723 252 1776 ἐκ
271 1725 367 1792 τῆς
385 1741 574 1791 χωρας
584 1720 891 1791 λεωφόρων
911 1725 987 1786 εἰς
1005 1721 1109 1792 τὴν
1139 1721 1305 1777 πόλιν
1337 1719 1421 1777 ἀεὶ
1450 1723 1763 1791 τεταμένων
1790 1721 1883 1776 καὶ

122 1817 159 1859 D
191 1824 306 1858 των
334 1805 742 1872 οἰκοδομιῶν,”
717 1824 809 1857 ινα
836 1800 972 1857 κατὰ
1004 1803 1214 1873 νόμους
1242 1807 1541 1885 γίγνωνται
1568 1808 1758 1871 πᾶσαι,
1789 1805 1906 1868 καὶἡ

192 1883 260 1955 δὴ
285 1885 507 1939 καὶτῶν
525 1880 768 1955 υδάτων,
791 1882 956 1939 ὁπόσ’
981 1879 1054 1939 ἀν
1082 1883 1270 1949 αὐτοῖς
1300 1887 1554 1955 πέμπωσι
1581 1886 1672 1939 καὶ
1700 1903 1882 1953 παρα-

192 1967 422 2047 διδωσιν
462 1957 528 2019 οἰ
552 1971 938 2036 φρουροῦντες
971 1969 1440 2037 τεθεραπευμένα,
1477 1964 1628 2030 όπως
1671 1969 1749 2030 εἰς
1786 1964 1883 2029 τὰς

189 2041 400 2116 κρήνας
416 2045 582 2101 ἱκανά
602 2046 694 2101 καὶ
724 2047 950 2118 καθαρά
981 2047 1331 2121 πορευόμενα
1351 2052 1533 2118 κοσμῇ
1560 2067 1619 2102 τε
1649 2044 1763 2116 ἅμα
1790 2049 1883 2102 καὶ

192 2125 379 2199 ωφελῇ
411 2125 515 2197 τὴν
543 2128 723 2184 πόλιν.
753 2132 842 2184 δεῖ
864 2127 930 2200 δὴ
966 2131 1059 2185 καὶ
1087 2128 1320 2194 τούτους
1351 2128 1628 2193 δυνατούς
1653 2149 1712 2182 τε
1741 2126 1882 2183 εἶναι

190 2210 287 2263 καὶ
301 2208 664 2277 σχολάζοντας
684 2217 797 2265 τῶν
815 2217 1023 2266 κοινῶν
1040 2213 1421 2282 ἐπιμελεῖσθαι
1433 2233 1444 2245 ·
1468 2208 1554 2266 διό
1572 2208 1882 2282 προβαλλέ-

192 2295 316 2343 σθω
337 2286 439 2358 μὶεν
468 2294 574 2352 πᾶς
593 2287 738 2360 ἀνὴρ
767 2292 828 2345 ἐκ
857 2299 971 2346 τῶν
991 2297 1264 2362 μεγίστων
1289 2291 1610 2362 τιμημάτων
1638 2289 1881 2344 ἀστυνό-

134 2389 170 2430 E
200 2393 308 2444 μον
335 2369 403 2426 ὃν
433 2366 504 2426 ἀν
527 2370 812 2442 βούληται,
845 2376 1440 2444 διαχειροτονηθέντων
1470 2374 1530 2427 δὲ
1556 2372 1648 2425 καὶ
1676 2368 1879 2440 ἀφικο-

192 2459 378 2525 μένων
398 2457 474 2518 εἰς
499 2455 555 2519 ἓξ
575 2448 653 2517 οἷς
681 2448 753 2508 ἀν
774 2459 1028 2509 ’πλεῖσται
1058 2458 1376 2524 γίγνωνται,
1404 2450 1536 2516 τούς
1565 2461 1708 2523 τρεῖς
1736 2449 1879 2505 ἀπο-

191 2534 606 2607 κληρωσάντων
624 2527 705 2600 οἷς
723 2534 940 2596 τούτω
954 2536 1221 2606 ἐπιμελές·
1250 2536 1679 2606 δοκιμασθέντες
1700 2531 1758 2588 δὲ
1775 2530 1879 2604 ἀρ-

191 2617 409 2688 χόντων
428 2616 565 2672 κατὰ
593 2615 725 2682 τούς
745 2619 1007 2683 τεθέντας
1024 2617 1211 2683 αὐτοῖς
1228 2617 1451 2688 νόμους.
1491 2613 1878 2687 ἀγορανόμους

195 2696 249 2752 δ’
273 2698 392 2769 ἑξῆς
409 2699 628 2765 τούτοις
645 2704 924 2771 αἱρεῖσθαι
942 2701 1045 2772 μὲν
1067 2703 1126 2757 ἐκ
1156 2706 1267 2755 τῶν
1294 2695 1571 2770 δευτέρων
1599 2698 1691 2753 καὶ
1721 2696 1876 2768 πρῶ·

192 2800 307 2835 των
325 2781 646 2852 τιμημάτων
676 2780 949 2855 πέντε,τά
979 2780 1031 2839 δ’
1064 2781 1201 2838 ἄλλα
1235 2778 1422 2837 αὐτῶν
1450 2785 1745 2852 γίγνεσθαι
1773 2775 1876 2849 τὴν
