<?xml version="1.0" encoding="UTF-8"?>
<!DOCTYPE html PUBLIC "-//W3C//DTD XHTML 1.0 Transitional//EN"
    "http://www.w3.org/TR/xhtml1/DTD/xhtml1-transitional.dtd">
<html xmlns="http://www.w3.org/1999/xhtml" xml:lang="en" lang="en">
 <head>
  <title>
</title>
<meta http-equiv="Content-Type" content="text/html;charset=utf-8" />
  <meta name='ocr-system' content='tesseract 3.04.00' />
  <meta name='ocr-capabilities' content='ocr_page ocr_carea ocr_par ocr_line ocrx_word'/>
</head>
<body>
  <div class='ocr_page' id='page_1' title='image "./dialogisecumdumt05platuoft_0167.png"; bbox 0 0 1976 3172; ppageno 0'>
   <div class='ocr_carea' id='block_1_1' title="bbox 693 133 1732 190">
    <p class='ocr_par' dir='ltr' id='par_1_1' title="bbox 693 133 1732 190">
     <span class='ocr_line' id='line_1_1' title="bbox 693 133 1732 190; baseline -0.002 0"><span class='ocrx_word' id='word_1_1' title='bbox 693 140 1008 190; x_wconf 76' lang='grc' dir='ltr'><em>ΝΟΜΩΝ</em></span> <span class='ocrx_word' id='word_1_2' title='bbox 1041 133 1093 188; x_wconf 83' lang='grc' dir='ltr'><strong><em>ε’.</em></strong></span> <span class='ocrx_word' id='word_1_3' title='bbox 1631 136 1732 189; x_wconf 83' lang='lat'><strong><em>135</em></strong></span> 
     </span>
    </p>
   </div>
   <div class='ocr_carea' id='block_1_2' title="bbox 25 269 1730 353">
    <p class='ocr_par' dir='ltr' id='par_1_2' title="bbox 25 269 1730 353">
     <span class='ocr_line' id='line_1_2' title="bbox 25 269 1730 353; baseline -0.005 -16"><span class='ocrx_word' id='word_1_4' title='bbox 25 278 388 353; x_wconf 79' lang='grc' dir='ltr'><strong><em>’φιλούμενον</em></strong></span> <span class='ocrx_word' id='word_1_5' title='bbox 415 277 445 334; x_wconf 87' lang='grc' dir='ltr'><strong><em>ό</em></strong></span> <span class='ocrx_word' id='word_1_6' title='bbox 475 281 677 348; x_wconf 70' lang='grc' dir='ltr'><strong><em>φιλᾶν,</em></strong></span> <span class='ocrx_word' id='word_1_7' title='bbox 697 270 839 329; x_wconf 71' lang='grc' dir='ltr'><strong><em>ὥστε</em></strong></span> <span class='ocrx_word' id='word_1_8' title='bbox 854 269 923 327; x_wconf 80' lang='grc' dir='ltr'><strong><em>τὰ</em></strong></span> <span class='ocrx_word' id='word_1_9' title='bbox 942 273 1128 327; x_wconf 81' lang='grc' dir='ltr'><strong><em>δίκαια</em></strong></span> <span class='ocrx_word' id='word_1_10' title='bbox 1145 273 1239 327; x_wconf 84' lang='grc' dir='ltr'><strong><em>καὶ</em></strong></span> <span class='ocrx_word' id='word_1_11' title='bbox 1254 270 1321 327; x_wconf 78' lang='grc' dir='ltr'><strong><em>τὰ</em></strong></span> <span class='ocrx_word' id='word_1_12' title='bbox 1343 270 1533 343; x_wconf 81' lang='grc' dir='ltr'><strong><em>ἀγαθὰ</em></strong></span> <span class='ocrx_word' id='word_1_13' title='bbox 1553 271 1730 330; x_wconf 77' lang='grc' dir='ltr'><strong><em>καὶτὰ</em></strong></span> 
     </span>
    </p>
   </div>
   <div class='ocr_carea' id='block_1_3' title="bbox 46 350 1850 432">
    <p class='ocr_par' dir='ltr' id='par_1_3' title="bbox 46 327 1970 432">
     <span class='ocr_line' id='line_1_3' title="bbox 46 350 1850 432; baseline -0.007 -12"><span class='ocrx_word' id='word_1_14' title='bbox 46 360 188 419; x_wconf 78' lang='grc' dir='ltr'><strong><em>καλὰ</em></strong></span> <span class='ocrx_word' id='word_1_15' title='bbox 207 366 392 426; x_wconf 74' lang='grc' dir='ltr'><strong><em>κακῶς</em></strong></span> <span class='ocrx_word' id='word_1_16' title='bbox 410 363 604 432; x_wconf 76' lang='grc' dir='ltr'><strong><em>κρίνει,</em></strong></span> <span class='ocrx_word' id='word_1_17' title='bbox 620 353 684 412; x_wconf 79' lang='grc' dir='ltr'><strong><em>τό</em></strong></span> <span class='ocrx_word' id='word_1_18' title='bbox 702 353 880 411; x_wconf 78' lang='grc' dir='ltr'><strong><em>αὑτοῦ</em></strong></span> <span class='ocrx_word' id='word_1_19' title='bbox 899 350 1010 424; x_wconf 81' lang='grc' dir='ltr'><strong><em>πρὸ</em></strong></span> <span class='ocrx_word' id='word_1_20' title='bbox 1039 358 1143 408; x_wconf 88' lang='grc' dir='ltr'><strong><em>τοῦ</em></strong></span> <span class='ocrx_word' id='word_1_21' title='bbox 1169 351 1424 424; x_wconf 80' lang='grc' dir='ltr'><strong><em>ἀληθοῦς</em></strong></span> <span class='ocrx_word' id='word_1_22' title='bbox 1454 351 1538 410; x_wconf 81' lang='grc' dir='ltr'><strong><em>ἀεὶ</em></strong></span> <span class='ocrx_word' id='word_1_23' title='bbox 1568 359 1738 430; x_wconf 75' lang='grc' dir='ltr'><strong><em>τιμᾷν</em></strong></span> <span class='ocrx_word' id='word_1_24' title='bbox 1765 361 1850 408; x_wconf 82' lang='grc'><strong><em>732</em></strong></span> 
     </span>
    </p>
   </div>
   <div class='ocr_carea' id='block_1_4' title="bbox 0 432 1829 2884">
    <p class='ocr_par' dir='ltr' id='par_1_4' title="bbox 0 432 1829 2802">
     <span class='ocr_line' id='line_1_4' title="bbox 47 432 1736 514; baseline -0.005 -14"><span class='ocrx_word' id='word_1_25' title='bbox 47 440 208 500; x_wconf 66' lang='grc' dir='ltr'><strong><em>δεῖν’</em></strong></span> <span class='ocrx_word' id='word_1_26' title='bbox 181 442 512 514; x_wconf 83' lang='grc' dir='ltr'><strong><em>ηγούμενος·</em></strong></span> <span class='ocrx_word' id='word_1_27' title='bbox 541 436 672 495; x_wconf 78' lang='grc' dir='ltr'><strong><em>οὔτε</em></strong></span> <span class='ocrx_word' id='word_1_28' title='bbox 688 434 799 508; x_wconf 75' lang='grc' dir='ltr'><strong><em>γὰρ</em></strong></span> <span class='ocrx_word' id='word_1_29' title='bbox 817 432 1018 491; x_wconf 76' lang='grc' dir='ltr'><strong><em>ἑαυτὸν</em></strong></span> <span class='ocrx_word' id='word_1_30' title='bbox 1035 432 1167 490; x_wconf 83' lang='grc' dir='ltr'><strong><em>οὔτε</em></strong></span> <span class='ocrx_word' id='word_1_31' title='bbox 1191 432 1261 489; x_wconf 77' lang='grc' dir='ltr'><strong><em>τὰ</em></strong></span> <span class='ocrx_word' id='word_1_32' title='bbox 1290 434 1496 488; x_wconf 80' lang='grc' dir='ltr'><strong><em>ἑαυτοῦ</em></strong></span> <span class='ocrx_word' id='word_1_33' title='bbox 1511 432 1615 506; x_wconf 87' lang='grc' dir='ltr'><strong><em>χρὴ</em></strong></span> <span class='ocrx_word' id='word_1_34' title='bbox 1635 434 1736 491; x_wconf 91' lang='grc' dir='ltr'><strong><em>τόν</em></strong></span> 
     </span>
     <span class='ocr_line' id='line_1_5' title="bbox 46 512 1736 596; baseline -0.006 -14"><span class='ocrx_word' id='word_1_35' title='bbox 46 547 112 596; x_wconf 87' lang='grc' dir='ltr'><strong><em>γε</em></strong></span> <span class='ocrx_word' id='word_1_36' title='bbox 130 527 306 596; x_wconf 79' lang='grc' dir='ltr'><strong><em>μέγα-ν</em></strong></span> <span class='ocrx_word' id='word_1_37' title='bbox 322 522 505 592; x_wconf 76' lang='grc' dir='ltr'><strong><em>ἄνδρα</em></strong></span> <span class='ocrx_word' id='word_1_38' title='bbox 521 519 792 591; x_wconf 77' lang='grc' dir='ltr'><strong><em>ἐσόμενον</em></strong></span> <span class='ocrx_word' id='word_1_39' title='bbox 808 516 1078 587; x_wconf 75' lang='grc' dir='ltr'><strong><em>στέργειν,</em></strong></span> <span class='ocrx_word' id='word_1_40' title='bbox 1097 512 1240 571; x_wconf 77' lang='grc' dir='ltr'><strong><em>ἀλλὰ</em></strong></span> <span class='ocrx_word' id='word_1_41' title='bbox 1257 514 1327 570; x_wconf 79' lang='grc' dir='ltr'><strong><em>τὰ</em></strong></span> <span class='ocrx_word' id='word_1_42' title='bbox 1345 518 1547 590; x_wconf 85' lang='grc' dir='ltr'><strong><em>δίκαια,</em></strong></span> <span class='ocrx_word' id='word_1_43' title='bbox 1560 516 1661 573; x_wconf 88' lang='grc' dir='ltr'><strong><em>ἐάν</em></strong></span> <span class='ocrx_word' id='word_1_44' title='bbox 1677 539 1736 573; x_wconf 92' lang='grc' dir='ltr'><strong><em>τε</em></strong></span> 
     </span>
     <span class='ocr_line' id='line_1_6' title="bbox 47 597 1735 679; baseline -0.005 -16"><span class='ocrx_word' id='word_1_45' title='bbox 47 605 173 678; x_wconf 86' lang='grc' dir='ltr'><strong><em>παρ’</em></strong></span> <span class='ocrx_word' id='word_1_46' title='bbox 192 602 341 679; x_wconf 74' lang='grc' dir='ltr'><strong><em>αὐτῷ</em></strong></span> <span class='ocrx_word' id='word_1_47' title='bbox 360 601 462 659; x_wconf 91' lang='grc' dir='ltr'><strong><em>ἐάν</em></strong></span> <span class='ocrx_word' id='word_1_48' title='bbox 482 623 543 658; x_wconf 91' lang='grc' dir='ltr'><strong><em>τε</em></strong></span> <span class='ocrx_word' id='word_1_49' title='bbox 560 598 686 671; x_wconf 89' lang='grc' dir='ltr'><strong><em>παρ’</em></strong></span> <span class='ocrx_word' id='word_1_50' title='bbox 706 598 857 674; x_wconf 76' lang='grc' dir='ltr'><strong><em>ἄλλω</em></strong></span> <span class='ocrx_word' id='word_1_51' title='bbox 877 604 1090 670; x_wconf 84' lang='grc' dir='ltr'><strong><em>μᾶλλον</em></strong></span> <span class='ocrx_word' id='word_1_52' title='bbox 1103 597 1454 670; x_wconf 88' lang='grc' dir='ltr'><strong><em>πραττόμενα</em></strong></span> <span class='ocrx_word' id='word_1_53' title='bbox 1467 599 1735 671; x_wconf 70' lang='grc' dir='ltr'><strong><em>τυγχάνῃ.</em></strong></span> 
     </span>
     <span class='ocr_line' id='line_1_7' title="bbox 47 679 1737 756; baseline -0.007 -11"><span class='ocrx_word' id='word_1_54' title='bbox 47 691 108 745; x_wconf 79' lang='grc' dir='ltr'><strong><em>ἐκ</em></strong></span> <span class='ocrx_word' id='word_1_55' title='bbox 135 686 343 744; x_wconf 78' lang='grc' dir='ltr'><strong><em>ταύτοῦ</em></strong></span> <span class='ocrx_word' id='word_1_56' title='bbox 370 683 432 740; x_wconf 76' lang='grc' dir='ltr'><strong><em>δὲ</em></strong></span> <span class='ocrx_word' id='word_1_57' title='bbox 466 681 856 756; x_wconf 76' lang='grc' dir='ltr'><strong><em>ἁμαρτήματος</em></strong></span> <span class='ocrx_word' id='word_1_58' title='bbox 878 679 1081 736; x_wconf 80' lang='grc' dir='ltr'><strong><em>τούτου</em></strong></span> <span class='ocrx_word' id='word_1_59' title='bbox 1115 682 1210 737; x_wconf 83' lang='grc' dir='ltr'><strong><em>καὶ</em></strong></span> <span class='ocrx_word' id='word_1_60' title='bbox 1246 679 1308 738; x_wconf 85' lang='grc' dir='ltr'><strong><em>τὸ</em></strong></span> <span class='ocrx_word' id='word_1_61' title='bbox 1345 679 1448 753; x_wconf 83' lang='grc' dir='ltr'><strong><em>τὴν</em></strong></span> <span class='ocrx_word' id='word_1_62' title='bbox 1484 680 1737 753; x_wconf 80' lang='grc' dir='ltr'><strong><em>ἀμαθίαν</em></strong></span> 
     </span>
     <span class='ocr_line' id='line_1_8' title="bbox 45 762 1738 843; baseline -0.004 -16"><span class='ocrx_word' id='word_1_63' title='bbox 45 794 150 843; x_wconf 80' lang='grc' dir='ltr'><strong><em>την</em></strong></span> <span class='ocrx_word' id='word_1_64' title='bbox 174 767 310 840; x_wconf 84' lang='grc' dir='ltr'><strong><em>παρ’</em></strong></span> <span class='ocrx_word' id='word_1_65' title='bbox 343 766 499 843; x_wconf 73' lang='grc' dir='ltr'><strong><em>αὐτῷ</em></strong></span> <span class='ocrx_word' id='word_1_66' title='bbox 526 771 714 823; x_wconf 77' lang='grc' dir='ltr'><strong><em>δοκεῖν</em></strong></span> <span class='ocrx_word' id='word_1_67' title='bbox 734 769 945 836; x_wconf 86' lang='grc' dir='ltr'><strong><em>σοφίαν</em></strong></span> <span class='ocrx_word' id='word_1_68' title='bbox 970 762 1112 820; x_wconf 83' lang='grc' dir='ltr'><strong><em>εἶναι</em></strong></span> <span class='ocrx_word' id='word_1_69' title='bbox 1134 767 1332 836; x_wconf 78' lang='grc' dir='ltr'><strong><em>γέγονε</em></strong></span> <span class='ocrx_word' id='word_1_70' title='bbox 1361 771 1556 823; x_wconf 79' lang='grc' dir='ltr'><strong><em>πᾶσιν·</em></strong></span> <span class='ocrx_word' id='word_1_71' title='bbox 1595 763 1738 822; x_wconf 83' lang='grc' dir='ltr'><strong><em>ὅθεν</em></strong></span> 
     </span>
     <span class='ocr_line' id='line_1_9' title="bbox 48 842 1740 917; baseline -0.004 -8"><span class='ocrx_word' id='word_1_72' title='bbox 48 850 154 909; x_wconf 75' lang='grc' dir='ltr'><strong><em>οὐκ</em></strong></span> <span class='ocrx_word' id='word_1_73' title='bbox 177 851 384 915; x_wconf 72' lang='grc' dir='ltr'><strong><em>εἰδότες</em></strong></span> <span class='ocrx_word' id='word_1_74' title='bbox 402 847 477 915; x_wconf 76' lang='grc' dir='ltr'><strong><em>ὡς</em></strong></span> <span class='ocrx_word' id='word_1_75' title='bbox 493 852 625 914; x_wconf 88' lang='grc' dir='ltr'><strong><em>ἔπος</em></strong></span> <span class='ocrx_word' id='word_1_76' title='bbox 643 851 817 905; x_wconf 76' lang='grc' dir='ltr'><strong><em>εἰπεῖν</em></strong></span> <span class='ocrx_word' id='word_1_77' title='bbox 835 842 1003 903; x_wconf 70' lang='grc' dir='ltr'><strong><em>οὐδὲν</em></strong></span> <span class='ocrx_word' id='word_1_78' title='bbox 1022 845 1261 917; x_wconf 81' lang='grc' dir='ltr'><strong><em>οἰόμεθα</em></strong></span> <span class='ocrx_word' id='word_1_79' title='bbox 1290 845 1358 902; x_wconf 79' lang='grc' dir='ltr'><strong><em>τὰ</em></strong></span> <span class='ocrx_word' id='word_1_80' title='bbox 1386 846 1570 904; x_wconf 87' lang='grc' dir='ltr'><strong><em>πάντα</em></strong></span> <span class='ocrx_word' id='word_1_81' title='bbox 1596 847 1740 902; x_wconf 84' lang='grc' dir='ltr'><strong><em>εἰδέ-</em></strong></span> 
     </span>
     <span class='ocr_line' id='line_1_10' title="bbox 44 923 1738 1002; baseline -0.004 -13"><span class='ocrx_word' id='word_1_82' title='bbox 44 954 156 1002; x_wconf 82' lang='grc' dir='ltr'><strong><em>ναι,</em></strong></span> <span class='ocrx_word' id='word_1_83' title='bbox 175 930 280 988; x_wconf 81' lang='grc' dir='ltr'><strong><em>οῦκ</em></strong></span> <span class='ocrx_word' id='word_1_84' title='bbox 305 931 691 1001; x_wconf 64' lang='grc' dir='ltr'><strong><em>ἐπιτρέποντες</em></strong></span> <span class='ocrx_word' id='word_1_85' title='bbox 713 923 774 984; x_wconf 75' lang='grc' dir='ltr'><strong><em>δὲ</em></strong></span> <span class='ocrx_word' id='word_1_86' title='bbox 792 927 999 999; x_wconf 79' lang='grc' dir='ltr'><strong><em>ἄλλοις,</em></strong></span> <span class='ocrx_word' id='word_1_87' title='bbox 1024 925 1062 983; x_wconf 77' lang='grc' dir='ltr'><em>ἃ</em></span> <span class='ocrx_word' id='word_1_88' title='bbox 1079 926 1154 999; x_wconf 85' lang='grc' dir='ltr'><strong><em>μὴ</em></strong></span> <span class='ocrx_word' id='word_1_89' title='bbox 1183 925 1529 998; x_wconf 83' lang='grc' dir='ltr'><strong><em>ἐπιστάμεθα</em></strong></span> <span class='ocrx_word' id='word_1_90' title='bbox 1557 927 1738 999; x_wconf 86' lang='grc' dir='ltr'><strong><em>πράτ-</em></strong></span> 
     </span>
     <span class='ocr_line' id='line_1_11' title="bbox 50 1006 1807 1085; baseline -0.002 -15"><span class='ocrx_word' id='word_1_91' title='bbox 50 1035 182 1085; x_wconf 83' lang='grc' dir='ltr'><strong><em>τειν,</em></strong></span> <span class='ocrx_word' id='word_1_92' title='bbox 219 1011 651 1084; x_wconf 75' lang='grc' dir='ltr'><strong><em>ἀναγκαζόμεθα</em></strong></span> <span class='ocrx_word' id='word_1_93' title='bbox 686 1008 1030 1081; x_wconf 78' lang='grc' dir='ltr'><strong><em>ἁμαρτάνειν</em></strong></span> <span class='ocrx_word' id='word_1_94' title='bbox 1064 1006 1225 1064; x_wconf 82' lang='grc' dir='ltr'><strong><em>αὐτοὶ</em></strong></span> <span class='ocrx_word' id='word_1_95' title='bbox 1252 1008 1602 1079; x_wconf 86' lang='grc' dir='ltr'><strong><em>πράττοντες.</em></strong></span> <span class='ocrx_word' id='word_1_96' title='bbox 1651 1007 1735 1064; x_wconf 79' lang='grc' dir='ltr'><strong><em>διὰ</em></strong></span> <span class='ocrx_word' id='word_1_97' title='bbox 1774 1026 1807 1067; x_wconf 90' lang='grc' dir='ltr'>Β</span> 
     </span>
     <span class='ocr_line' id='line_1_12' title="bbox 45 1089 1737 1166; baseline -0.002 -15"><span class='ocrx_word' id='word_1_98' title='bbox 45 1097 229 1151; x_wconf 83' lang='grc' dir='ltr'><strong><em>πάντα</em></strong></span> <span class='ocrx_word' id='word_1_99' title='bbox 257 1094 570 1166; x_wconf 77' lang='grc' dir='ltr'><strong><em>ἄνθρωπον</em></strong></span> <span class='ocrx_word' id='word_1_100' title='bbox 594 1090 697 1166; x_wconf 84' lang='grc' dir='ltr'><strong><em>χρὴ</em></strong></span> <span class='ocrx_word' id='word_1_101' title='bbox 726 1092 959 1163; x_wconf 78' lang='grc' dir='ltr'><strong><em>φεύγειν</em></strong></span> <span class='ocrx_word' id='word_1_102' title='bbox 985 1090 1049 1147; x_wconf 83' lang='grc' dir='ltr'><strong><em>τό</em></strong></span> <span class='ocrx_word' id='word_1_103' title='bbox 1080 1090 1303 1163; x_wconf 87' lang='grc' dir='ltr'><strong><em>σφόδρα</em></strong></span> <span class='ocrx_word' id='word_1_104' title='bbox 1329 1098 1516 1163; x_wconf 80' lang='grc' dir='ltr'><strong><em>φιλεῖν</em></strong></span> <span class='ocrx_word' id='word_1_105' title='bbox 1544 1089 1737 1162; x_wconf 85' lang='grc' dir='ltr'><strong><em>αὑτόν,</em></strong></span> 
     </span>
     <span class='ocr_line' id='line_1_13' title="bbox 46 1173 1740 1249; baseline -0.002 -16"><span class='ocrx_word' id='word_1_106' title='bbox 46 1175 149 1233; x_wconf 84' lang='grc' dir='ltr'><strong><em>τὸν</em></strong></span> <span class='ocrx_word' id='word_1_107' title='bbox 168 1175 221 1233; x_wconf 91' lang='grc' dir='ltr'><strong><em>δ’</em></strong></span> <span class='ocrx_word' id='word_1_108' title='bbox 245 1178 448 1234; x_wconf 80' lang='grc' dir='ltr'><strong><em>ἑαυτοῦ</em></strong></span> <span class='ocrx_word' id='word_1_109' title='bbox 467 1182 665 1249; x_wconf 82' lang='grc' dir='ltr'><strong><em>βελτίω</em></strong></span> <span class='ocrx_word' id='word_1_110' title='bbox 684 1173 908 1231; x_wconf 74' lang='grc' dir='ltr'><strong><em>διώκειν</em></strong></span> <span class='ocrx_word' id='word_1_111' title='bbox 927 1177 1027 1243; x_wconf 84' lang='grc' dir='ltr'><strong><em>δεῖ,</em></strong></span> <span class='ocrx_word' id='word_1_112' title='bbox 1048 1175 1323 1244; x_wconf 85' lang='grc' dir='ltr'><strong><em>μηδεμίαν</em></strong></span> <span class='ocrx_word' id='word_1_113' title='bbox 1352 1174 1626 1244; x_wconf 79' lang='grc' dir='ltr'><strong><em>αἰσχύνην</em></strong></span> <span class='ocrx_word' id='word_1_114' title='bbox 1651 1174 1740 1230; x_wconf 83' lang='grc' dir='ltr'><strong><em>ἐπὶ</em></strong></span> 
     </span>
     <span class='ocr_line' id='line_1_14' title="bbox 46 1253 1740 1331; baseline -0.002 -17"><span class='ocrx_word' id='word_1_115' title='bbox 46 1264 126 1331; x_wconf 74' lang='grc' dir='ltr'><strong><em>τῷ</em></strong></span> <span class='ocrx_word' id='word_1_116' title='bbox 160 1258 395 1331; x_wconf 76' lang='grc' dir='ltr'><strong><em>τοιούτῳ</em></strong></span> <span class='ocrx_word' id='word_1_117' title='bbox 433 1258 689 1328; x_wconf 75' lang='grc' dir='ltr'><strong><em>πρόσθεν</em></strong></span> <span class='ocrx_word' id='word_1_118' title='bbox 715 1255 1071 1325; x_wconf 84' lang='grc' dir='ltr'><strong><em>ποιούμενον.</em></strong></span> <span class='ocrx_word' id='word_1_119' title='bbox 1117 1253 1155 1309; x_wconf 76' lang='grc' dir='ltr'><em>ἃ</em></span> <span class='ocrx_word' id='word_1_120' title='bbox 1184 1257 1245 1310; x_wconf 83' lang='grc' dir='ltr'><strong><em>δὲ</em></strong></span> <span class='ocrx_word' id='word_1_121' title='bbox 1274 1255 1610 1326; x_wconf 88' lang='grc' dir='ltr'><strong><em>σμικρότερα</em></strong></span> <span class='ocrx_word' id='word_1_122' title='bbox 1637 1253 1740 1326; x_wconf 67' lang='grc' dir='ltr'><strong><em>μὲν</em></strong></span> 
     </span>
     <span class='ocr_line' id='line_1_15' title="bbox 45 1335 1739 1433; baseline -0.002 -37"><span class='ocrx_word' id='word_1_123' title='bbox 45 1340 263 1396; x_wconf 86' lang='grc' dir='ltr'><strong><em>τούτων</em></strong></span> <span class='ocrx_word' id='word_1_124' title='bbox 290 1340 383 1396; x_wconf 75' lang='grc' dir='ltr'><strong><em>καὶ</em></strong></span> <span class='ocrx_word' id='word_1_125' title='bbox 412 1338 685 1408; x_wconf 83' lang='grc' dir='ltr'><strong><em>λεγόμενα</em></strong></span> <span class='ocrx_word' id='word_1_126' title='bbox 719 1336 985 1400; x_wconf 79' lang='grc' dir='ltr'><strong><em>πολλάκις</em></strong></span> <span class='ocrx_word' id='word_1_127' title='bbox 1013 1337 1144 1406; x_wconf 88' lang='grc' dir='ltr'><strong><em>ἐστί,</em></strong></span> <span class='ocrx_word' id='word_1_128' title='bbox 1166 1335 1404 1433; x_wconf 79' lang='grc' dir='ltr'><strong><em>χρήσιμα</em></strong></span> <span class='ocrx_word' id='word_1_129' title='bbox 1433 1339 1494 1392; x_wconf 75' lang='grc' dir='ltr'><strong><em>δὲ</em></strong></span> <span class='ocrx_word' id='word_1_130' title='bbox 1519 1336 1739 1392; x_wconf 87' lang='grc' dir='ltr'><strong><em>τούτων</em></strong></span> 
     </span>
     <span class='ocr_line' id='line_1_16' title="bbox 45 1402 1738 1493; baseline -0.002 -15"><span class='ocrx_word' id='word_1_131' title='bbox 45 1419 150 1492; x_wconf 75' lang='grc' dir='ltr'><strong><em>οὐχ</em></strong></span> <span class='ocrx_word' id='word_1_132' title='bbox 173 1414 360 1493; x_wconf 82' lang='grc' dir='ltr'><strong><em>ἦττον,</em></strong></span> <span class='ocrx_word' id='word_1_133' title='bbox 397 1417 501 1491; x_wconf 81' lang='grc' dir='ltr'><strong><em>χρὴ</em></strong></span> <span class='ocrx_word' id='word_1_134' title='bbox 538 1420 722 1489; x_wconf 83' lang='grc' dir='ltr'><strong><em>λέγειν</em></strong></span> <span class='ocrx_word' id='word_1_135' title='bbox 750 1402 951 1473; x_wconf 78' lang='grc' dir='ltr'><strong><em>ἑαυτὸν</em></strong></span> <span class='ocrx_word' id='word_1_136' title='bbox 980 1413 1500 1491; x_wconf 75' lang='grc' dir='ltr'><strong><em>ἀναμιμνήσκοντα·</em></strong></span> <span class='ocrx_word' id='word_1_137' title='bbox 1549 1417 1738 1491; x_wconf 87' lang='grc' dir='ltr'><strong><em>ωσπερ</em></strong></span> 
     </span>
     <span class='ocr_line' id='line_1_17' title="bbox 44 1496 1740 1574; baseline -0.001 -15"><span class='ocrx_word' id='word_1_138' title='bbox 44 1503 157 1574; x_wconf 84' lang='grc' dir='ltr'><strong><em>γάρ</em></strong></span> <span class='ocrx_word' id='word_1_139' title='bbox 173 1524 325 1568; x_wconf 87' lang='grc' dir='ltr'><strong><em>τινος</em></strong></span> <span class='ocrx_word' id='word_1_140' title='bbox 341 1500 718 1573; x_wconf 79' lang='grc' dir='ltr'><strong><em>ἀπορρέοντος</em></strong></span> <span class='ocrx_word' id='word_1_141' title='bbox 736 1496 822 1555; x_wconf 76' lang='grc' dir='ltr'><strong><em>ἀεὶ</em></strong></span> <span class='ocrx_word' id='word_1_142' title='bbox 851 1502 938 1554; x_wconf 80' lang='grc' dir='ltr'><strong><em>δεῖ</em></strong></span> <span class='ocrx_word' id='word_1_143' title='bbox 957 1496 1292 1554; x_wconf 81' lang='grc' dir='ltr'><strong><em>τούναντίον</em></strong></span> <span class='ocrx_word' id='word_1_144' title='bbox 1309 1499 1626 1572; x_wconf 82' lang='grc' dir='ltr'><strong><em>ἐπιρρεῖν,’</em></strong></span> <span class='ocrx_word' id='word_1_145' title='bbox 1596 1500 1740 1557; x_wconf 84' lang='grc' dir='ltr'><strong><em>ανά-</em></strong></span> 
     </span>
     <span class='ocr_line' id='line_1_18' title="bbox 47 1579 1802 1655; baseline -0.001 -15"><span class='ocrx_word' id='word_1_146' title='bbox 47 1602 245 1655; x_wconf 81' lang='grc' dir='ltr'><strong><em>μνησις</em></strong></span> <span class='ocrx_word' id='word_1_147' title='bbox 262 1583 312 1640; x_wconf 89' lang='grc' dir='ltr'><strong><em>δ’</em></strong></span> <span class='ocrx_word' id='word_1_148' title='bbox 335 1585 486 1640; x_wconf 83' lang='grc' dir='ltr'><strong><em>ἐστὶν</em></strong></span> <span class='ocrx_word' id='word_1_149' title='bbox 503 1582 733 1655; x_wconf 78' lang='grc' dir='ltr'><strong><em>ἐπιρροὴ</em></strong></span> <span class='ocrx_word' id='word_1_150' title='bbox 762 1580 1088 1654; x_wconf 86' lang='grc' dir='ltr'><strong><em>φρονήσεως</em></strong></span> <span class='ocrx_word' id='word_1_151' title='bbox 1104 1580 1530 1654; x_wconf 78' lang='grc' dir='ltr'><strong><em>ἀπολειπούσης.</em></strong></span> <span class='ocrx_word' id='word_1_152' title='bbox 1562 1579 1648 1639; x_wconf 80' lang='grc' dir='ltr'><strong><em>διὰ</em></strong></span> <span class='ocrx_word' id='word_1_153' title='bbox 1671 1580 1738 1654; x_wconf 82' lang='grc' dir='ltr'><strong><em>δὴ</em></strong></span> <span class='ocrx_word' id='word_1_154' title='bbox 1771 1600 1802 1643; x_wconf 85' lang='lat' dir='ltr'>c</span> 
     </span>
     <span class='ocr_line' id='line_1_19' title="bbox 45 1663 1738 1738; baseline -0.001 -17"><span class='ocrx_word' id='word_1_155' title='bbox 45 1666 307 1737; x_wconf 72' lang='grc' dir='ltr'><strong><em>γελώτων</em></strong></span> <span class='ocrx_word' id='word_1_156' title='bbox 339 1686 399 1723; x_wconf 86' lang='grc' dir='ltr'><strong><em>τε</em></strong></span> <span class='ocrx_word' id='word_1_157' title='bbox 439 1671 728 1736; x_wconf 77' lang='grc' dir='ltr'><strong><em>εἴργεσθαι</em></strong></span> <span class='ocrx_word' id='word_1_158' title='bbox 758 1663 859 1735; x_wconf 84' lang='grc' dir='ltr'><strong><em>χρὴ</em></strong></span> <span class='ocrx_word' id='word_1_159' title='bbox 889 1686 1004 1720; x_wconf 89' lang='grc' dir='ltr'><strong><em>των</em></strong></span> <span class='ocrx_word' id='word_1_160' title='bbox 1035 1666 1290 1730; x_wconf 81' lang='grc' dir='ltr'><strong><em>ἐξαισίων</em></strong></span> <span class='ocrx_word' id='word_1_161' title='bbox 1324 1665 1419 1722; x_wconf 84' lang='grc' dir='ltr'><strong><em>καὶ</em></strong></span> <span class='ocrx_word' id='word_1_162' title='bbox 1454 1665 1738 1738; x_wconf 80' lang='grc' dir='ltr'><strong><em>δακρύων,</em></strong></span> 
     </span>
     <span class='ocr_line' id='line_1_20' title="bbox 11 1743 1829 1820; baseline -0.002 -16"><span class='ocrx_word' id='word_1_163' title='bbox 11 1815 13 1818; x_wconf 21' lang='lat'><strong>⁴</strong></span> <span class='ocrx_word' id='word_1_164' title='bbox 46 1751 451 1818; x_wconf 75' lang='grc' dir='ltr'><strong><em>παραγγέλλειν</em></strong></span> <span class='ocrx_word' id='word_1_165' title='bbox 470 1745 532 1802; x_wconf 71' lang='grc' dir='ltr'><strong><em>δὲ</em></strong></span> <span class='ocrx_word' id='word_1_166' title='bbox 548 1747 713 1803; x_wconf 87' lang='grc' dir='ltr'><strong><em>παντὶ</em></strong></span> <span class='ocrx_word' id='word_1_167' title='bbox 730 1743 890 1802; x_wconf 85' lang='grc' dir='ltr'><strong><em>πάντ’</em></strong></span> <span class='ocrx_word' id='word_1_168' title='bbox 909 1745 1089 1818; x_wconf 71' lang='grc' dir='ltr'><strong><em>ἄνδρα</em></strong></span> <span class='ocrx_word' id='word_1_169' title='bbox 1110 1746 1203 1802; x_wconf 73' lang='grc' dir='ltr'><strong><em>καὶ</em></strong></span> <span class='ocrx_word' id='word_1_170' title='bbox 1223 1743 1364 1818; x_wconf 82' lang='grc' dir='ltr'><strong><em>ὅλην</em></strong></span> <span class='ocrx_word' id='word_1_171' title='bbox 1382 1746 1740 1817; x_wconf 84' lang='grc' dir='ltr'><strong><em>περιχάρειαν</em></strong></span> <span class='ocrx_word' id='word_1_172' title='bbox 1819 1814 1829 1820; x_wconf 42' lang='lat'><strong>·</strong></span> 
     </span>
     <span class='ocr_line' id='line_1_21' title="bbox 12 1825 1741 1900; baseline -0.001 -16"><span class='ocrx_word' id='word_1_173' title='bbox 12 1831 15 1833; x_wconf 62' lang='grc'><strong>’</strong></span> <span class='ocrx_word' id='word_1_174' title='bbox 46 1834 238 1891; x_wconf 66' lang='grc' dir='ltr'><strong><em>πᾶσαν</em></strong></span> <span class='ocrx_word' id='word_1_175' title='bbox 279 1825 782 1900; x_wconf 76' lang='grc' dir='ltr'><strong><em>ἀποκρυπτόμενον</em></strong></span> <span class='ocrx_word' id='word_1_176' title='bbox 821 1830 915 1884; x_wconf 84' lang='grc' dir='ltr'><strong><em>καὶ</em></strong></span> <span class='ocrx_word' id='word_1_177' title='bbox 957 1830 1336 1898; x_wconf 86' lang='grc' dir='ltr'><strong><em>περιωδυνίαν</em></strong></span> <span class='ocrx_word' id='word_1_178' title='bbox 1379 1826 1741 1900; x_wconf 81' lang='grc' dir='ltr'><strong><em>εὐσχημονεῖν</em></strong></span> 
     </span>
     <span class='ocr_line' id='line_1_22' title="bbox 44 1908 1741 1982; baseline -0.001 -15"><span class='ocrx_word' id='word_1_179' title='bbox 44 1914 367 1982; x_wconf 78' lang='grc' dir='ltr'><strong><em>πειρᾶσθαι,</em></strong></span> <span class='ocrx_word' id='word_1_180' title='bbox 403 1909 544 1967; x_wconf 83' lang='grc' dir='ltr'><strong><em>κατά</em></strong></span> <span class='ocrx_word' id='word_1_181' title='bbox 578 1931 639 1967; x_wconf 91' lang='grc' dir='ltr'><strong><em>τε</em></strong></span> <span class='ocrx_word' id='word_1_182' title='bbox 673 1908 977 1982; x_wconf 79' lang='grc' dir='ltr'><strong><em>εὐπραγίας</em></strong></span> <span class='ocrx_word' id='word_1_183' title='bbox 1010 1912 1310 1982; x_wconf 82' lang='grc' dir='ltr'><strong><em>ἱσταμένου</em></strong></span> <span class='ocrx_word' id='word_1_184' title='bbox 1342 1915 1444 1966; x_wconf 88' lang='grc' dir='ltr'><strong><em>τοῦ</em></strong></span> <span class='ocrx_word' id='word_1_185' title='bbox 1480 1914 1741 1981; x_wconf 86' lang='grc' dir='ltr'><strong><em>δαίμονος</em></strong></span> 
     </span>
     <span class='ocr_line' id='line_1_23' title="bbox 48 1987 1741 2064; baseline -0.002 -15"><span class='ocrx_word' id='word_1_186' title='bbox 48 1991 286 2048; x_wconf 69' lang='grc' dir='ltr'><strong><em>ἑκάστου</em></strong></span> <span class='ocrx_word' id='word_1_187' title='bbox 306 1992 556 2049; x_wconf 77' lang='grc' dir='ltr'><strong><em>καὶκατὰ</em></strong></span> <span class='ocrx_word' id='word_1_188' title='bbox 573 1992 745 2064; x_wconf 88' lang='grc' dir='ltr'><strong><em>τύχας</em></strong></span> <span class='ocrx_word' id='word_1_189' title='bbox 764 1987 887 2049; x_wconf 79' lang='grc' dir='ltr'><strong><em>οἷον</em></strong></span> <span class='ocrx_word' id='word_1_190' title='bbox 904 1991 1044 2063; x_wconf 78' lang='grc' dir='ltr'><strong><em>πρὸς</em></strong></span> <span class='ocrx_word' id='word_1_191' title='bbox 1063 1991 1251 2064; x_wconf 78' lang='grc' dir='ltr'><strong><em>ὑψηλὰ</em></strong></span> <span class='ocrx_word' id='word_1_192' title='bbox 1269 1994 1363 2047; x_wconf 86' lang='grc' dir='ltr'><strong><em>καὶ</em></strong></span> <span class='ocrx_word' id='word_1_193' title='bbox 1381 1989 1594 2061; x_wconf 78' lang='grc' dir='ltr'><strong><em>ἀνάντη</em></strong></span> <span class='ocrx_word' id='word_1_194' title='bbox 1618 1994 1741 2046; x_wconf 86' lang='grc' dir='ltr'><strong><em>δαι-</em></strong></span> 
     </span>
     <span class='ocr_line' id='line_1_24' title="bbox 49 2069 1742 2145; baseline -0.001 -16"><span class='ocrx_word' id='word_1_195' title='bbox 49 2072 241 2144; x_wconf 89' lang='grc' dir='ltr'><strong><em>μόνων</em></strong></span> <span class='ocrx_word' id='word_1_196' title='bbox 258 2072 689 2145; x_wconf 77' lang='grc' dir='ltr'><strong><em>ἀνθισταμένων</em></strong></span> <span class='ocrx_word' id='word_1_197' title='bbox 703 2076 813 2130; x_wconf 86' lang='grc' dir='ltr'><strong><em>τισὶ</em></strong></span> <span class='ocrx_word' id='word_1_198' title='bbox 842 2074 1129 2143; x_wconf 83' lang='grc' dir='ltr'><strong><em>πράξεσιν,</em></strong></span> <span class='ocrx_word' id='word_1_199' title='bbox 1159 2076 1397 2139; x_wconf 76' lang='grc' dir='ltr'><strong><em>ἐλπίζειν</em></strong></span> <span class='ocrx_word' id='word_1_200' title='bbox 1427 2069 1483 2128; x_wconf 84' lang='grc' dir='ltr'><strong><em>δ’</em></strong></span> <span class='ocrx_word' id='word_1_201' title='bbox 1514 2070 1598 2128; x_wconf 84' lang='grc' dir='ltr'><strong><em>άεὶ</em></strong></span> <span class='ocrx_word' id='word_1_202' title='bbox 1628 2082 1742 2136; x_wconf 74' lang='grc' dir='ltr'><strong><em>τοῖς</em></strong></span> 
     </span>
     <span class='ocr_line' id='line_1_25' title="bbox 11 2151 1742 2227; baseline -0.001 -17"><span class='ocrx_word' id='word_1_203' title='bbox 11 2175 16 2177; x_wconf 90' lang='grc'><em>·</em></span> <span class='ocrx_word' id='word_1_204' title='bbox 46 2153 105 2227; x_wconf 85' lang='grc' dir='ltr'><strong><em>γ’</em></strong></span> <span class='ocrx_word' id='word_1_205' title='bbox 125 2155 391 2226; x_wconf 67' lang='grc' dir='ltr'><strong><em>ἀγαθοῖσι</em></strong></span> <span class='ocrx_word' id='word_1_206' title='bbox 406 2154 507 2211; x_wconf 85' lang='grc' dir='ltr'><strong><em>τὸν</em></strong></span> <span class='ocrx_word' id='word_1_207' title='bbox 533 2153 678 2212; x_wconf 80' lang='grc' dir='ltr'><strong><em>θεὸν</em></strong></span> <span class='ocrx_word' id='word_1_208' title='bbox 703 2151 741 2210; x_wconf 78' lang='grc' dir='ltr'><em>ἃ</em></span> <span class='ocrx_word' id='word_1_209' title='bbox 768 2158 1039 2226; x_wconf 74' lang='grc' dir='ltr'><strong><em>δωρεῖται,</em></strong></span> <span class='ocrx_word' id='word_1_210' title='bbox 1070 2152 1266 2210; x_wconf 89' lang='grc' dir='ltr'><strong><em>πόνων</em></strong></span> <span class='ocrx_word' id='word_1_211' title='bbox 1281 2153 1386 2226; x_wconf 76' lang='grc' dir='ltr'><strong><em>μὲν</em></strong></span> <span class='ocrx_word' id='word_1_212' title='bbox 1414 2151 1742 2209; x_wconf 88' lang='grc' dir='ltr'><strong><em>ἐπιπιπτόν-</em></strong></span> 
     </span>
     <span class='ocr_line' id='line_1_26' title="bbox 46 2229 1805 2307; baseline -0.001 -15"><span class='ocrx_word' id='word_1_213' title='bbox 46 2258 162 2292; x_wconf 86' lang='grc' dir='ltr'><strong><em>των</em></strong></span> <span class='ocrx_word' id='word_1_214' title='bbox 179 2234 305 2292; x_wconf 78' lang='grc' dir='ltr'><strong><em>άντὶ</em></strong></span> <span class='ocrx_word' id='word_1_215' title='bbox 323 2235 592 2307; x_wconf 74' lang='grc' dir='ltr'><strong><em>μειζόνων</em></strong></span> <span class='ocrx_word' id='word_1_216' title='bbox 609 2235 869 2302; x_wconf 78' lang='grc' dir='ltr'><strong><em>ἐλάττους</em></strong></span> <span class='ocrx_word' id='word_1_217' title='bbox 886 2235 1142 2307; x_wconf 88' lang='grc' dir='ltr'><strong><em>ποιήσειν</em></strong></span> <span class='ocrx_word' id='word_1_218' title='bbox 1157 2240 1274 2292; x_wconf 73' lang='grc' dir='ltr'><strong><em>τῶν</em></strong></span> <span class='ocrx_word' id='word_1_219' title='bbox 1289 2233 1342 2291; x_wconf 91' lang='grc' dir='ltr'><strong><em>τ’</em></strong></span> <span class='ocrx_word' id='word_1_220' title='bbox 1373 2229 1449 2291; x_wconf 83' lang='grc' dir='ltr'><strong><em>αὖ</em></strong></span> <span class='ocrx_word' id='word_1_221' title='bbox 1467 2241 1575 2291; x_wconf 88' lang='grc' dir='ltr'><strong><em>νῦν</em></strong></span> <span class='ocrx_word' id='word_1_222' title='bbox 1594 2254 1741 2306; x_wconf 89' lang='grc' dir='ltr'><strong><em>παρ-</em></strong></span> <span class='ocrx_word' id='word_1_223' title='bbox 1769 2249 1805 2291; x_wconf 88' lang='lat' dir='ltr'>D</span> 
     </span>
     <span class='ocr_line' id='line_1_27' title="bbox 47 2313 1740 2390; baseline -0.002 -14"><span class='ocrx_word' id='word_1_224' title='bbox 47 2319 235 2376; x_wconf 86' lang='grc' dir='ltr'><strong><em>όντων</em></strong></span> <span class='ocrx_word' id='word_1_225' title='bbox 273 2319 362 2374; x_wconf 79' lang='grc' dir='ltr'><strong><em>ἐπὶ</em></strong></span> <span class='ocrx_word' id='word_1_226' title='bbox 396 2317 459 2374; x_wconf 86' lang='grc' dir='ltr'>τό</span> <span class='ocrx_word' id='word_1_227' title='bbox 489 2321 709 2389; x_wconf 81' lang='grc' dir='ltr'><strong><em>βέλτιον</em></strong></span> <span class='ocrx_word' id='word_1_228' title='bbox 746 2317 1071 2390; x_wconf 85' lang='grc' dir='ltr'><strong><em>μεταβολάς,</em></strong></span> <span class='ocrx_word' id='word_1_229' title='bbox 1100 2319 1228 2389; x_wconf 79' lang='grc' dir='ltr'><strong><em>περὶ</em></strong></span> <span class='ocrx_word' id='word_1_230' title='bbox 1255 2317 1316 2374; x_wconf 75' lang='grc' dir='ltr'><strong><em>δὲ</em></strong></span> <span class='ocrx_word' id='word_1_231' title='bbox 1356 2315 1423 2372; x_wconf 78' lang='grc' dir='ltr'><strong><em>τὰ</em></strong></span> <span class='ocrx_word' id='word_1_232' title='bbox 1451 2313 1643 2388; x_wconf 78' lang='grc' dir='ltr'><strong><em>ἀγαθοὶ</em></strong></span> <span class='ocrx_word' id='word_1_233' title='bbox 1672 2315 1740 2372; x_wconf 77' lang='grc' dir='ltr'><strong><em>τοὶ</em></strong></span> 
     </span>
     <span class='ocr_line' id='line_1_28' title="bbox 46 2397 1736 2472; baseline -0.004 -13"><span class='ocrx_word' id='word_1_234' title='bbox 46 2402 272 2459; x_wconf 72' lang='grc' dir='ltr'><strong><em>ἐναντία</em></strong></span> <span class='ocrx_word' id='word_1_235' title='bbox 306 2398 526 2455; x_wconf 89' lang='grc' dir='ltr'><strong><em>τούτων</em></strong></span> <span class='ocrx_word' id='word_1_236' title='bbox 554 2397 639 2456; x_wconf 77' lang='grc' dir='ltr'><strong><em>ἀεὶ</em></strong></span> <span class='ocrx_word' id='word_1_237' title='bbox 673 2397 840 2456; x_wconf 89' lang='grc' dir='ltr'><strong><em>πάντ’</em></strong></span> <span class='ocrx_word' id='word_1_238' title='bbox 876 2397 1066 2466; x_wconf 79' lang='grc' dir='ltr'><strong><em>αὐτοῖς</em></strong></span> <span class='ocrx_word' id='word_1_239' title='bbox 1095 2398 1587 2472; x_wconf 87' lang='grc' dir='ltr'><strong><em>παραγενήσεσθαι</em></strong></span> <span class='ocrx_word' id='word_1_240' title='bbox 1619 2398 1736 2470; x_wconf 87' lang='grc' dir='ltr'><strong><em>μετ’</em></strong></span> 
     </span>
     <span class='ocr_line' id='line_1_29' title="bbox 0 2472 1743 2555; baseline -0.001 -17"><span class='ocrx_word' id='word_1_241' title='bbox 0 2507 1 2518; x_wconf 64' lang='lat'>2</span> <span class='ocrx_word' id='word_1_242' title='bbox 51 2472 267 2553; x_wconf 69' lang='grc' dir='ltr'><strong><em>ὖγαθῆς</em></strong></span> <span class='ocrx_word' id='word_1_243' title='bbox 293 2480 475 2554; x_wconf 83' lang='grc' dir='ltr'><strong><em>τύχης.</em></strong></span> <span class='ocrx_word' id='word_1_244' title='bbox 509 2480 737 2548; x_wconf 80' lang='grc' dir='ltr'><strong><em>ταύταις</em></strong></span> <span class='ocrx_word' id='word_1_245' title='bbox 765 2479 835 2555; x_wconf 81' lang='grc' dir='ltr'><strong><em>δὴ</em></strong></span> <span class='ocrx_word' id='word_1_246' title='bbox 864 2493 983 2548; x_wconf 73' lang='grc' dir='ltr'><strong><em>ταῖς</em></strong></span> <span class='ocrx_word' id='word_1_247' title='bbox 1010 2484 1224 2539; x_wconf 79' lang='grc' dir='ltr'><strong><em>ἐλπίσιν</em></strong></span> <span class='ocrx_word' id='word_1_248' title='bbox 1253 2483 1489 2539; x_wconf 73' lang='grc' dir='ltr'><strong><em>ἕκαστον</em></strong></span> <span class='ocrx_word' id='word_1_249' title='bbox 1515 2478 1619 2554; x_wconf 85' lang='grc' dir='ltr'><strong><em>χρὴ</em></strong></span> <span class='ocrx_word' id='word_1_250' title='bbox 1642 2485 1743 2553; x_wconf 81' lang='grc' dir='ltr'><strong><em>ζῇν</em></strong></span> 
     </span>
     <span class='ocr_line' id='line_1_30' title="bbox 53 2559 1742 2636; baseline 0.001 -20"><span class='ocrx_word' id='word_1_251' title='bbox 53 2559 148 2616; x_wconf 68' lang='grc' dir='ltr'><strong><em>καὶ</em></strong></span> <span class='ocrx_word' id='word_1_252' title='bbox 168 2560 645 2636; x_wconf 71' lang='grc' dir='ltr'><strong><em>τισςῦπομνήσεσι</em></strong></span> <span class='ocrx_word' id='word_1_253' title='bbox 664 2563 895 2621; x_wconf 90' lang='grc' dir='ltr'><strong><em>πάντων</em></strong></span> <span class='ocrx_word' id='word_1_254' title='bbox 913 2571 1027 2621; x_wconf 77' lang='grc' dir='ltr'><strong><em>ταῖν</em></strong></span> <span class='ocrx_word' id='word_1_255' title='bbox 1043 2562 1333 2635; x_wconf 86' lang='grc' dir='ltr'><strong><em>τοιούτων,</em></strong></span> <span class='ocrx_word' id='word_1_256' title='bbox 1355 2563 1528 2636; x_wconf 75' lang='grc' dir='ltr'><strong><em>μηδὲν</em></strong></span> <span class='ocrx_word' id='word_1_257' title='bbox 1546 2562 1742 2635; x_wconf 91' lang='grc' dir='ltr'><strong><em>φειδό-</em></strong></span> 
     </span>
     <span class='ocr_line' id='line_1_31' title="bbox 55 2640 1742 2718; baseline 0.002 -21"><span class='ocrx_word' id='word_1_258' title='bbox 55 2661 247 2712; x_wconf 85' lang='grc' dir='ltr'><strong><em>μενον,</em></strong></span> <span class='ocrx_word' id='word_1_259' title='bbox 263 2640 388 2701; x_wconf 79' lang='grc' dir='ltr'><strong><em>άλλ’</em></strong></span> <span class='ocrx_word' id='word_1_260' title='bbox 407 2642 495 2705; x_wconf 69' lang='grc' dir='ltr'><strong><em>ἀεὶ</em></strong></span> <span class='ocrx_word' id='word_1_261' title='bbox 520 2646 661 2703; x_wconf 85' lang='grc' dir='ltr'><strong><em>κατά</em></strong></span> <span class='ocrx_word' id='word_1_262' title='bbox 690 2668 749 2703; x_wconf 85' lang='grc' dir='ltr'><strong><em>τε</em></strong></span> <span class='ocrx_word' id='word_1_263' title='bbox 779 2645 1003 2714; x_wconf 79' lang='grc' dir='ltr'><strong><em>παιδιὰς</em></strong></span> <span class='ocrx_word' id='word_1_264' title='bbox 1029 2648 1120 2704; x_wconf 85' lang='grc' dir='ltr'><strong><em>καὶ</em></strong></span> <span class='ocrx_word' id='word_1_265' title='bbox 1151 2645 1399 2713; x_wconf 88' lang='grc' dir='ltr'><strong><em>σπουδας</em></strong></span> <span class='ocrx_word' id='word_1_266' title='bbox 1426 2644 1742 2718; x_wconf 82' lang='grc' dir='ltr'><strong><em>ἀναμιμνή-</em></strong></span> 
     </span>
     <span class='ocr_line' id='line_1_32' title="bbox 53 2724 1098 2802; baseline 0.009 -24"><span class='ocrx_word' id='word_1_267' title='bbox 53 2739 260 2779; x_wconf 80' lang='grc' dir='ltr'><strong><em>σκοντα</em></strong></span> <span class='ocrx_word' id='word_1_268' title='bbox 276 2724 468 2793; x_wconf 68' lang='grc' dir='ltr'><strong><em>δηρόν</em></strong></span> <span class='ocrx_word' id='word_1_269' title='bbox 482 2749 541 2784; x_wconf 77' lang='grc' dir='ltr'><strong><em>τε</em></strong></span> <span class='ocrx_word' id='word_1_270' title='bbox 558 2731 651 2787; x_wconf 75' lang='grc' dir='ltr'><strong><em>καὶ</em></strong></span> <span class='ocrx_word' id='word_1_271' title='bbox 670 2728 872 2788; x_wconf 78' lang='grc' dir='ltr'><strong><em>ἑαυτὸν</em></strong></span> <span class='ocrx_word' id='word_1_272' title='bbox 891 2736 1098 2802; x_wconf 75' lang='grc' dir='ltr'><strong><em>σαφῶς.</em></strong></span> 
     </span>
    </p>

    <p class='ocr_par' dir='ltr' id='par_1_5' title="bbox 194 2801 1740 2884">
     <span class='ocr_line' id='line_1_33' title="bbox 194 2801 1740 2884; baseline 0.003 -26"><span class='ocrx_word' id='word_1_273' title='bbox 194 2809 251 2859; x_wconf 86' lang='lat' dir='ltr'><strong><em>V.</em></strong></span> <span class='ocrx_word' id='word_1_274' title='bbox 291 2809 421 2862; x_wconf 85' lang='grc' dir='ltr'><strong><em>Νῦν</em></strong></span> <span class='ocrx_word' id='word_1_275' title='bbox 437 2801 544 2865; x_wconf 76' lang='grc' dir='ltr'><strong><em>οὖν</em></strong></span> <span class='ocrx_word' id='word_1_276' title='bbox 560 2809 630 2883; x_wconf 82' lang='grc' dir='ltr'><strong><em>δη</em></strong></span> <span class='ocrx_word' id='word_1_277' title='bbox 650 2813 777 2884; x_wconf 82' lang='grc' dir='ltr'><strong><em>περὶ</em></strong></span> <span class='ocrx_word' id='word_1_278' title='bbox 794 2810 897 2883; x_wconf 71' lang='grc' dir='ltr'><strong><em>μὲν</em></strong></span> <span class='ocrx_word' id='word_1_279' title='bbox 914 2809 1379 2883; x_wconf 86' lang='grc' dir='ltr'><strong><em>ἐπιτηδευμάτων,</em></strong></span> <span class='ocrx_word' id='word_1_280' title='bbox 1399 2804 1490 2865; x_wconf 86' lang='grc' dir='ltr'><strong><em>οἷα</em></strong></span> <span class='ocrx_word' id='word_1_281' title='bbox 1507 2808 1612 2879; x_wconf 82' lang='grc' dir='ltr'><strong><em>χρὴ</em></strong></span> <span class='ocrx_word' id='word_1_282' title='bbox 1630 2809 1740 2863; x_wconf 69' lang='grc' dir='ltr'><strong><em>ἐπι</em></strong></span> 
     </span>
    </p>
   </div>
  </div>
 </body>
</html>
