1976 3172
251 172 356 224 110
868 175 1342 226 ΠΛΑΤΩΝΟΣ

389 311 508 362 ΑΘ.
555 304 674 378 Τὴν
691 307 919 379 δημωδη
937 329 1020 378 γε,
1049 331 1092 364 ω
1113 303 1359 381 Κλεινία,
1382 314 1474 367 καὶ
1504 310 1608 384 οὐχ
1633 312 1709 385 ἤν
1733 335 1813 381 τις
1844 335 1939 374 σε·-

198 388 482 461 μνύινων
501 384 574 444 ἂν
593 391 763 460 λέγοι,
789 390 1069 462 φρόνησιν
1087 392 1562 464 προσαναγκάζων
1583 394 1724 452 εἶναι
1740 394 1803 454 τὸ
1824 414 1939 455 σω-

249 479 502 543 φρονεῖν’,
539 469 663 528 ἄλλ’
709 470 855 544 ὅπερ
884 470 1063 539 εὐθὺς
1098 477 1255 531 παισὶ
1293 477 1388 532 καὶ
1421 483 1658 550 θηρίοις,
1692 492 1806 547 τοῖς
1834 483 1938 552 μὲν

247 552 499 622 ἅκρατως
525 556 669 624 ἔχειν
696 554 836 627 πρὸς
851 552 949 620 τὰς
978 552 1202 628 ἡδονάς,
1233 559 1526 631 ξύμφυτον
1554 564 1803 638 ἐπανθεῖ,
1824 574 1939 627 τοῖς

188 643 219 683 Β
249 636 311 691 δὲ
356 637 660 707 ἐγκρατως·
715 634 748 694 ὂ
792 639 886 693 καὶ
924 639 1279 711 μονούμενον
1315 646 1526 714 ἔφαμεν
1560 666 1676 700 των
1711 651 1938 702 πολλῶν

225 711 486 786 ἆγαθων
511 719 828 789 λεγομένων
864 716 969 775 οὐκ
998 718 1159 787 α’ξιον
1195 722 1338 781 εἶναι
1365 725 1554 795 λόγου.
1590 729 1735 797 ἔχετε
1762 724 1871 797 γὰρ
1902 724 1934 783 ὃ

245 800 389 867 λέγω
408 819 536 854 που.

386 883 507 934 KA.
546 878 717 935 Πάνυ
735 882 839 951 μὲν
858 877 981 938 οὖν.

385 966 505 1015 ΑΘ.
551 961 774 1032 Ταύτην
811 968 1007 1019 τοίνυν
1044 963 1180 1035 ἡμῖν
1225 965 1254 1021 ὁ
1292 966 1571 1038 τύραννος
1611 968 1716 1041 τὴν
1758 970 1976 1041 φύσιν

1971 903 1976 936 1

242 1043 406 1110 ἐχέτω
426 1039 569 1111 πρὸς
588 1044 824 1108 ἐκείναις
841 1056 958 1109 ταῖς
983 1045 1244 1117 φύσεσιν,
1265 1051 1315 1103 εί
1329 1051 1513 1119 μέλλει
1540 1051 1700 1117 πόλις
1729 1075 1802 1119 ως
1833 1043 1976 1110 δυ-’1
1975 1119 1976 1125 ¹

238 1123 415 1179 νατόν
459 1126 575 1179 ἐστι
617 1125 845 1196 τάχιστα
886 1129 980 1182 καὶ
1014 1126 1212 1198 ἄριστα
1257 1130 1480 1200 σχήσειν
1525 1139 1824 1207 πολιτείαν,
1863 1134 1936 1207 ἢν

243 1210 495 1276 λαβοῦσα
515 1203 983 1278 εὐδαιμονέστατα
1002 1210 1189 1277 διάξει.
1235 1211 1464 1268 θάττων
1475 1211 1614 1314 γὰρ
1618 1215 1822 1289 ταύτης
1841 1219 1936 1276 καὶ

241 1284 489 1357 ἀμείνων
515 1294 794 1356 πολιτείας
823 1290 1074 1358 διάθεσις
1101 1289 1223 1348 ουτ’
1251 1296 1403 1349 ἔστιν
1432 1293 1550 1351 οὔτ’
1578 1319 1651 1353 αν
1679 1318 1811 1355 ποτε
1839 1301 1935 1370 γε’-

240 1389 407 1424 νοιτο.

355 1455 498 1506 ..KA
528 1457 662 1518 Πῶς
680 1452 746 1525 δὴ
768 1457 862 1510 καὶ
888 1458 996 1509 τίνι
1022 1454 1172 1529 λόγω
1202 1462 1388 1527 τοῦτο,
1413 1479 1456 1512 ω
1489 1459 1627 1528 ξένε,
1652 1462 1898 1532 λέγων”
1859 1487 1933 1520 αν

183 1544 214 1586 c
243 1552 323 1595 τις
341 1528 530 1603 ὀρθως
548 1538 731 1604 λέγειν
749 1534 926 1593 αὑτὸν
943 1542 1158 1592 πείθοι·
1143 1579 1158 1604 ,

381 1621 499 1671 ΛΘ.
537 1613 754 1689 Ῥάδιόν
787 1638 899 1674 που
930 1619 1096 1674 τοῦτό
1131 1641 1195 1689 γε
1239 1632 1392 1675 νοεῖν
1428 1620 1561 1694 ἐστ’,
1601 1645 1644 1678 ω
1682 1629 1930 1699 Κλεινία,

237 1693 376 1751 κατὰ
399 1696 574 1766 φύσιν
594 1721 668 1764 ως
688 1704 803 1756 ἔστι
822 1699 987 1756 τοῦθ’
1017 1721 1211 1766 ουτως.

380 1784 499 1833 KA.
538 1785 671 1845 Πως
708 1784 907 1852 λέγεις;
956 1788 1008 1839 εἰ
1041 1781 1318 1854 τύραννος
1348 1787 1584 1859 γένοιτο,
1620 1787 1747 1861 φῄς,
1786 1793 1929 1860 νέος,

238 1859 502 1930 σώφρων,
529 1859 800 1935 εὐμαθής,
832 1863 1084 1964 μνήμων,
1115 1862 1385 1937 ἀνδρεῖος,
1407 1870 1857 1942 μεγαλοπρεπής;

351 1948 495 1999 ΑΘ.
533 1942 805 2017 Εὐτυχής,
827 1945 1090 2018 πρόσθες,
1111 1946 1186 2018 μὴ
1209 1946 1332 2003 κατ’
1356 1946 1510 2020 αλλο,
1529 1948 1669 2007 ἄλλα
1687 1950 1749 2007 τὸ
1769 1956 1929 2023 γενέ-

235 2030 373 2079 σθαι
407 2045 466 2079 τε
502 2022 589 2081 ἐπ’
627 2025 803 2084 αὐτοῦ
837 2031 1155 2129 νομοθέτην
1192 2027 1350 2095 άξιον
1386 2032 1620 2087 ἐπαίνου
1666 2039 1766 2089 καί
1796 2056 1922 2090 τινα

164 2125 200 2166 D
235 2106 411 2176 τύχην
445 2110 522 2172 εἰς
548 2106 756 2165 ταύτὸν
779 2108 1014 2182 άγαγεϊν
1042 2110 1210 2183 αὐτῷ.
1249 2114 1558 2183 γενομένου
1581 2112 1690 2185 γὰρ
1720 2115 1927 2184 τούτου

231 2187 417 2241 πάντα
435 2187 636 2258 σχεδὸν
664 2189 1025 2263 α’πείργασται
1049 2199 1129 2266 τῷ
1155 2199 1295 2268 θεω,
1325 2192 1467 2264 ἅπερ
1498 2193 1635 2252 ὅταν
1664 2202 1957 2270 βουληθῇ,

233 2270 612 2339 διαφερόντως
632 2267 699 2327 εὖ
717 2279 925 2343 πρᾶξαί
937 2298 1063 2333 τινα
1082 2276 1271 2333 πόλιν·
1294 2277 1560 2349 δεύτερον
1578 2282 1656 2350 δέ,
1677 2278 1775 2335 ἐάν
1793 2286 1929 2337 ποτέ
1957 2290 1960 2297 ’

231 2372 378 2417 τινες
397 2351 546 2407 δύο’
523 2352 787 2424 άρχοντες
801 2363 1103 2427 γίγνωνται
1133 2366 1396 2431 τοιοῦτοι,
1429 2366 1616 2430 τρίτον
1642 2360 1698 2416 δ’
1728 2384 1803 2416 αυ
1829 2365 1924 2418 καὶ
1955 2362 1957 2415 ζ

230 2430 372 2489 κατὰ
400 2432 574 2504 λόγον
604 2432 867 2502 ωσαύτως
883 2439 1284 2510 χαλεπώτερον,
1317 2438 1434 2513 ὅσω
1461 2446 1702 2511 πλείους,
1733 2459 1847 2514 οσω
1869 2442 1921 2498 δ’

232 2516 504 2587 ἐναντίον,
524 2519 801 2583 ἐναντίως.

370 2603 488 2654 KA.
520 2595 611 2655 Ἐκ
629 2600 1010 2670 τυραννίδος’
979 2606 1211 2675 αρίστην
1231 2600 1340 2676 φῂς
1359 2607 1624 2673 γενέσθαι
1643 2604 1867 2661 πόλιν”
1828 2628 1919 2680 αν,

231 2701 304 2749 ως
323 2686 527 2752 φαίνει,
559 2681 693 2753 μετὰ
723 2684 1042 2755 νομοθέτου
1075 2707 1140 2756 γε
1175 2684 1356 2758 α’κρου
1383 2687 1473 2743 καὶ
1502 2687 1791 2757 τυράννου
1819 2710 1920 2745 κο·-
1950 2692 1954 2729 ³

229 2766 411 2835 σμίου,
431 2765 575 2819 καῖ’
542 2764 727 2845 ρᾷστά
735 2786 795 2822 τε
825 2767 918 2824 καὶ
941 2767 1150 2839 τάχιστ’
1182 2766 1255 2824 ἄν
1282 2775 1614 2841 μεταβαλεῖν
1646 2775 1722 2837 εἰς
1751 2777 1916 2828 τοῦτο
