1976 3172
274 108 380 161 224
892 108 1372 158 ΠΛΑΤΩΝΟΣ

275 241 545 314 φυλάξειν
575 248 764 297 πᾶσαν
791 239 957 297 πόλιν
993 239 1252 313 ἀκριβῶς.
1287 240 1351 297 τὸ
1389 242 1498 314 γὰρ
1526 241 1666 316 ὅλην
1693 248 1963 303 διατελεῖν

273 322 541 395 ἡντινοῦν
560 324 740 380 νύκτα
759 321 996 379 εὕδοντα
1020 323 1112 378 καὶ
1138 321 1402 380 ὁντινοῦν
1428 330 1544 380 τῶν
1577 332 1838 398 πολιτῶν,
1869 330 1965 384 καὶ

157 424 245 470 808
273 404 347 477 μὴ
369 404 621 476 φανερὸν
642 404 784 461 εἶναι
810 411 947 460 πᾶσι
980 415 1094 470 τοῖς
1130 407 1364 471 οἰκέταις
1392 408 1748 479 ἐγειρόμενόν
1782 429 1843 465 τε
1870 412 1965 467 καὶ

273 487 701 559 ἐξανιστάμενον
734 485 818 543 ἀεὶ
857 493 1098 572 πρῶτον,
1135 494 1301 544 τοῦτο
1325 489 1557 563 αἰσχρὸν
1582 496 1670 548 δεῖ
1701 493 1969 563 δεδόχθαι

272 576 407 625 πᾶσι
426 572 518 625 καὶ
538 568 642 626 οὐκ
661 572 986 642 ἐλευθέρου,
1021 569 1124 625 εἴτ’
1143 564 1250 625 οὖν
1278 572 1458 643 νόμον
1490 571 1590 630 εἴτ’
1608 574 1976 646 «τέσιειτήδευμαΙ

271 652 333 708 τό
357 659 617 723 τοιοῦτον
635 661 827 710 καλεῖν
846 655 960 709 ἐστὶ
986 654 1192 724 χρεῶν·
1228 660 1321 712 καὶ
1351 656 1420 728 δὴ
1450 660 1542 713 καὶ
1568 662 1868 715 δέσποιναν
1901 663 1976 715 ἐν

271 739 419 807 οἰκία
439 732 549 790 ὑπὸ
570 720 988 811 θεραπαινίδων
1006 739 1322 808 ἐγείρεσθαί
1331 760 1504 795 τινων
1521 743 1615 796 καὶ
1638 740 1714 812 μὴ
1736 741 1966 811 πρῶτην

272 813 451 885 αὐτὴν
478 817 710 884 ἐγείρειν
745 838 844 879 τας
878 815 1066 885 άλλας,
1096 818 1327 889 αἰσχρὸν
1355 822 1537 890 λέγειν
1563 822 1668 893 χρὴ
1688 824 1829 892 πρὸς
1857 821 1965 876 αὖ*

270 896 402 960 τοὺς
426 895 634 951 δοῦλόν
652 917 711 951 τε
739 898 832 951 καὶ
862 897 1074 967 δούλην
1096 900 1190 952 καὶ
1217 903 1385 954 παῖδα
1402 902 1494 956 καὶ
1514 910 1567 957 εἴ
1590 922 1708 968 πως
1740 897 1814 973 ἦν
1843 899 1966 957 οἶόν

270 999 329 1033 τε
348 976 487 1049 ὅλην
515 979 607 1033 καὶ
631 983 820 1033 πᾶσαν
854 975 958 1049 τὴν
994 981 1191 1034 οἰκίαν.
1229 980 1614 1050 ἐγειρομένους
1647 985 1710 1038 δὲ
1735 984 1961 1053 νύκτωρ

210 1074 244 1115 Β
275 1063 362 1115 δεῖ
385 1059 597 1124 πάντας
632 1057 895 1130 πράττειν
928 1064 1044 1114 τῶν
1070 1080 1130 1114 τε
1164 1065 1464 1117 πολιτικῶν
1487 1065 1624 1134 μέρη
1663 1062 1840 1118 πολλα
1873 1064 1967 1118 καὶ

271 1148 386 1198 τῶν
405 1141 842 1213 οἰκονομικῶν,’
818 1141 1088 1213 άρχοντας
1106 1143 1208 1213 μὲν
1223 1140 1362 1197 κατὰ
1385 1142 1568 1214 πόλιν,
1591 1147 1887 1209 δεσποίνας
1906 1143 1965 1200 δε

271 1226 363 1281 καὶ
382 1223 651 1288 δεσπότας
669 1225 732 1280 ἐν
751 1226 914 1289 ἰδίαις
936 1219 1144 1288 οἰκίαις.
1177 1243 1359 1289 υπνος
1385 1222 1494 1295 γὰρ
1525 1223 1591 1297 δὴ
1628 1223 1803 1290 πολὺς
1835 1222 1976 1280 οὔτε

271 1317 386 1372 τοῖς
419 1305 673 1378 σώμασιν
709 1302 840 1362 οὔτε
867 1315 985 1370 ταῖς
1010 1315 1211 1376 ψυχαῖς
1229 1302 1390 1377 ἡμῶν
1408 1303 1535 1361 οὐδ’
1567 1309 1640 1361 αὐ
1672 1318 1791 1372 ταῖς
1818 1305 1976 1377 πρά-

272 1394 387 1456 ξεσι
421 1400 540 1454 ταῖς
577 1390 704 1458 περὶ
731 1393 908 1444 ταῦτα
933 1388 1117 1443 πάντα
1143 1385 1436 1461 ἁρμόττων
1465 1391 1579 1445 ἐστὶ
1596 1388 1736 1444 κατὰ
1770 1389 1974 1459 φύσινλ

272 1470 576 1527 καθεύδων
611 1490 720 1541 γαρ
751 1467 933 1534 οὐδεὶς
970 1467 1202 1534 ουδενός
1231 1469 1398 1540 άξιος,
1429 1470 1599 1527 ουδὲν
1628 1477 1840 1542 μᾶλλον
1862 1453 1973 1606 tofi

273 1550 346 1623 μὴ
388 1557 617 1618 ζῶντος·
655 1550 775 1607 ἀλλ’
819 1550 968 1616 ὅστις
991 1557 1095 1607 τοῦ
1131 1556 1231 1622 ζῇν
1266 1550 1429 1622 ἡμῶν
1464 1554 1556 1607 καὶ
1590 1557 1693 1607 τοῦ
1730 1563 1934 1622 φρονεῖ
1966 1614 1969 1623 Δ

270 1635 508 1707 μάλιστά
528 1638 642 1690 ἐστι
669 1635 945 1706 κηδεμών,
962 1634 1231 1707 ἐγρήγορε
1248 1635 1456 1707 χρόνον
1484 1634 1557 1701 ῶς
1588 1642 1862 1707 πλεῖστον,
1899 1633 1969 1693 τὰ

213 1736 246 1778 c
272 1712 412 1789 πρδς
431 1714 648 1788 ὑγίειαν
678 1714 858 1772 αὐτοῦ
885 1717 1065 1789 μόνον
1094 1717 1396 1787 φυλάττων
1423 1718 1720 1791 χρήσιμον·
1759 1722 1872 1775 ἔστι
1907 1714 1968 1772 δ’.·’

271 1798 341 1855 οὐ
372 1798 535 1870 πολύ,
574 1804 756 1864 καλῶς
782 1804 858 1864 εἰς
892 1803 1025 1865 ἔθος
1057 1799 1161 1856 ἰόν.
1210 1799 1572 1871 ἐγρηγορότες
1606 1803 1666 1855 δὲ
1702 1799 1966 1871 ἄρχοντες

270 1885 332 1938 ἐν
362 1881 558 1938 πόλεσι
593 1882 816 1951 νύκτωρ
847 1883 1081 1955 φοβεροὶ
1108 1881 1212 1952 μὲν
1241 1893 1432 1947 κακοῖς
1452 1886 1732 1953 πολεμίοις
1758 1902 1817 1937 τε
1849 1879 1976 1963 ἅμαῇ

270 1966 362 2021 καὶ
397 1969 660 2034 πολίταις,
696 1960 926 2035 ἀγαστοὶ
963 1967 1024 2019 δὲ
1049 1965 1143 2018 καὶ
1169 1968 1339 2035 τίμιοι
1357 1973 1472 2029 τοῖς
1509 1966 1738 2027 δικαίοις
1773 1983 1832 2018 τε
1867 1962 1976 2023 ocal!

271 2046 578 2119 σώφροσιν,
600 2044 870 2118 ὠφέλιμοι
889 2047 948 2102 δὲ
968 2042 1156 2110 αὑτοῖς
1173 2066 1232 2101 τε
1252 2046 1347 2102 καὶ
1368 2044 1627 2119 ξυμπάσῃ
1645 2051 1713 2117 τῇ
1733 2043 1906 2100 πόλει.
1957 2064 1963 2091 t

410 2132 538 2184 XIV.
576 2125 700 2194 Ννξ
724 2127 828 2199 μὲν
849 2125 917 2198 δὴ
950 2128 1249 2227 διαγομένη
1280 2127 1510 2199 τοιαύτη
1547 2149 1626 2192 τις
1653 2124 1793 2211 πρὸς
1826 2132 1962 2182 πᾶσι

269 2221 382 2274 τοῖς
430 2212 738 2282 εἰρημένοις
783 2208 1049 2282 ἀνδρείαν
1093 2210 1167 2265 ἄν
1201 2231 1327 2266 τινα
1374 2212 1808 2280 προσπαρέχοιτο
1845 2217 1961 2272 ταῖς

268 2300 468 2360 ψυχαῖς
485 2290 734 2347 ἑκάστων
754 2296 869 2346 τῶν
889 2294 951 2347 ἐν
974 2302 1092 2356 ταῖς
1120 2285 1374 2347 πόλεσιν·
1409 2290 1617 2363 ημέρας
1653 2290 1712 2346 δε
1741 2289 1963 2358 ὄρθρου

214 2392 247 2432 D
277 2392 335 2426 τε
352 2371 702 2428 ἐπανιόντων
720 2375 920 2436 παῖδας
937 2372 1040 2442 μὲν
1056 2371 1197 2441 πρὸς
1223 2372 1591 2435 διδασκάλους
1626 2389 1736 2424 που
1754 2371 1959 2438 ’τρέπε-

270 2461 409 2510 σθαι
434 2451 629 2524 χρεῶν,
651 2451 789 2509 ἄνευ
826 2453 1087 2523 ποιμένος
1117 2451 1178 2507 δὲ
1211 2451 1341 2507 οὔτε
1377 2451 1629 2524 πρόβατα
1658 2447 1777 2506 οὔτ’
1821 2448 1961 2514 ἄλλο

272 2536 441 2591 οὐδέν
459 2555 547 2590 πω
567 2537 813 2607 βιωτέον,
833 2533 966 2590 οὐδὲ
994 2532 1060 2605 δὴ
1083 2538 1279 2600 παῖδας
1304 2534 1444 2591 ἄνευ
1474 2539 1646 2589 τινῶν
1674 2535 1954 2602 παιδαγω-

270 2624 388 2688 γῶν
409 2615 541 2673 οὐδὲ
567 2617 806 2682 δούλους
825 2616 963 2673 ἄνευ
983 2619 1283 2672 δεσποτῶν.
1323 2614 1351 2673 ὁ
1375 2617 1435 2673 δὲ
1453 2626 1582 2681 παῖς
1599 2613 1827 2670 πάντων
1845 2620 1960 2683 θη·-

272 2704 410 2770 ρίων
438 2701 550 2756 ἐστὶ
585 2698 1258 2772 δυσμεταχειριστότατον·
1293 2698 1408 2773 ὅσῳ
1438 2697 1544 2770 γὰρ
1574 2698 1811 2768 μάλιστα
1849 2699 1932 2765 ἔχε

270 2784 454 2854 πηγὴν
483 2790 587 2840 τοῦ
616 2795 848 2856 φρονεῖν
875 2784 1040 2857 μήπω
1071 2784 1508 2856 κατηρτυμένην,
1540 2784 1841 2854 ἐπίβουλον
1865 2778 1956 2836 καὶ
