1976 3172
278 111 384 163 384
894 107 1369 156 ΠΛΑΤΩΝΟΣ

205 253 247 293 -E
283 244 486 308 λύντας
522 246 701 298 πίλων
733 262 790 296 τε
835 243 926 296 καὶ
962 239 1337 311 ὑποδημάτων
1377 245 1597 312 γένεσιν
1631 245 1723 298 καὶ
1767 242 1965 312 φύσιν·

279 331 455 382 ταῦτα
473 321 582 396 γὰρ
602 321 917 395 ἀκρωτήρια
936 320 1072 378 ὄντα
1084 322 1227 388 σωζό
1229 322 1370 394 μενά
1387 343 1446 378 τε
1459 327 1567 394 ἔχει
1586 329 1848 396 μεγίστην
1866 323 1971 378 δύ-

277 427 448 479 ναμιν
474 403 682 471 παντὸς
700 411 802 461 τοῦ
826 404 1078 475 σώματος
1106 406 1196 461 καὶ
1219 402 1551 461 τούναντίον
1571 407 1858 476 ἐναντίως,
1878 406 1970 460 καὶ

278 488 340 547 τὸ
361 487 464 560 μὲν
488 486 970 558 ὑπηρετικώτατον
988 485 1192 542 ἅπαντι
1217 492 1296 561 τῷ
1316 487 1545 558 στόματι,
1570 486 1631 543 τὸ
1655 491 1715 543 δὲ
1733 485 1971 558 ἀρχικώ-

280 590 466 641 τατον,
496 573 623 640 ἔχου
651 567 749 634 τὰς
778 573 974 640 κυρίας
1013 565 1229 632 ἁπάσας
1261 568 1552 640 αἰσθήσεις
1579 567 1754 624 αὐτοῦ
1786 567 1971 638 φύσει.

163 663 251 715 943
284 657 514 710 ἔπαινον
532 650 634 722 μὲν
663 650 728 721 δὴ
750 657 952 706 τοῦτον
974 646 1202 706 ἀκούειν
1225 647 1327 706 τὸν
1345 651 1476 707 νέον
1493 656 1635 722 χρῆν
1662 653 1848 706 δοκεῖν
1867 667 1972 704 πο-

279 738 512 804 λεμικοῦ
541 733 667 802 περὶ
693 735 839 800 βίου,
873 731 1084 802 νόμους
1112 728 1167 786 δ’
1201 725 1274 786 αὖ
1304 730 1533 788 τούσδε·
1568 729 1972 803 στρατεύεσθαι

278 811 381 870 τὸν
398 814 771 881 καταλεγέντα
795 807 832 880 ἢ
851 809 952 865 τόν
981 813 1044 865 ἐν
1072 812 1227 880 μέρει
1257 813 1365 867 τιυὶ
1391 816 1740 884 τεταγμένον.
1778 809 1877 867 ε’ἀν
1911 811 1976 865 δέ

279 916 360 960 τις
396 895 621 964 ἐκλείπῃ
656 892 764 947 τινὶ
797 890 943 963 κάκῃ
980 890 1055 962 μὴ
1093 899 1420 962 στρατηγῶν
1448 890 1722 964 ἀφέντων,
1752 891 1973 963 γραφάς

281 975 608 1047 ἀστρατείας
643 971 785 1029 εἶναι
813 969 954 1042 πρὸς
986 972 1118 1036 τοὺς
1155 971 1805 1044 πολεμικούςᾶρχοντας,
1835 971 1972 1028 ὅταν

279 1064 524 1115 ἔλθωσιν
543 1054 652 1111 ἀπὸ
675 1055 1072 1126 στρατοπέδου,
1101 1054 1341 1122 δικάζειν
1360 1054 1421 1111 δὲ
1447 1055 1580 1121 τοὺς
1598 1053 1973 1127 στρατεύσαν-

278 1161 374 1205 τας
394 1138 661 1203 ἑκάστους
679 1141 862 1209 χωρίς,
891 1133 1117 1202 ὁπλίτας
1138 1158 1196 1194 τε
1214 1139 1307 1193 καὶ
1337 1140 1535 1203 ἱππέας
1565 1138 1656 1193 καὶ
1684 1130 1857 1194 τάλλα
1877 1138 1973 1206 έμ-

220 1231 252 1271 Β
281 1222 514 1292 πολέμια
544 1220 747 1288 ἕκαστα
785 1215 1066 1290 ὡσαύτως,
1102 1220 1195 1276 καὶ
1232 1219 1475 1289 εἰσάγειν
1513 1215 1737 1282 ὁπλίτας
1764 1215 1867 1288 μὲν
1896 1220 1974 1282 είς

280 1301 412 1368 τοὺς
431 1299 672 1371 ὁπλίτας,
693 1303 890 1366 ἱππέας
917 1299 977 1356 δὲ
1006 1306 1082 1366 εἰς
1109 1300 1240 1366 τούς
1270 1303 1465 1365 ἱππέας
1490 1301 1582 1356 καὶ
1610 1301 1741 1365 τοὺς
1770 1297 1975 1363 ἄλλους

282 1387 342 1442 δὲ
378 1382 515 1440 κατὰ
557 1381 731 1438 ταύτὰ
768 1387 844 1447 είς
874 1383 1008 1447 τοὺς
1045 1381 1236 1437 αὑτῶν
1274 1379 1614 1453 ξυννόμους·
1657 1380 1757 1438 ε’ἀν
1799 1384 1863 1436 δέ
1892 1401 1974 1445 τις

282 1464 449 1537 ὄφλῃ,
469 1462 744 1534 ὑπάρχειν
762 1485 878 1533 μεν
881 1459 1034 1536 αὐτῷ
1045 1462 1254 1533 μήποτε
1271 1484 1367 1534 της
1386 1461 1518 1534 ὅλης
1536 1461 1811 1560 ἀριστείας
1831 1459 1971 1532 ἀγω-

280 1553 443 1618 νιστῇ
472 1548 738 1616 γενέσθαι
763 1545 901 1615 μηδὲ
929 1542 1250 1644 ἀστρατείας
1280 1543 1454 1599 άλλον
1480 1541 1810 1614 γράψασθαί
1840 1558 1974 1599 ποτε

279 1629 419 1701 μηδε
439 1627 728 1700 κατηγόρω
747 1625 965 1682 τούτων
983 1627 1108 1697 πέρι
1127 1627 1409 1697 γενέσθαι,
1430 1623 1568 1695 πρὸς
1585 1624 1801 1691 τούτοις
1821 1622 1869 1679 δ’
1895 1628 1974 1680 ἔτι

255 1784 257 1786 ,
279 1716 593 1783 προστιμᾶν
609 1707 760 1783 αὐτῷ
777 1706 837 1764 τὸ
861 1706 1280 1780 δικαστήριον,’“
1257 1707 1291 1763 o'
1308 1730 1360 1764 τι
1372 1705 1479 1780 χρὴ
1498 1715 1704 1764 παθεῖν
1722 1703 1759 1778 ἢ
1777 1704 1972 1763 ἀποτί-

278 1813 414 1847 νειν.
453 1788 588 1861 μετὰ
609 1791 668 1846 δὲ
697 1796 888 1861 ταῦτα,
919 1792 1358 1846 ἐκδικασθεισῶν
1386 1795 1501 1845 τοῖν
1529 1794 1626 1861 τῆς
1651 1786 1971 1859 ἀστρατείας

279 1876 471 1943 δικῶν,
498 1872 671 1928 πάλιν
699 1872 947 1928 ἑκάστων
976 1871 1193 1928 τούτων
1219 1870 1490 1942 ἄρχοντας
1519 1875 1742 1942 ποιῆσαι
1770 1870 1972 1936 ξύλλο-

222 1974 253 2015 c
278 1976 400 2025 γον,
421 1952 713 2025 ἀριστείων
733 1957 794 2010 δὲ
813 1957 939 2026 πέρι
958 1958 1252 2026 κρίνεσθαι
1270 1953 1371 2010 τὸν
1399 1952 1752 2025 βουλόμενον
1772 1954 1832 2008 έν
1857 1961 1972 2016 τοϊς

276 2034 467 2092 αὑτοῖν
483 2041 692 2106 ἔθνεσι,
719 2034 792 2108 μὴ
816 2037 940 2108 περὶ
961 2037 1236 2107 προτέρου
1265 2037 1509 2106 πολέμου
1528 2037 1702 2106 μηδὲν
1732 2033 1972 2105 παρεχό-

276 2138 448 2190 μενον
466 2116 603 2188 μήτε
629 2116 929 2190 τεκμήριον
949 2117 1085 2189 μήτε
1117 2117 1419 2190 μαρτύρων
1445 2115 1736 2181 πιστώσεις
1763 2115 1968 2187 λόγων,

277 2194 449 2267 αὐτῆς
469 2197 528 2253 δὲ
558 2201 683 2270 περὶ
711 2205 807 2270 τῆς
836 2204 1121 2270 στρατείας
1150 2206 1246 2271 τῆς
1275 2199 1399 2256 τότε
1434 2199 1736 2271 γενομένης
1765 2195 1966 2262 αὐτοῖς.

279 2281 560 2350 στέφανον
582 2283 642 2335 δὲ
659 2280 721 2335 τὸ
741 2281 1064 2353 νικητήριον
1083 2282 1331 2347 ἑκάστοις
1344 2280 1486 2338 εἶναι
1502 2287 1746 2338 θαλλοῦ·
1767 2285 1971 2339 τοῦτον

276 2361 340 2417 δὲ
359 2365 436 2427 εἰς
454 2359 522 2417 τά
545 2366 659 2417 τῶν
679 2370 994 2432 πολεμικῶν
1011 2371 1165 2418 θεῶν
1195 2364 1335 2431 ἱερά,
1369 2357 1451 2418 ὦν
1481 2363 1554 2418 ἅν
1581 2384 1660 2425 τις
1683 2361 1966 2431 βούληται,

277 2442 571 2513 γράψαντα
609 2441 906 2499 ἀναθεῖναι
928 2444 1237 2515 μαρτύριον
1275 2447 1351 2507 εἰς
1388 2441 1491 2513 τὴν
1525 2448 1640 2498 τῶν
1677 2441 1968 2514 ἀριστείων

278 2530 465 2592 κρίσιν
483 2524 690 2590 παντὸς
705 2531 810 2581 τοῦ
827 2530 957 2597 βίου
975 2527 1066 2581 καὶ
1083 2523 1186 2596 τὴν
1201 2530 1314 2580 τῶν
1333 2526 1610 2595 δευτέρων
1628 2527 1720 2581 καὶ
1747 2530 1964 2596 τρίτων.

212 2620 246 2659 D
279 2607 379 2663 ἐὰν
402 2604 463 2661 δὲ
481 2605 877 2679 στρατεύσηται
894 2608 998 2679 μέν
1014 2598 1112 2678 τις,
1131 2604 1205 2678 μὴ
1226 2603 1633 2679 ἀπαγαγόντων
1651 2605 1844 2664 dim-521
1863 2606 1967 2678 ἀρ-

277 2688 496 2760 χόυτων
514 2693 702 2746 οἴκαδε
727 2691 1056 2763 προαπέλθῃ
1074 2696 1175 2745 τοῦ
1203 2687 1428 2760 χρόνου,
1459 2693 1804 2755 λειποταξίου
1832 2688 1966 2744 τού-

279 2792 393 2826 των
415 2769 552 2827 εἶναι
583 2770 803 2843 γραφὰς
832 2775 893 2829 ἐν
923 2783 1035 2838 τοῖς
1062 2769 1249 2836 αὐτοῖς
1279 2766 1469 2844 οἷσπερ
1505 2776 1601 2844 τῆς
1628 2768 1962 2843 ἀστρατείας,
