1976 3172
698 175 1020 224 ΝΟΜΩΝ
1054 170 1112 238 γ’.
1678 171 1749 223 99

60 312 123 369 τὸ
154 314 215 368 δὲ
246 318 420 383 κῦρος
445 312 663 369 τούτων
697 312 916 379 γνῶναί
945 327 1005 362 τε
1032 310 1126 363 καὶ
1153 306 1269 378 ἅμα
1297 306 1507 377 γνόντα
1527 306 1751 364 δικάσαι

60 400 292 465 ζημιοῦν
309 416 368 450 τε
385 387 461 449 αὖ
482 393 583 450 τὸν
601 391 677 465 μὴ
698 388 1041 461 πειθόμενον
1059 387 1129 444 οὐ
1150 388 1346 459 σύριγξ
1364 383 1438 460 ἦν
1455 388 1591 446 οὐδέ
1603 410 1750 457 τινες

58 475 298 547 ἄμουσοι
325 476 453 548 βοαὶ
479 475 753 546 πλήθους,
784 471 1045 543 καθάπερ
1064 468 1133 527 τὰ
1154 477 1283 539 νῦν,
1314 469 1440 525 οὐδ’
1466 466 1541 526 αὖ
1559 471 1751 541 κρότοι

58 561 320 622 ἐπαίνους
337 554 716 624 ἀποδιδόντες,
746 551 887 611 ἀλλά
912 564 1026 618 τοῖς
1044 553 1148 624 μὲν
1176 552 1439 623 γεγονόσι
1467 555 1593 621 περὶ
1621 558 1750 608 παί-

58 643 251 695 δευσιν
277 640 617 710 δεδογμένον
643 636 872 694 ἀκούειν
898 629 972 708 ἦν
999 632 1188 700 αὐτοῖς
1205 631 1342 706 μετὰ
1372 639 1528 705 σιγῆς
1546 632 1639 689 διὰ
1659 635 1750 690 τέ-

55 728 205 789 λους,
223 721 378 776 παισὶ
396 722 459 776 δὲ
480 723 574 777 καὶ
592 723 964 791 παιδαγωγοῖς
981 719 1075 775 καὶ
1100 722 1181 788 τῷ
1207 721 1444 791 πλείστῳ
1474 714 1618 790 ὅχλῳ
1647 716 1751 787 ὁά-

55 805 199 874 βδου
217 802 539 874 κοσμούσης
559 799 595 874 ἡ
614 803 948 873 νουθέτησις
977 803 1240 871 ἐγίγνετο.
1287 797 1446 855 ταῦτ’
1474 791 1580 854 οὖν
1600 796 1749 854 οὕτω

54 887 398 956 τεταγμένως
411 882 621 957 ἤθελεν
638 883 909 957 ἄρχεσθαι
919 889 1035 940 τῶν
1051 886 1298 939 πολιτιὸν
1315 879 1378 936 τὸ
1402 886 1637 951 πλῆθος,
1657 880 1751 936 καὶ
1783 892 1819 934 D

52 966 128 1038 μὴ
146 972 359 1066 τολμᾷν
373 972 588 1036 κρίνειν
608 964 700 1022 διὰ
717 966 1007 1039 θορύβου·
1028 962 1164 1037 μετὰ
1186 964 1439 1022 δὲταῦτα
1456 961 1750 1034 προϊόντος

50 1055 158 1103 τοῦ
173 1049 386 1119 χρόνου
407 1049 669 1120 ἄρχοντες
686 1047 790 1120 μὲν
816 1055 917 1121 τῆς
933 1045 1192 1119 ἀμούσου
1219 1048 1567 1116 παρανομίας
1583 1063 1751 1115 ποιη-

55 1129 143 1184 ταὶ
161 1130 447 1200 ἐγίγνοντο
465 1130 634 1201 φύσει
651 1130 756 1201 μὲν
773 1135 1065 1200 ποιητικοί,
1095 1126 1418 1199 ἀγνώμονες
1447 1117 1520 1183 δὲ
1535 1127 1661 1195 περὶ
1686 1123 1749 1182 τὸ

56 1213 277 1268 δίκαιον
312 1219 411 1285 τῆς
444 1212 686 1285 Μούσης
719 1214 814 1269 καὶ
847 1210 911 1268 τὸ
953 1211 1213 1283 νόμιμον,
1255 1208 1622 1282 βακχεύοντες
1657 1208 1752 1264 καὶ

56 1299 272 1361 μᾶλλον
288 1301 394 1349 τοῦ
411 1296 634 1359 δέοντος
656 1292 1015 1364 κατεχόμενοι
1041 1291 1146 1363 ὑφ’
1180 1290 1404 1363 ἡδονῆς,
1432 1289 1751 1361 κεραννύν-

52 1395 142 1439 τες
158 1378 219 1430 δὲ
242 1374 500 1446 θρήνους
523 1395 584 1430 τε
612 1374 812 1445 ὕμνοις
840 1376 933 1430 καὶ
956 1379 1204 1438 παίωνας
1234 1372 1618 1445 διθυράμβοις,
1657 1375 1751 1430 καὶ

53 1454 332 1529 αύλῳδίας
349 1454 418 1528 δὴ
436 1468 555 1522 ταῖς
584 1460 947 1530 κιθαρῳδίαις
974 1455 1309 1527 μιμούμενοι
1343 1456 1437 1511 καὶ
1465 1456 1647 1511 πάντα
1673 1459 1751 1520 εἰς

51 1539 234 1596 πάντα
261 1539 612 1612 ξυνάγοντες,
649 1546 919 1613 μουσικῆς
945 1540 1175 1605 ἄκοντες
1212 1535 1311 1594 ὑπ’
1348 1536 1541 1604 ἀνοίας
1577 1560 1750 1595 κατα-
1775 1554 1809 1596 Ε

54 1622 412 1695 ψευδόμενοι,
451 1619 525 1687 ὡς
561 1621 845 1696 ὀρθότητα
880 1621 983 1696 μὲν
1020 1619 1125 1680 ούκ
1164 1626 1278 1693 ἔχοι
1314 1617 1444 1677 οὐδ’
1480 1618 1750 1692 ἡντινοῦν

52 1703 311 1776 μουσική,
339 1704 518 1778 ἡδονῇ
556 1704 617 1763 δὲ
650 1713 720 1779 τῇ
753 1712 857 1763 τοῦ
893 1711 1196 1778 χαίροντος,
1236 1711 1344 1761 εἴτε
1379 1708 1615 1776 βελτίων
1642 1710 1750 1760 εἴτε

50 1792 252 1858 χείρων
270 1783 344 1842 ἀν
364 1794 448 1858 εἴη
469 1810 567 1858 τις,
587 1795 832 1860 κρίνοιτο
852 1786 1147 1860 ὀρθότατα.
1182 1793 1413 1844 τοιαῦτα
1434 1785 1501 1858 δὴ
1522 1790 1748 1842 ποιοῦν·

0 1919 1 1924 ,
52 1890 142 1934 τες
163 1867 443 1940 ποιήματα
460 1869 668 1940 λόγους
694 1891 756 1927 τε
784 1872 1127 1943 ἐπιλέγοντες
1143 1868 1436 1935 τοιούτους
1463 1879 1577 1933 τοῖς
1607 1874 1748 1924 πολ-

0 1966 2 2019 ξ
50 1957 168 2015 λοῖς
185 1952 460 2007 ἐνέθεσαν
478 1958 833 2025 παρανομίαν
852 1956 929 2018 εἰς
956 1951 1061 2024 τὴν
1090 1949 1369 2024 μουσικὴν
1397 1951 1490 2007 καὶ
1516 1949 1756 2020 τόλμαν,’

45 2029 129 2098 ὥς
145 2034 359 2098 ἱκανοῖς
378 2026 510 2089 οὖσι
536 2038 776 2105 κρίνειν·
809 2032 952 2091 ὅθεν
979 2031 1048 2106 δὴ
1072 2032 1142 2090 τὰ
1172 2035 1385 2101 θέατρα
1413 2034 1469 2097 ἐξ
1498 2029 1748 2102 ἀφώνων

51 2111 349 2184 φωνήεντα
365 2115 641 2187 ἐγένοντο,
662 2114 738 2182 ὥς
754 2119 1017 2173 ἐπαΐοντα
1044 2118 1107 2171 ἐν
1132 2113 1367 2186 μούσαις
1392 2112 1457 2170 τό
1487 2134 1546 2170 τε
1575 2111 1749 2169 καλὸν
1777 2125 1862 2173 701
1946 2115 1955 2123 ’

50 2195 144 2249 καὶ
163 2193 258 2267 μή,
286 2197 381 2252 καὶ
401 2193 527 2253 ἀντὶ
545 2195 966 2270 ἀριστοκρατίας
982 2199 1047 2254 ἐν
1071 2193 1215 2270 αὐτῇ
1242 2199 1648 2267 θεατροκρατία
1666 2215 1748 2261 τις

51 2274 272 2348 πονηρὰ
307 2280 553 2348 γέγονεν.
589 2282 643 2334 εί
668 2278 778 2350 γάρ
808 2278 876 2350 δὴ
907 2281 1000 2336 καὶ
1029 2282 1369 2350 δημοκρατία
1393 2279 1456 2334 ἐν
1483 2274 1625 2351 αὐτῇ
1666 2298 1747 2343 τις

49 2358 230 2431 μόνον
252 2360 467 2429 ἐγένετο
494 2361 813 2434 ἐλευθέρων
831 2359 1075 2432 ἀνδροῖν,
1097 2359 1268 2418 οὐδὲν
1286 2356 1359 2417 ἀν
1375 2358 1531 2416 πάνυ
1548 2382 1612 2432 γε
1633 2364 1747 2417 δει-

45 2434 329 2513 υδνῆντό
345 2442 606 2513 γεγονός·
643 2449 756 2499 νῦν
785 2446 846 2500 δὲ
871 2437 1005 2516 ἦρξε
1023 2442 1127 2517 μὲν
1154 2441 1288 2516 ἡμῖν
1312 2446 1375 2500 ἐκ
1410 2449 1680 2516 μουσικῆς
1708 2442 1745 2517 ἡ

53 2518 282 2580 πάντων
308 2526 386 2590 είς
409 2522 594 2581 πάντα
622 2530 823 2597 σοφίας
853 2526 988 2593 δόξα
1022 2528 1115 2583 καὶ
1143 2530 1479 2598 παρανομία,
1511 2528 1748 2597 ξυνεφέ-

57 2617 226 2658 omo
240 2604 301 2660 δὲ
320 2605 629 2679 ἐλευθερία.
673 2604 884 2681 ἄφοβοι
910 2606 1020 2681 γὰρ
1045 2610 1330 2680 ἐγίγνοντο
1363 2605 1437 2673 ὦς
1467 2607 1687 2676 εἰδότες,
1710 2604 1745 2677 ἡ

57 2686 117 2739 δὲ
135 2680 294 2740 ἄδεια
309 2681 704 2760 ἀναισχυντίαν
717 2691 957 2748 ἐνέτεκε·
993 2689 1055 2748 τὰ
1084 2690 1193 2763 γὰρ
1220 2689 1325 2764 τὴν
1343 2697 1447 2748 τοῦ
1464 2696 1747 2763 βελτίονος

56 2765 227 2833 δοξαν
243 2765 318 2840 μὴ
338 2775 640 2842 φοβεῖσθαι
657 2772 749 2854 διὰ
766 2774 1000 2846 θράσος,
1020 2772 1174 2832 τοῦτ’
1206 2772 1344 2831 αύτό
1364 2776 1477 2831 ἐστι
1494 2769 1735 2845 σχεδὸν*
1706 2792 1741 2843 η
1774 2782 1805 2824 Β

1423 2865 1485 2911 7⁴¹
