1976 3172
676 154 995 206 ΝΟΜΩΝ
1027 148 1086 204 δ’.
1621 150 1724 205 127

43 317 138 369 μοι
161 293 266 351 οὐκ
286 291 428 350 εἶναι
451 288 640 355 ἅπλῶς
657 288 807 345 οὕτω
824 307 943 351 πως
961 289 1161 357 διπλοῖ,
1190 284 1330 343 ἀλλὰ
1351 286 1455 344 δύο
1474 292 1576 359 μέν
1591 308 1726 360 τινε,

38 377 209 448 νόμος
244 396 305 433 τε
339 376 432 431 καὶ
467 376 759 444 προοίμιον
803 372 908 424 τοῦ
947 365 1152 438 νόμου·
1209 366 1243 423 ὃ
1281 366 1350 439 δὴ
1386 367 1727 437 τυραννικὸν

39 462 308 529 ἐπίταγμα
345 451 685 512 ἀπεικασθὲν
719 449 933 522 ἐρρήθη
968 461 1081 515 τοῖς
1115 449 1440 521 ἐπιτάγμασι
1466 462 1579 516 τοῖς
1613 456 1727 524 τῶν
1756 452 1845 500 ‘723

41 543 266 610 ἰατρῶν,
313 534 414 602 οὓς
450 543 680 606 εἴπομεν
718 529 1144 603 ἀνελευθέρους,
1187 529 1342 587 τοῦτ’
1380 529 1521 587 εἶναι
1556 532 1729 602 νόμος

41 619 296 689 ἄκρατος,
315 617 377 674 τό
399 615 460 674 δὲ
477 614 587 687 πρὸ
618 613 824 671 τούτου
853 615 1049 686 ῥηθέν,
1075 612 1359 669 πειστικὸν
1388 612 1590 684 λεχθὲν
1616 611 1726 670 ὑπὸ

41 705 223 770 τοῦδε,
242 698 417 764 ὅντως
433 698 538 769 μὲν
556 694 699 754 εἶναι
713 695 1013 766 πειστικόν,
1035 700 1332 767 προοιμίου
1352 695 1465 766 μὴν
1482 699 1585 751 τοῦ
1603 696 1731 766 περὶ

38 781 243 851 λόγους
271 778 513 850 δύναμιν
538 781 699 848 ἔχειν.
734 781 829 833 ’ἶνα
851 775 960 847 γὰρ
990 774 1235 848 εὐμενῶς
1261 779 1354 833 καὶ
1379 775 1470 833 διὰ
1498 775 1605 847 τὴν
1633 772 1730 832 εὐ-

0 890 3 922 ι
38 867 261 935 μένειαν
290 858 704 933 εὐμαθέστερον
720 857 825 931 τὴν
845 862 1102 930 ἐπίταξιν,
1132 855 1165 915 ὃ
1194 858 1262 931 δή
1291 861 1439 915 ἐστιν
1472 854 1502 914 ὁ
1538 858 1728 930 νόμος,

0 971 3 998 ι
41 947 302 1017 δέξηται
282 936 328 998 ῶ
343 942 444 1000 τόν
462 941 642 1013 νόμον
661 938 690 997 ὁ
710 945 1019 1013 νομοθέτης
1037 944 1201 1011 λέγει,
1231 940 1437 996 τούτου
1455 939 1620 1011 χάριν
1649 944 1731 996 εί-

0 1031 256 1124 ,ρῇσθαί
266 1047 361 1098 μοι
378 1024 665 1121 κατεφάνη
684 1029 792 1090 πάς
809 1021 839 1080 ὁ
863 1022 1028 1094 λόγος
1044 1018 1227 1094 οὗτος,
1248 1020 1316 1078 ὂν
1334 1029 1554 1079 πείθων
1577 1020 1729 1078 εἶπεν

42 1104 72 1163 ὁ
93 1109 293 1177 λέγων·
331 1106 418 1162 διὸ
440 1104 507 1177 δὴ
529 1104 667 1161 κατά
681 1127 743 1175 γε
764 1104 865 1160 τὸν
878 1103 1023 1178 ἐμὸν
1042 1105 1214 1175 λόγον
1232 1101 1387 1159 τοῦτ’
1407 1100 1565 1175 αὐτό,
1585 1123 1729 1175 προ-

0 1224 1 1228 =
7 1194 241 1284 οίμιον,
262 1186 385 1245 ἀλλ’
404 1186 474 1245 οὐ
492 1187 657 1258 λόγος
674 1210 748 1243 αν
766 1185 956 1289 ὀρθῶς
975 1185 1446 1257 προσαγορεύοιτο
1467 1182 1607 1241 εἶναι
1624 1191 1727 1242 τοῦ
1756 1198 1794 1240 Β

37 1269 238 1340 νόμου.
274 1269 434 1325 ταῦτ’
455 1262 564 1326 οὖν
587 1269 760 1325 εἰπῶν
778 1274 834 1324 τί
846 1267 909 1324 τό
940 1267 1076 1339 μετὰ
1105 1274 1271 1324 τοῦτο
1300 1267 1373 1324 ἄν
1396 1289 1490 1340 μοι
1518 1274 1731 1340 βουλη-

0 1356 223 1423 ιθείηιΐ
233 1355 518 1422 εἰρῆσθαις
555 1350 701 1422 τόδε,
726 1348 799 1415 ὡς
820 1350 920 1406 τὸν
947 1352 1264 1421 νομοθέτην
1282 1348 1390 1419 πρὸ
1421 1350 1650 1406 πάντων
1670 1371 1729 1406 τε

0 1466 4 1482 ·
39 1430 125 1491 ἀεὶ
141 1439 255 1490 τῶν
277 1432 471 1504 νόμων
485 1431 668 1504 χρεῶν
684 1434 798 1489 ἐστι
815 1431 889 1504 μὴ
909 1429 1179 1503 ἀμοίρους
1197 1430 1404 1496 αὐτούς
1422 1437 1730 1502 προοιμίων

38 1525 217 1570 ποιεῖν
246 1517 339 1571 καὶ
366 1511 505 1571 καθ’
534 1514 787 1584 ἕκαστον,
815 1506 853 1586 ᾗ
874 1518 1182 1570 διοίσουσιν
1211 1514 1424 1569 ἑαυτῶν
1454 1511 1590 1569 ὅσον
1621 1520 1730 1569 νῦν

41 1597 110 1667 δὴ
127 1594 203 1652 τῶ
225 1599 485 1667 λεχθέντε
511 1595 894 1668 διηνεγκάτην.

178 1683 297 1736 ΚΑ.
341 1677 419 1734 Τό
437 1675 492 1749 γ’
524 1676 662 1750 έμόν
678 1676 783 1734 οὐκ
803 1700 874 1733 αν
894 1676 1073 1743 άλλως
1089 1685 1419 1749 νομοθετεῖν
1439 1675 1730 1734 διακελεύ-

0 1779 157 1819 ιοιτο
178 1757 310 1831 ἡμῖν
329 1758 429 1817 τόν
447 1760 667 1816 τούτων
682 1743 1034 1833 ἐπιστήμονα.

180 1849 300 1899 ΑΘ.
337 1846 539 1908 Καλῶς
555 1842 660 1914 μὲν
677 1847 888 1915 τοίνυν,
910 1866 953 1900 ω
934 1836 1221 1913 Κλεινία,
1242 1844 1421 1908 δοκεῖς
1449 1862 1544 1914 μοι
1569 1841 1635 1898 τό
1666 1863 1729 1912 γε

0 1944 8 1978 ι
35 1930 308 1981 τοσοῦτον
324 1922 581 1997 λέγειν,“
544 1946 633 1981 οτι
649 1929 790 1981 πᾶσί
802 1946 865 1996 γε
885 1925 1077 1997 νόμοις
1096 1928 1210 1980 ἔστι
1239 1929 1502 1995 προοίμια
1534 1925 1626 1979 καὶ
1646 1922 1731 1981 ὅτι
1763 1931 1794 1973 C

0 2029 8 2048 ν
38 2007 221 2076 πάσης
239 2005 548 2078 ἀρχόμενον
567 2010 904 2078 νομοθεσίας
920 2004 1024 2078 χρὴ
1045 2008 1374 2075 προτιθέναι
1395 2004 1605 2069 παντὸς
1628 2013 1731 2061 τοῦ

39 2086 214 2155 λόγου
238 2085 300 2143 τό
330 2086 584 2159 πεφυκὸς
611 2092 905 2159 προοίμιον
921 2086 1211 2150 ’ἕκάστοις·
1251 2083 1321 2140 οὐ
1349 2083 1458 2156 γάρ
1493 2085 1733 2158 σμικρὸν

0 2191 5 2214 ν
38 2165 100 2223 τό
123 2164 287 2265 aad„
278 2165 429 2224 τοῦτ’
452 2169 565 2224 ἐστὶ
593 2167 1006 2239 ῥηθησόμενον,
1037 2162 1164 2222 οὐδ’
1192 2163 1384 2236 ὀλίγον
1408 2167 1676 2237 διαφέρον
1694 2166 1732 2238 ἢ

0 2271 5 2301 ι
38 2255 233 2320 σαφῶς
249 2245 287 2321 ἦ
304 2249 379 2320 μὴ
399 2256 593 2320 σαφῶς
610 2246 752 2305 αὐτα
770 2248 1250 2321 μνημονεύεσθαι
1270 2248 1332 2303 τὸ
1350 2249 1539 2318 μέντοι
1556 2246 1732 2319 μεγά-

0 2337 159 2389 λων
176 2334 300 2401 πέρι
318 2334 636 2402 λεγομένων
653 2330 845 2403 νόμων
863 2332 955 2387 καὶ
974 2335 1225 2402 σμικρῶν
1245 2327 1340 2386 εί“
1313 2338 1515 2401 ομοίως
1533 2349 1732 2402 προοι-

0 2440 6 2468 ι
42 2412 330 2484 βιάζεσθαι
353 2413 808 2486 προστάττοιμεν,
830 2411 934 2470 οὐκ
962 2435 1036 2468 αν
1069 2410 1258 2484 ὀρθῶς
1286 2415 1559 2484 λέγοιμεν.
1599 2409 1732 2468 οὐδὲ

0 2490 154 2564 νᾶρ
170 2490 408 2567 ᾅσματος
431 2492 563 2554 οὐδὲ
580 2495 757 2568 λόγου
778 2495 987 2562 παντὸς
1005 2498 1092 2552 δεῖ
1104 2494 1166 2552 τό
1181 2501 1436 2551 τοιοῦτον
1455 2498 1611 2569 δρᾷν·
1631 2499 1724 2552 καί
1752 2516 1788 2558 1)

47 2592 131 2627 τοι
149 2574 363 2644 πέφυκέ
376 2598 440 2649 γε
459 2576 601 2635 εἶναι
624 2586 812 2651 πᾶσιν,
839 2577 969 2636 ἄλλ’
991 2601 1061 2635 ου
1046 2577 1344 2651 ’χρηστέον
1365 2574 1600 2634 α’πασιν·
1624 2576 1732 2634 αὗ-

0 2679 2 2682 ·
46 2658 123 2726 τῷ
144 2652 204 2710 0)
220 2661 301 2725 τῷ
326 2677 385 2715 τε
410 2658 601 2734 ῥήτορι
619 2663 711 2718 καὶ
744 2668 823 2735 τῶ
855 2664 1085 2737 μελῳδῷ
1117 2661 1210 2718 καὶ
1238 2664 1319 2734 τῶ
1355 2660 1637 2733 νομοθέτῃ
1666 2658 1728 2716 τὸ

0 2757 7 2787 ι
46 2740 309 2794 τοιοῦτον
326 2738 578 2800 &daton
597 2745 969 2815 ἐπιτρεπτέον.

190 2823 307 2877 ΚΛ.
341 2817 708 2894 Ἀληθόστατα
728 2830 909 2894 δοκεῖς
926 2847 1020 2900 μοι
1036 2829 1236 2899 λέγειν.
1265 2824 1403 2884 ἀλλὰ
1423 2824 1490 2898 δὴ
1512 2820 1730 2896 μηκέτ’,
