1976 3172
751 129 1070 181 ΝΟΜῼΝ
1104 121 1156 187 ξ.
1665 122 1768 176 221

42 295 44 298 ·
77 290 206 339 πον,
229 291 319 340 ως,
342 273 395 324 εί
413 268 518 340 μὲν
533 270 708 323 ταῦτα
722 258 797 337 ἦν
814 261 889 336 μὴ
909 265 1116 326 ίκανως
1135 263 1316 333 ἔργοις
1333 255 1720 359 ἐληλεγμένα“
1689 280 1773 315 οτι

34 365 35 372 ’
80 351 294 408 δυνατά
322 352 437 407 ἐστι
459 354 793 420 γίγνεσθαι,
802 344 940 414 τάχα
974 336 1047 414 ἦν
1084 342 1158 398 ἄν
1185 365 1239 399 τι
1266 345 1359 399 καὶ
1388 340 1668 398 ἀπειπεῖν
1695 346 1771 412 τῷ

81 432 249 506 λόγῳ,
268 437 378 487 νῦν
397 428 459 486 δὲ
477 428 613 485 ἄλλο
633 432 692 484 τί
707 445 820 483 που
839 424 1098 496 ζητητέον
1116 427 1309 497 ἐκείνω
1334 428 1413 496 τῷ
1441 428 1644 478 τοῦτον
1672 421 1776 478 τόν
1831 456 1834 466 =

33 537 35 549 ³
78 513 261 585 νόμον
286 514 510 584 μηδαμῇ
539 510 832 581 δεχομένω,
861 504 924 562 τὸ
959 503 1012 561 δ’
1051 479 1320 577 ἡμέτερόν
1347 506 1679 574 διακέλευμα
1714 506 1775 558 ἐν

79 595 298 659 τούτοις
313 590 420 648 ούκ
439 589 816 662 ἀποσβήσεται
841 586 903 644 τὸ
924 586 998 659 μὴ
1019 588 1091 643 οὐ
1108 589 1308 658 λέγειν,
1332 607 1406 650 ως
1425 588 1513 641 δεῖ
1526 587 1776 649 παιδείας

79 697 140 731 τε
161 677 253 731 καὶ
269 695 387 730 των
401 669 638 728 αλλωνο
668 692 720 727 τι
746 671 984 742 μάλιστα
1014 671 1311 725 κοινωνεῖν
1341 667 1403 723 τὸ
1433 672 1588 738 θῆλυ
1617 668 1777 737 γένος
1806 682 1840 722 D

77 753 212 827 ἡμῖν
229 776 306 810 τω
324 776 439 810 των
458 751 714 826 ἀρρένων
729 755 895 823 γένει.
931 749 1153 822 καὶγὰρ
1174 742 1280 806 οὖν
1307 746 1519 804 οὑτωσί
1547 767 1664 813 πως
1695 750 1783 803 δεῖ

78 837 206 908 περὶ
224 834 415 913 αὐτων
444 839 834 907 διανοηθῆναι.
866 836 1020 906 φέρε,
1052 832 1125 905 μὴ
1156 835 1508 904 μετεχουσῶν
1537 827 1778 900 ἀνδράσι

77 940 367 991 γυναικων
384 924 547 991 κοινῇ
566 924 664 990 τῆς
690 924 830 990 ζωῆς
856 918 1053 989 πάσης,
1083 938 1206 987 μων
1237 911 1342 971 οὐκ
1375 912 1590 993 ἀνάγκη
1618 915 1777 984 γενέ-

85 1010 223 1059 σθαι
241 1003 308 1073 γέ
323 1023 448 1058 τινα
470 1002 626 1068 τάξιν
645 1005 840 1074 ἑτέραν
867 1000 1084 1067 αὐταις;

88 1090 99 1096 ’
224 1088 344 1139 ΚΛ.
375 1080 613 1170 Ἀνάγκη
630 1080 734 1154 μὲν
751 1075 873 1138 οὖν.

223 1170 340 1220 ΛΘ.
386 1148 546 1220 Τίνα
542 1157 650 1220 οὖν
666 1167 989 1235 ἔμπροσθεν
1018 1183 1133 1218 των
1159 1166 1271 1217 νῦν
1298 1158 1779 1231 ἀποδεδειγμένων

79 1254 281 1317 θεῖμεν
299 1242 374 1300 ἄν
390 1251 487 1316 τῆς
503 1251 800 1310 κοινωνίας
809 1246 1029 1320 ταύτης,
1040 1267 1117 1315 ην
1124 1250 1234 1299 νῦν
1245 1242 1437 1314 αὐταῖς
1449 1240 1604 1315 ἡμεῖς
1618 1260 1778 1312 προς-

78 1326 373 1397 τάττομεν;
407 1326 647 1392 πότερον
676 1347 751 1396 ην
773 1331 989 1398 Θρᾷκες
1023 1335 1141 1389 ταῖς
1172 1325 1390 1394 γυναιξὶ
1418 1330 1659 1396 χρῶνται
1687 1324 1779 1379 καὶ
1930 1351 1960 1373 a

30 1469 33 1483 ,
79 1407 260 1465 πολλὰ
278 1410 437 1478 ἕτερα
452 1409 603 1478 γένη,
623 1418 893 1478 γεωργεῖν
911 1427 970 1462 τε
990 1408 1083 1462 καὶ
1110 1411 1405 1477 βουκολεῖν
1432 1407 1524 1460 καὶ
1554 1410 1779 1475 ποιμαί-
1811 1413 1844 1454 Ε

80 1512 203 1547 νειν
220 1492 314 1548 καὶ
333 1495 615 1546 διακονεῖν
630 1488 804 1562 μηδὲν
822 1488 1204 1561 διαφερόντως
1213 1492 1328 1544 τῶν
1348 1485 1598 1553 δούλων;
1618 1483 1653 1558 ἢ
1676 1508 1781 1542 κα-

81 1572 272 1643 θάπερ
288 1571 446 1644 ἡμεῖς
473 1569 714 1638 ἅπαντές
741 1593 801 1628 τε
830 1576 889 1628 oc
918 1572 1044 1641 περὶ
1072 1569 1173 1628 τὸν
1202 1569 1377 1626 τόπον
1397 1571 1635 1633 ἐκεῖνον;
1671 1573 1780 1623 νῦν

80 1653 189 1726 γὰρ
209 1655 278 1726 δὴ
298 1653 363 1710 τό
382 1674 446 1725 γε
463 1651 595 1725 παρ’
618 1654 751 1725 ἡμῖν
768 1647 879 1709 οἶδε’
894 1655 1008 1709 ἐστι
1025 1653 1151 1723 περὶ
1169 1654 1390 1708 τούτων
1414 1650 1752 1722 γιγνόμενον
1764 1673 1775 1683 ·

81 1742 160 1800 εἰς
178 1756 304 1791 τινα
321 1739 456 1806 μίαν
475 1742 693 1806 οἴκησιν
707 1733 1164 1808 ξυμφορήσαντες
1186 1734 1575 1805 τὸλεγόμενον
1595 1733 1778 1789 πάντα

82 1817 335 1890 χρήματα
351 1819 669 1888 παρέδομεν
686 1828 803 1883 ταῖς
820 1819 1037 1888 γυναιξὶ
1057 1817 1431 1889 διαταμιεύειν
1449 1837 1508 1872 τε
1527 1818 1620 1872 καὶ
1647 1835 1780 1885 κερ-

82 1902 259 1957 κίδων
277 1897 468 1970 ἄρχειν
485 1900 578 1955 καὶ
596 1899 775 1971 πάσης
791 1906 1068 1967 ταλασίας.
1099 1896 1136 1972 ἦ
1157 1898 1219 1956 τὰ
1238 1898 1456 1956 τούτων
1476 1897 1542 1968 δὴ
1570 1893 1662 1952 διὰ
1680 1898 1782 1966 μέ.

85 1995 192 2036 σου
211 1987 426 2051 φαῖμεν,
446 1974 493 2036 ὦ
509 1985 775 2052 Μέγιλλε,
794 1980 856 2037 τὸ
874 1981 1231 2046 Λακωνικόν;
1249 1981 1421 2049 κόρας
1439 1979 1541 2050 μὲν
1558 1998 1780 2048 γυμνα-
1806 1990 1895 2036 806

88 2067 228 2118 σίων
245 2061 511 2133 μετόχους
523 2062 694 2128 οὔσας
705 2062 819 2134 ἅμα
839 2065 932 2119 καὶ
949 2069 1220 2134 μουσικῆς
1239 2066 1338 2133 ζῇν
1357 2065 1491 2131 δεῖν,
1511 2070 1780 2131 γυναῖκας

87 2144 148 2201 δὲ
167 2141 377 2216 ἀργοὺς
405 2144 507 2216 μὲν
530 2151 808 2216 ταλασίας,
836 2144 1134 2217 ἀσκητικὸν
1162 2147 1227 2199 δέ
1250 2160 1376 2199 τινα
1398 2147 1525 2215 βίον
1555 2143 1648 2198 καὶ
1679 2139 1780 2196 οὐ-

86 2229 275 2298 δαμῶς
297 2232 520 2298 φαῦλον
545 2225 673 2283 οὐδ’
694 2225 890 2299 εὐτελῆ
909 2230 1240 2296 διαπλέκειν,
1268 2228 1571 2295 θεραπείας
1601 2224 1661 2280 δὲ
1688 2226 1782 2279 καὶ

30 2319 31 2322 ’
83 2313 329 2379 ταμιείας
356 2301 432 2363 αὖ
458 2311 550 2364 καὶ
570 2312 970 2380 παιδοτροφίας
1006 2316 1086 2374 εἴς
1111 2330 1164 2364 τι
1190 2310 1363 2379 μέσον
1388 2307 1777 2378 ἀφικνεῖσθαι·

30 2393 34 2430 ’·
80 2396 197 2448 τῶν
213 2390 275 2447 δὲ
293 2395 372 2456 είς
387 2388 490 2446 τὸν
507 2391 756 2463 πόλεμον
772 2390 847 2462 μὴ
866 2389 1263 2460 κοινωνούσας,
1295 2387 1427 2462 ὥστ’
1464 2386 1591 2444 οὐδ’
1625 2395 1680 2443 εἴ
1701 2392 1781 2451 τίς

29 2493 35 2553 ,³
87 2490 220 2528 ποτε
250 2472 620 2545 διαμάχεσθαι
648 2475 774 2543 περὶ
802 2473 1017 2539 πόλεώς
1043 2494 1103 2529 τε
1129 2473 1221 2530 καὶ
1255 2476 1472 2529 παίδων
1502 2469 1779 2542 ἀναγκαία

87 2550 226 2623 τύχη
259 2559 522 2627 γύγνοιτο,
560 2554 683 2613 οὔτ’
722 2552 797 2613 ἀν
830 2556 1006 2623 τόξων
1034 2554 1108 2621 ω’ς
1148 2576 1294 2621 τινες
1328 2552 1622 2626 Ἀμαζόνες
1653 2550 1776 2609 οὔτ’

30 2698 31 2702 ,
89 2631 260 2704 ἄλλης
292 2642 636 2710 κοινωνῆσαί
664 2659 798 2695 ποτε
838 2643 1007 2711 βολῆς
1045 2636 1181 2710 μετὰ
1218 2638 1410 2721 τέχνης
1447 2634 1774 2707 δυνάμεναι,
1809 2647 1841 2688 Β
1917 2671 1931 2682 ·

29 2718 34 2760 ’ὃ
89 2711 222 2770 οὐδὲ
240 2712 444 2773 ἀσπίδα
460 2720 552 2775 καὶ
572 2720 713 2790 δόρυ
734 2726 1009 2794 λαβοῦσαι
1031 2718 1380 2791 μιμήσασθαι
1397 2716 1501 2790 τὴν
1516 2716 1676 2788 θεόν,
1705 2715 1780 2782 ὡς

90 2801 483 2870 πορθουμένης
510 2799 700 2870 αὐταῖς
727 2810 823 2876 τῆς
851 2806 1115 2875 πατρίδος
1142 2804 1413 2872 γενναίως
1447 2797 1779 2863 ἀντιστάσας
