1976 3172
713 128 1032 179 ΝοΜῼΝ
1066 122 1135 177 θ’.
1661 127 1767 183 277

69 265 446 337 ἀδικημάτων,
465 261 904 336 περιφερόμενος
920 259 1342 333 ἀλιτηριώδης,
1323 260 1391 318 ὀν
1403 261 1765 336 εὐλαβεῖσθαι

69 370 249 420 χρεων
278 349 443 404 παντὶ
471 348 688 403 σθένει·
720 348 833 412 τίς
839 339 895 400 δ’
934 345 1083 399 ἐστὶν
1113 340 1395 415 εὐλάβεια,
1424 346 1587 415 μαθέ,
1627 344 1765 402 ὅταν

69 447 156 487 σοι
193 435 509 503 προσπίπτῃ
539 450 592 484 τι
618 448 735 483 των
763 423 1038 485 τοιούτων
1070 423 1382 496 δογμάτων,
1418 431 1504 480 ἴθι
1540 426 1629 482 ἐπὶ
1665 411 1766 493 τὰς

64 510 589 583 ἀποδιοπομπήσεις,
609 516 696 566 ῖθι
721 506 809 564 ἐπὶ
828 511 983 562 θεων
1004 503 1398 577 ἀποτροπαίων
1426 505 1547 577 ἱερὰ
1566 505 1762 578 ἱκέτης,

65 602 151 651 ἰθι
170 596 259 652 ἐπὶ
279 593 378 660 τὰς
395 614 512 650 των
538 590 855 662 λεγομένων
876 585 1102 658 ἀνδρῶν
1130 584 1262 659 ὑμῖν
1290 583 1527 657 ἀγαθων
1557 590 1762 653 ξυνου-

64 681 204 747 σίας,
225 675 404 732 καὶτὰ
423 674 528 746 μὲν
545 671 735 742 ἄκουε,
755 670 822 727 τὰ
853 673 913 727 δὲ
943 674 1113 741 πειρῶ
1146 671 1331 739 λέγειν
1359 666 1544 738 αὐτός,
1577 666 1650 734 ὥς
1678 672 1766 725 δεῖ
1792 687 1822 729 c

61 757 128 812 τά
147 756 291 812 καλά
310 759 404 813 καὶ
420 754 488 811 τά
507 757 691 810 δίκαια
708 752 892 809 πάντα
911 749 1092 822 ἄνδρα
1108 757 1274 824 τιμᾷν
1288 771 1299 783 ·
1328 747 1425 816 τάς
1446 752 1507 806 δὲ
1523 755 1638 806 τῶν
1657 772 1762 806 κα-

58 844 180 895 καῖν
190 842 487 904 ξυνουσίας
497 842 672 908 φεῦγε
683 834 1104 908 ἀμεταστρεπτί·
1125 835 1216 890 καὶ
1228 830 1327 889 ἐὰν
1339 835 1443 904 μέν
1455 848 1545 888 σοι
1556 836 1770 907 δρῶντι

57 925 232 975 ταῦτα
249 925 414 993 λωφᾷ
433 941 486 975 τι
502 916 566 975 τὰ
587 916 883 989 νόσημα-
819 921 948 972 -εί
966 914 1027 972 δε
1042 915 1137 987 μή,
1153 918 1360 971 καλλίω
1371 913 1628 971 θάνατον
1639 930 1759 972 σκε·

59 999 310 1071 ψάμενος
327 998 683 1055 ἀπαλλάττου
700 1003 801 1054 τοῦ
819 1001 965 1068 βίου.

200 1085 262 1138 Π.
307 1087 494 1137 Ταῦτα
510 1077 711 1153 ἡμῶν
689 1077 947 1136 ἀδόντων
970 1082 1232 1150 προοίμια
1250 1089 1362 1144 τοῖς
1381 1078 1565 1136 πάντα
1583 1085 1758 1136 ταῦτα

47 1161 431 1234 ,ἐπινοοῦσιν”
399 1179 506 1220 οσα
523 1160 724 1218 ἀνόσια
744 1165 877 1231 ἔργα
890 1161 981 1217 καὶ
992 1159 1402 1233 πολιτοφθόρα,
1414 1167 1493 1235 τῷ
1511 1162 1614 1231 μὲν
1634 1181 1758 1217 πει-

54 1246 283 1317 θομένῳ
312 1245 413 1301 τὸν
439 1243 618 1315 νόμον
647 1245 749 1316 έᾷν
780 1250 909 1314 σιγῇ
937 1247 1036 1314 δεῖ,
1064 1248 1141 1317 τῷ
1170 1246 1230 1299 δὲ
1260 1241 1590 1301 ἀπειθοῦντι
1618 1243 1754 1316 μετὰ

54 1325 116 1380 τὸ
136 1333 431 1396 προοίμιον
450 1323 608 1397 ᾄδειν
625 1327 766 1395 μέγα
780 1347 792 1357 ·
831 1321 893 1390 ὃς
913 1323 967 1380 δ’
987 1320 1061 1380 ἀν
1080 1328 1390 1395 ἱεροσυλῶν
1417 1330 1633 1399 ληφθῇ,
1655 1324 1755 1383 έάν
1785 1342 1820 1382 D

53 1407 156 1478 μὲν
175 1399 213 1478 ᾗ
231 1409 433 1472 δοῦλος
452 1401 491 1477 ἢ
511 1409 682 1475 ξένος,
708 1409 770 1461 ἐν
786 1410 867 1478 τῷ
888 1405 1169 1479 προσώπῳ
1190 1409 1281 1462 καὶ
1301 1418 1420 1472 ταῖς
1446 1410 1598 1477 χερσὶ
1617 1430 1758 1479 γρα-

54 1490 177 1558 φεὶς
194 1487 297 1559 τὴν
316 1485 620 1560 συμφοράν
635 1487 727 1543 καὶ
746 1487 1118 1558 μαστιγωθεὶς
1139 1484 1359 1553 ’ὁπόσας
1387 1483 1460 1542 ἀν
1490 1487 1624 1560 δόξῃ
1642 1500 1757 1554 τοῖς

55 1572 351 1640 δικασταῖς,
375 1568 530 1634 ἐκτὸς
546 1573 663 1624 τῶν
685 1566 838 1640 ὅρων
854 1575 953 1639 τῆς
970 1567 1150 1641 χώρας
1178 1566 1391 1641 γυμνὸς
1409 1568 1753 1646 ἐκβληθήτω·

52 1651 188 1721 τάχα
214 1650 323 1722 γὰρ
353 1646 428 1707 ἀν
456 1651 590 1716 δούς
617 1649 827 1722 ταύτην
846 1648 950 1722 τὴν
971 1653 1133 1723 δίκην
1155 1649 1366 1721 γένοιτ’Δ
1393 1646 1464 1707 ἀν
1496 1656 1750 1723 βελτίων,

53 1736 480 1802 σωφρονισθείς.
518 1730 590 1799 αὖ
614 1729 725 1803 γάρ
753 1733 843 1789 ἐπὶ
869 1738 1026 1806 κακῷ
1056 1735 1180 1804 δίκη
1215 1737 1462 1804 γίγνεται
1500 1731 1747 1804 οὐδεμία,

51 1815 322 1885 γενομένη
342 1812 482 1870 κατὰ
501 1814 699 1886 νόμον,
715 1817 877 1870 δυοῖν
896 1815 958 1872 δὲ
974 1813 1223 1888 θάτερον
1242 1812 1604 1887 ἀπεργάζεται
1624 1831 1751 1884 σχε-

49 1892 183 1950 δόν·
223 1891 261 1966 ἢ
280 1893 389 1966 γάρ
408 1892 719 1969 βελτίοναῆ
746 1896 1169 1969 μοχθηρότερον
1197 1888 1367 1969 ἦττον
1395 1896 1746 1967 ἐξειργάσατο
1779 1913 1814 1953 Ε

31 1973 151 2034 κτὸν
165 1973 269 2048 τὴν
285 1979 448 2049 δίκην
464 1977 840 2050 παρασχόντα.
876 1983 1103 2051 πολίτης
1124 1980 1183 2035 δὲ
1205 1977 1278 2034 ἄν
1295 1982 1376 2042 τίς
1406 1979 1542 2032 ποτέ
1562 1998 1613 2032 τι
1632 1998 1750 2033 τοι-

36 2062 218 2113 οῦτον
238 2060 395 2128 δρῶν
423 2055 708 2132 ἀναφανῇ,
732 2061 859 2132 περὶ
888 2059 1064 2126 θεοὺς
1093 2057 1133 2131 ’ἢ
1158 2062 1284 2131 περὶ
1321 2065 1519 2129 γονέας
1549 2054 1587 2130 ἦ
1622 2060 1749 2131 περὶ

46 2136 215 2194 πόλιν
246 2137 525 2211 ἠδικηκώς
563 2145 679 2197 τῶν
706 2139 964 2212 μεγάλων
983 2138 1109 2196 τινά
1138 2142 1229 2196 καὶ
1258 2138 1593 2212 ἀπορρήτων
1622 2137 1747 2196 ἀδι-

46 2226 207 2290 κιῶν,
228 2218 303 2286 ὥς
320 2218 554 2279 ἀνίατον
564 2220 670 2294 ἤδη
689 2229 893 2280 τοῦτον
905 2221 1044 2279 ὄντα
1063 2212 1094 2279 ὃ
1114 2219 1372 2294 δικαστὴς
1386 2212 1741 2292 διανοείσθω,

46 2299 399 2371 λογιζόμενος
422 2305 542 2368 οἵας
571 2306 821 2370 παιδείας
837 2325 897 2360 τε
927 2307 1019 2360 καὶ
1047 2310 1261 2376 τροφῆς
1289 2307 1349 2360 ἐκ
1379 2302 1576 2369 παιδὸς
1604 2324 1742 2374 τυγ-

0 2402 12 2450 ,;
44 2380 234 2452 χάνων
253 2380 359 2439 οὐκ
388 2381 651 2455 ἀπέσχετο
671 2390 787 2442 τῶν
805 2390 1081 2456 μεγίστων
1099 2391 1315 2442 κακῶν·
1355 2389 1479 2458 δίκη
1513 2383 1580 2457 δὴ
1606 2384 1742 2441 τού-

45 2479 124 2534 τφ
138 2462 387 2531 θάνατος
405 2463 690 2538 ἐλάχιστον
708 2488 823 2523 των
844 2489 1056 2539 κακων,
1076 2468 1208 2534 τοὺς
1229 2468 1290 2525 δὲ
1321 2466 1528 2532 άλλους
1556 2466 1741 2539 παρά-

49 2540 288 2613 Betruoe’
260 2544 450 2616 ονήσει
466 2548 770 2620 γενόμενος
788 2546 989 2621 ἀκλεὴς
1018 2549 1110 2606 καὶ
1128 2546 1273 2621 ὑπὲρ
1292 2546 1426 2614 τοὺς
1444 2554 1539 2619 τῆς
1556 2547 1739 2620 χώρας
1767 2566 1851 2611 855

47 2619 216 2692 ὅρους
239 2620 595 2696 ἀφανισθείς·
616 2633 772 2687 παισὶ
790 2634 851 2688 δὲ
867 2634 960 2688 καὶ
979 2635 1144 2703 γένει,
1175 2629 1274 2687 έάν
1291 2629 1516 2701 φύγωσι
1543 2628 1610 2686 τὰ
1630 2647 1740 2685 πα-

45 2713 196 2780 τρῷα
224 2707 356 2780 ἤθη,
382 2713 538 2778 κλέος
556 2716 693 2770 ἔστω
712 2714 804 2771 καὶ
821 2712 985 2785 λόγος
1005 2716 1222 2784 ἔντιμος
1242 2710 1556 2783 λεγόμενος,
1580 2709 1653 2777 ὡς
1673 2704 1740 2767 εὖ

46 2809 104 2844 τε
142 2789 233 2845 καὶ
271 2787 539 2862 ἀνδρείως
567 2796 644 2861 είς
686 2792 908 2867 ἀγαθὸν
946 2796 1006 2852 ἐκ
1042 2797 1222 2866 κακοῦ
1262 2790 1734 2864 διαπεφευγότων.
