1976 3172
731 159 1050 210 ΝΟΜΩΝ
1081 153 1127 207 ι’.
1663 157 1767 213 313

27 323 29 357 ε
78 297 288 363 ὁπόσας
322 294 398 355 ἄν
425 298 611 368 ἐθέλῃ,
637 293 812 367 μηδὲν
835 291 1103 366 βλάπτων
1131 291 1231 348 τὸν
1261 292 1555 367 δεσπότην,
1585 313 1771 365 παρα-

26 421 29 447 ,
78 382 225 437 δότω
242 384 435 454 ἐκείνῳ
451 384 759 450 κεκτῆσθαι
776 372 917 434 κατὰ
935 374 1132 445 νόμον,
1165 372 1195 429 ὁ
1220 374 1280 432 δὲ
1309 376 1483 446 νόμος
1510 380 1675 433 ἔστω·
1707 375 1769 442 ὃς

27 523 30 529 ,
75 459 149 518 ἀν
175 461 477 534 ἐλεύθερον
494 464 697 525 δοῦλος
713 454 797 514 ὦν
813 455 994 528 τύπτῃ
1021 454 1095 527 μὴ
1116 463 1231 512 τῶν
1258 455 1548 528 ἀρχόντων
1573 466 1772 516 κελευ-

25 567 27 570 ⁴
74 544 277 614 όντων,
304 543 648 616 παραλαβών
662 538 694 598 ὁ
713 540 1045 610 κεκτημένος
1064 537 1214 609 παρὰ
1232 544 1337 594 τοῦ
1353 543 1658 611 πληγέντος
1676 544 1770 596 δε·-

73 628 306 696 δεμένον
324 623 499 682 αὐτὸν
515 623 590 695 μὴ
610 620 772 694 λύσῃ,
793 623 927 690 πρὶν
945 619 1019 677 ἄν
1038 619 1067 676 ὁ
1090 624 1292 686 δοῦλος
1319 620 1601 694 πείσῄτόν
1621 628 1764 693 πλη-
1790 638 1821 679 c

69 710 238 778 γέντα
257 707 407 773 ἄξιος
426 705 567 762 εἶναι
589 709 693 760 τοῦ
711 703 1011 774 λελυμένος
1028 708 1141 776 ζῇν.
1179 702 1248 759 τὰ
1280 700 1423 759 αὐτοὶ
1454 703 1515 760 δὲ
1543 708 1768 776 γυναιξί

68 809 131 844 τε
146 793 288 844 ἔστω
305 786 447 859 πρὸς
465 785 707 859 ἀλλήλας
725 788 851 857 περὶ
866 786 1095 842 πάντων
1112 792 1228 842 τῶν
1244 785 1517 843 τοιούτων
1536 787 1764 859 νόμιμα,

67 871 162 926 καὶ
179 868 320 941 πρὸς
338 869 549 941 ἄνδρας
565 870 784 942 γυναιξὶ
803 871 893 924 καὶ
910 868 1149 939 ἀνδράσι
1170 867 1310 937 πρὸς
1338 881 1622 938 γυναῖκας.

781 1100 1038 1107 *—

891 1285 938 1337 L

136 1474 147 1478 ·
204 1455 245 1506 l.
282 1456 403 1507 ΑΘ.
442 1455 606 1505 Μετα
627 1450 687 1503 δὲ
705 1443 805 1511 τάς
824 1450 1003 1510 αἰκίας
1027 1446 1152 1515 περὶ
1178 1443 1388 1509 παντὸς
1419 1448 1482 1500 ἓν
1511 1445 1762 1515 εἰρήσθω
1790 1449 1880 1498 884
1967 1444 1970 1445 ⁷

63 1533 280 1590 τοιόνδε
298 1555 352 1589 τι
371 1531 612 1603 νόμιμον
630 1535 832 1603 βιαίων
851 1531 999 1600 πέρι·
1051 1535 1166 1583 τῶν
1202 1525 1514 1597 ἀλλοτρίων
1551 1531 1781 1599 μηδένα·

63 1616 240 1688 μηδὲν
272 1618 469 1685 φέρειν
495 1612 635 1685 μηδὲ
655 1610 831 1682 ἄγειν,
856 1608 987 1683 μηδ’
1026 1603 1100 1665 αὖ
1134 1616 1380 1681 χρῆσθαι
1416 1610 1614 1680 μηδενὶ
1649 1615 1766 1665 τοῖν

64 1705 169 1754 τοῦ
188 1699 373 1765 πέλας,
394 1694 495 1752 έάν
513 1693 588 1767 μὴ
608 1698 771 1767 πείσῃ
799 1692 903 1750 τὸν
930 1696 1293 1764 κεκτημένον·
1328 1695 1388 1748 ἐκ
1417 1690 1528 1763 γὰρ
1562 1692 1628 1763 δὴ
1661 1699 1766 1748 τοῦ
1867 1751 1871 1756 ,

62 1779 327 1836 τοιούτου
343 1778 536 1849 ,πάντα
563 1771 853 1849 ἠρτημένα
871 1774 942 1831 τά
972 1780 1068 1845 [τε]
1103 1775 1362 1845 εἰρημένα
1390 1771 1535 1829 κακοὶ
1565 1775 1763 1843 γέγονε

62 1863 157 1917 καὶ
175 1865 290 1916 ἔστι
310 1860 404 1915 καὶ
422 1863 587 1915 ἔσται.
625 1860 855 1929 μέγιστα
875 1858 935 1912 δὲ
955 1854 1022 1928 δὴ
1044 1861 1160 1912 τῶν
1178 1862 1392 1912 λοιπῶν
1412 1850 1474 1911 αἷ
1487 1861 1602 1910 τῶν
1619 1859 1766 1910 νέων

61 1940 355 1999 ἀκολασίαι
375 1961 435 1996 τε
453 1942 546 1996 καὶ
564 1938 757 2013 ὕβρεις
770 1961 781 1972 ·
819 1942 898 2005 εἰς
921 1941 1149 2009 μέγιστα
1170 1942 1247 2010 δέ,
1274 1937 1412 1994 ὅταν
1430 1942 1506 2003 εἰς
1525 1935 1647 2002 ἱερὰ
1676 1941 1767 2006 γί-

61 2044 323 2095 γνωνται,
345 2024 441 2078 καὶ
470 2021 852 2092 διαφερόντως
882 2014 957 2076 αὖ
985 2020 1216 2091 μεγάλα,
1249 2019 1492 2084 ὅταν.εἰς
1526 2018 1765 2090 δημόσια

61 2107 155 2163 καὶ
172 2103 304 2175 ἅγια
320 2099 359 2174 ἦ
377 2101 518 2159 κατὰ
546 2104 686 2174 μέρη
705 2101 869 2159 κοινοὶ
889 2099 1160 2173 φυλετῶν
1174 2101 1213 2174 ἥ
1233 2123 1404 2158 τινων
1431 2100 1619 2158 ἄλλων
1645 2120 1768 2156 τοι-

64 2187 252 2243 ούτων
275 2183 792 2255 κεκοινωνηκότων·
834 2189 910 2250 είς
930 2183 1051 2255 ἱερὰ
1073 2185 1133 2241 δὲ
1154 2187 1267 2241 ῖδια
1285 2186 1376 2240 καὶ
1393 2182 1608 2254 τάφους
1626 2182 1758 2239 δεύ-
1790 2194 1878 2242 885

63 2289 197 2337 τερα
215 2268 308 2324 καὶ
332 2267 618 2337 δευτέρως,
637 2271 716 2332 είς
735 2265 795 2323 δὲ
813 2268 1012 2338 γονέας
1032 2271 1206 2338 τρίτα,
1235 2267 1399 2338 χωρὶς
1417 2270 1532 2322 τῶν
1551 2268 1761 2337 ἔμπρο-

63 2356 209 2406 σθεν
248 2350 581 2420 εἰρημένων,
626 2347 766 2405 ’όταν
808 2347 1003 2423 ὑβρίζῃ
1048 2371 1143 2414 τις.
1206 2351 1470 2420 τέταρτον
1498 2350 1567 2403 δὲ
1601 2347 1763 2417 γένος

61 2428 296 2503 ὕβρεως,
317 2429 455 2487 ὅταν
471 2429 864 2503 ἀφροντιστῶν
887 2454 968 2497 τις
986 2437 1100 2487 τῶν
1126 2429 1415 2503 ἀρχόντων
1435 2427 1544 2502 ἄγῃ
1562 2424 1600 2500 ἢ
1617 2429 1762 2499 φέρῃ

65 2506 104 2582 ἢ
120 2517 315 2582 χρῆταί
338 2535 448 2569 τινι
462 2518 580 2570 τῶν
603 2516 836 2571 ἐκείνων
854 2512 929 2586 μὴ
949 2517 1143 2579 πείσας
1162 2510 1370 2577 αὐτούς
1383 2533 1394 2543 ·
1430 2514 1681 2582 πέμπτον
1700 2509 1761 2563 δὲ

12 2619 18 2628 ·
65 2589 130 2649 τό
152 2592 439 2651 πολιτικὸν
455 2591 529 2652 ὅῖν
550 2603 633 2668 εἴη
657 2596 895 2654 ἑκάστου
918 2601 1033 2652 τῶν
1050 2595 1294 2652 πολιτῶν
1310 2591 1586 2665 ὑβρισθὲν
1597 2595 1762 2662 δίκην

66 2674 530 2746 ἐπικαλούμενον·
568 2674 650 2744 οἷς
669 2678 737 2749 δὴ
759 2680 954 2735 δοτέον
974 2682 1051 2742 είς
1069 2674 1266 2733 κοινὸν
1283 2676 1463 2746 νόμον
1493 2674 1759 2737 ἑκάστοις.

66 2761 350 2827 ἱεροσυλία
369 2758 472 2828 μὲν
488 2759 597 2830 γὰρ
617 2767 829 2832 εἴρηται
840 2759 1174 2830 ξυλλήβδην,
1186 2757 1367 2831 βίαιός
1383 2778 1441 2812 τε
1461 2757 1552 2812 καὶ
1572 2755 1760 2827 λάθρᾳ

67 2838 168 2897 ἐὰν
187 2843 456 2911 γίγνηται,
474 2844 532 2896 τί
552 2839 655 2914 χρὴ
675 2843 931 2915 πάσχειν·
970 2840 1079 2899 ὅσα
1108 2843 1168 2898 δὲ
1195 2840 1343 2915 λόγῳ
1363 2839 1454 2896 καὶ
1482 2836 1586 2895 ὅσα
1618 2841 1760 2912 ἔργφ
1791 2848 1824 2890 Β
