1976 3172
241 122 346 176 324
842 126 1313 175 ΠΛΑΤΩΝΟΣ
1374 84 1378 87 -

381 261 498 311 KA.
545 259 614 310 Τί
629 254 770 325 μήν;

356 330 494 394 ΛΘ.
535 335 928 407 Φυλάττωμεν
944 335 1010 408 δὴ
1041 337 1389 394 παντάπασιν
1419 338 1702 413 ἀπατηλὸν
1730 346 1916 420 λόγον,

238 420 313 492 μή
341 439 417 493 πῃ
443 418 757 493 πρεσβύτας
791 418 936 492 ἡμᾶς
970 419 1136 485 ὄντας
1162 420 1470 493 νεοπρεπὴς
1503 419 1583 479 ὠν
1607 435 1920 502 παραπείσῃ

237 502 328 557 καὶ
357 501 652 574 διαφυγών
685 501 1126 573 καταγελάστους
1161 501 1380 575 ποιήσῃ,
1410 506 1503 560 καὶ
1532 504 1775 579 δόξωμεν
1800 516 1920 581 μεί,

237 587 368 649 ζονα
397 584 819 655 ἐπιβαλλόμενοι
844 584 935 639 καὶ
949 590 1060 639 τῶν
1071 592 1316 654 σμικρων
1330 584 1638 658 ἀποτυχεῖν.
1669 604 1920 648 σκοπεῖτε

236 659 367 720 οὖν·
403 669 455 722 εἰ
470 665 727 736 καθαπερ
758 663 1009 737 ποταμὸν
1038 664 1183 737 ἡμᾶς
1212 670 1322 722 ἔδει
1346 680 1491 739 τρεῖς
1520 669 1686 737 ὄντας
1705 677 1920 745 διαβαί-

235 767 355 802 νειν
372 749 570 818 ῥέοντα
590 747 826 819 σφόδρα,
849 749 1120 813 νεώτατος
1140 749 1193 804 δ’
1215 748 1320 820 ἐγώ
1340 753 1631 822 τυγχάνων
1650 753 1810 826 ἡμῶν
1828 757 1920 811 καὶ

174 849 207 889 Ε
238 836 461 885 πολλων
479 830 732 900 ἔμπειρος
751 829 1044 901 ῥευματων
1065 830 1273 887 εἷπον”
1250 831 1337 888 ότι
1359 853 1580 902 πρωτον
1604 836 1697 908 ἐμὲ
1722 843 1920 909 χρῆναι

238 910 719 982 πειραθῆναικατ’
746 909 1007 982 ἐμαυτόν,
1037 910 1408 969 καταλιπόντα
1427 916 1570 984 ὑμας
1596 921 1658 973 ἐν
1684 915 1927 989 ασφαλεῖ

237 997 550 1061 σκέψασθαι
578 997 629 1050 εἰ
657 992 914 1066 διαβατός
936 996 1049 1050 ἐστι
1076 997 1468 1067 πρεσβυτέροις
1497 991 1626 1052 ουσι
1652 999 1799 1054 καὶ
1766 1013 1918 1071 υμῖν,

235 1072 271 1148 ἢ
290 1097 405 1142 πως
422 1080 544 1147 ἔχει,
565 1077 657 1132 καὶ
675 1079 946 1148 φανέντος
975 1077 1077 1148 μὲν
1106 1077 1279 1150 ταύτῃ
1306 1084 1493 1133 καλεῖν
1510 1077 1659 1149 υμᾶς
1676 1080 1800 1136 τότε
1829 1085 1922 1137 καὶ

237 1157 686 1231 συνδιαβιβαζειν
703 1153 972 1231 ἐμπειρίᾳ,
995 1162 1044 1214 εἰ
1062 1158 1121 1214 δὲ
1141 1157 1343 1229 ἄβατος
1370 1151 1442 1229 ἦν
1462 1155 1536 1223 ὥς
1553 1156 1702 1230 ὑμῖν,
1723 1163 1784 1216 ἐν
1802 1163 1922 1232 ἐμοὶ

234 1241 334 1300 τὸν
353 1245 623 1298 κίνδυνον
640 1243 947 1313 γεγονέναι,
977 1246 1208 1314 μετρίως
1235 1237 1308 1296 ἂν
1337 1240 1573 1297 ἐδόκουν
1602 1243 1794 1312 λέγειν.
1830 1247 1922 1300 καὶ

236 1323 301 1395 δὴ
322 1324 414 1380 καὶ
433 1330 542 1403 νῦν
561 1321 590 1380 ὁ
622 1326 839 1395 μέλλων
859 1324 971 1379 ἐστὶ
999 1323 1164 1395 λόγος
1191 1322 1565 1394 σφοδρότερος
1594 1325 1688 1379 καὶ
1721 1324 1921 1395 σχεδὸν

236 1412 366 1470 ἴσως
385 1404 589 1477 ἄβατος
608 1403 680 1470 ὡς
704 1411 776 1476 τῇ
793 1412 955 1478 σφῷν
983 1406 1166 1475 ῥώμῃ·
1195 1403 1268 1474 μὴ
1301 1403 1368 1474 δὴ
1399 1408 1750 1459 σκοτοδινίαν
1777 1413 1919 1477 ἴλιγ-

120 1499 206 1545 893
234 1490 338 1557 γόν
355 1509 413 1543 τε
430 1485 564 1558 ὑμῖν
591 1485 862 1558 ἐμποιήσῃ
883 1484 1341 1556 παραφερόμενός
1368 1506 1426 1542 τε
1455 1487 1547 1540 καὶ
1575 1486 1797 1555 ἐρωτῶν
1815 1484 1918 1558 οἰή-

234 1577 358 1634 θεις
385 1568 548 1632 ὄντας
577 1565 945 1639 ἀποκρίσεων,
978 1564 1078 1622 εἶτ’
1107 1564 1499 1636 ἀσχημοσύνην
1530 1563 1836 1637 ἀπρέπειάν
1860 1590 1919 1623 τε

234 1653 426 1722 ἐντέκῃ
454 1647 616 1720 ἀηδῆ,
637 1652 793 1704 δοκεῖ
821 1649 889 1720 δή
921 1669 1014 1719 μοι
1044 1654 1243 1720 χρῆναι
1278 1657 1459 1702 ποιεῖν
1485 1643 1687 1703 οὑτωσὶ
1714 1646 1782 1704 τὰ
1811 1654 1920 1705 νῦν

232 1733 352 1803 ἐμέ,
395 1725 684 1803 ἀνερωτᾷν
730 1737 954 1799 πρῶτον
995 1727 1236 1800 ἐμαυτὸν
1284 1726 1608 1785 ἀκουόντων
1648 1726 1810 1802 ὑμῶν
1844 1734 1919 1787 -ἐν

234 1813 486 1884 ἀσφαλεῖ,
525 1813 617 1868 καὶ
650 1833 786 1883 μετα
822 1832 996 1866 ταυτα
1033 1809 1446 1913 ἀποκρίνασθαι
1475 1811 1644 1867 παλιν
1679 1814 1790 1884 ἐμέ,
1826 1815 1919 1869 καὶ

232 1894 333 1951 τὸν
360 1896 532 1965 λόγον
561 1894 781 1950 ἅπαντα
815 1892 961 1950 οὕτω
997 1897 1317 1964 διεξελθεῖν,
1341 1896 1611 1991 μέχριπερ
1633 1889 1705 1948 α“ν
1740 1901 1920 1966 ψυχῆς

233 1982 357 2050 πέρι
379 1976 774 2048 διαπεράνηται
794 1978 886 2032 καὶ
905 1979 1053 2048 δείξῃ
1067 1975 1342 2046 πρότερον
1361 1969 1430 2029 ὃν
1446 1971 1629 2045 ψυχὴν
1649 1974 1912 2044 σώματος.

373 2065 492 2118 KA.
516 2057 748 2131 ’Ἀριστ’,
774 2081 817 2115 ω
843 2061 979 2130 ξένε,
1001 2062 1178 2124 δοκεῖς
1202 2055 1336 2130 ἡμῖν
1363 2060 1654 2129 εἰρηκέναι,
1684 2063 1827 2112 ποίει
1856 2077 1915 2111 τε

235 2139 305 2206 ὡς
331 2143 520 2211 λέγεις.
1921 2200 1928 2202 ,

173 2247 207 2287 Β
372 2228 454 2280 VI.
488 2230 606 2280 ΑΘ.
630 2222 758 2294 ’Ἀγε
775 2222 862 2295 δή,
874 2221 1016 2279 θεὸν
1035 2217 1232 2280 εἴποτε
1245 2223 1627 2295 παρακλητέον
1642 2219 1793 2292 ἡμῖν,
1806 2227 1914 2277 νῦν

231 2307 368 2360 ἔστω
387 2311 552 2361 τοῦτο
572 2305 718 2362 οὕτω
739 2305 1045 2377 γενόμενον
1058 2328 1070 2341 ·
1101 2309 1194 2362 ἐπί
1209 2327 1272 2376 γε
1291 2304 1571 2371 ἀπόδειξιν
1600 2301 1671 2368 ὡς
1691 2304 1794 2359 εἰσὶ
1812 2300 1914 2371 τὴν

232 2383 419 2441 αὐτῶν
455 2389 671 2456 σπουδῇ
709 2385 859 2456 πάσῃ
895 2386 1400 2456 παρακεκλήσθων·
1446 2386 1695 2455 ἐχόμενοι
1737 2384 1797 2437 δὲ
1838 2381 1913 2447 ὥς

230 2489 380 2532 τινος
400 2465 688 2539 ασφαλοῦς
705 2471 1001 2536 πείσματος
1011 2468 1444 2570 ἐπεισβαίνωμεν
1466 2470 1541 2530 εἰς
1561 2462 1659 2520 τὸν
1687 2470 1795 2520 νῦν
1815 2464 1913 2520 λό-

228 2571 348 2620 γον.
386 2554 483 2605 καί
496 2570 590 2620 μοι
609 2550 943 2626 ἐλεγχομένω
964 2549 1089 2618 περὶ
1116 2569 1184 2602 τα
1214 2554 1441 2602 τοιαῦτα
1470 2546 1768 2618 ἐρωτήσεσι
1796 2567 1911 2603 τοι-

229 2636 384 2687 αῖσδε
405 2631 792 2733 ασφαλέστατα
817 2628 1221 2702 αποκρίνεσθαι
1240 2635 1494 2701 φαίνεται
1514 2652 1649 2686 κατα
1673 2628 1828 2684 ταδε·

227 2716 365 2783 ξένε,
399 2712 612 2770 ὁπόταν
644 2721 726 2786 φῇ
752 2721 850 2784 τις,
888 2734 998 2784 αρα
1029 2714 1220 2785 ἕστηκε
1238 2735 1338 2785 μεν
1370 2734 1566 2785 παντα,
1596 2722 1824 2768 κινεῖται
1851 2711 1910 2766 δε

227 2794 420 2863 οὐδέν;
458 2795 494 2868 ἢ
520 2797 699 2869 τούτῳ
719 2803 831 2853 πᾶν
850 2795 1201 2861 τούναντίον;
1248 2791 1283 2865 ἢ
1303 2795 1369 2849 τα
1394 2797 1495 2865 μὲν
1526 2792 1710 2850 αυτοὸν
1738 2804 1909 2848 κινεῖ-
