1976 3172
250 124 356 177 214
865 125 1340 175 ΠΛΑΤΩΝΟΣ

249 257 568 315 παντάπασι
585 260 986 328 καταγέλαστος
1006 255 1234 329 γίγνοιτ’
1257 257 1356 324 ἄνς
1393 263 1600 331 ἴδωμεν
1629 260 1696 333 δὴ
1728 262 1790 318 τὸ
1822 285 1933 318 τοι-

253 340 285 396 ό
292 344 359 397 νδ
365 337 379 361 ’
403 345 482 397 ἔτι
499 341 626 412 περὶ
642 337 801 396 αὐτά.
838 337 1253 415 ἀσφαλέστατον
1272 341 1532 413 καθάπερ
1551 341 1794 413 ἐκμαγεῖ’
1818 343 1935 400 ἅττ’
1971 406 1976 409 ,

253 421 468 480 αὐτοῖσι
486 429 711 493 πρῶτον
729 421 1050 479 πλάσασθαι
1064 427 1139 497 τῷ
1160 422 1307 496 λόγῳ
1323 444 1334 456 ·
1373 427 1514 494 λέγω
1535 423 1593 479 δὲ
1623 427 1686 479 ἓν
1706 424 1807 494 μὲν
1825 430 1939 481 τῶν

253 506 559 576 ἐκμαγείων
588 503 727 560 εἶναι
744 504 965 561 τοιόνδε
992 525 1066 560 τι·
1100 510 1304 570 θυσίας
1338 506 1638 577 γενομένης
1657 508 1750 561 καὶ
1773 509 1939 574 ἱερῶν

252 587 583 642 καυθέντων
602 585 741 642 κατὰ
759 583 954 656 νόμον,
978 584 1122 660 εἴτῴ
1148 607 1245 656 τις,
1281 589 1482 658 φαμέν,
1515 590 1628 660 ἰδίᾳ
1655 585 1940 658 παραστὰς

196 677 226 718 C
254 679 368 733 τοῖς
387 673 593 739 βωμοῖς
612 677 670 723 τε
688 668 780 723 καὶ
799 670 982 737 ἱεροῖς,
1002 665 1124 732 υίὸς
1150 663 1188 738 ἦ
1214 669 1305 724 καὶ
1332 665 1591 739 ἀδελφός,
1621 674 1944 740 βλασφημοῖ

250 753 438 804 πᾶσαν
458 754 832 823 βλασφημίαν,
849 744 932 820 ἆρ’
952 748 1058 806 οὐκ
1077 745 1150 805 ἂν
1162 761 1367 821 φαῖμεν
1385 747 1638 822 άθυμίαν
1653 754 1744 806 καὶ
1762 750 1940 821 κακὴν
1974 814 1976 818 ,

251 829 422 884 ὄτταν
433 831 523 883 καὶ
539 835 804 899 μαντείαν
813 834 975 901 πατρὶ
994 833 1217 896 καὶτοῖς
1237 830 1423 897 ἄλλοις
1442 828 1514 887 ἂν
1526 835 1937 902 οἰκείοιςφθέγ-

251 930 404 979 γοιτο
425 912 688 976 έντιθείς;
800 961 821 968 ,

393 996 511 1049 ΚΛ.
557 996 626 1046 Τί
648 990 784 1062 μήν;

393 1078 511 1128 ΑΘ.
547 1070 638 1128 Ἐν
655 1077 849 1128 τοίνυν
868 1082 982 1138 τοῖς
998 1070 1132 1144 παρ’
1156 1069 1289 1144 ἡμῖν
1307 1071 1494 1139 τόποις
1512 1071 1668 1129 τοῦτ’
1689 1076 1800 1130 ἐστὶ
1825 1085 1940 1139 ταῖς
1974 1087 1976 1089 ’

252 1156 448 1214 πόλεσι
466 1156 801 1228 γιγνόμενον
819 1154 892 1222 ὡς
912 1161 1042 1222 ἔπος
1071 1160 1245 1213 εἰπεῖν
1269 1156 1466 1228 σχεδὸν
1492 1154 1684 1229 ὀλίγου
1713 1157 1937 1223 πάσαις·

250 1243 489 1312 δημοσίᾳ
510 1240 619 1311 γάρ
639 1261 762 1295 τινα
779 1243 992 1295 θυσίαν
1013 1236 1151 1294 ὅταν
1169 1235 1308 1310 ἀρχή
1327 1260 1408 1303 τις
1426 1237 1598 1310 θύσῃ,
1613 1239 1749 1310 μετά
1766 1245 1939 1294 ταῦτα

249 1319 415 1391 χορὸς
439 1318 542 1392 οὐχ
578 1316 654 1387 εἷς
683 1318 822 1377 ἀλλὰ
857 1327 1078 1391 πλῆθος
1106 1326 1291 1391 χορῶν
1314 1319 1452 1391 ἥκει,
1477 1322 1569 1376 καὶ
1604 1319 1830 1385 στάντες
1869 1317 1938 1376 οὐ

178 1416 212 1455 D
250 1402 445 1473 πόρρω
467 1408 820 1473 τῶνβωμῶν,
851 1400 991 1457 ἀλλὰ
1013 1398 1146 1471 παρ’
1175 1397 1380 1464 αὐτοὺς
1398 1404 1569 1456 ἐνίοτε
1597 1406 1782 1455 πᾶσαν
1801 1405 1938 1470 βλα-

251 1487 502 1554 σφημίαν
531 1489 646 1538 τῶν
681 1486 850 1553 ἱερῶν
882 1484 1225 1552 καταχέουσι,
1248 1480 1458 1553 ῥήμασί
1483 1502 1542 1537 τε
1579 1483 1672 1537 καὶ
1699 1481 1937 1550 ῥυθμοῖς

249 1567 341 1621 καὶ
360 1564 762 1635 γοωδεστάταις
770 1561 1070 1666 ἁρμονίαις
1090 1568 1468 1626 συντείνοντες
1484 1583 1580 1626 τας
1590 1582 1704 1617 των
1717 1559 1949 1637 12'cxpoco—¹
1974 1560 1976 1562 ’

247 1648 434 1716 μένων
461 1645 656 1716 ψυχάς,
696 1646 789 1700 καὶ
817 1643 876 1709 ὂς
904 1639 976 1699 ἂν
996 1648 1269 1715 δακρῦσαι
1288 1643 1526 1714 μάλιστα
1543 1641 1646 1714 τὴν
1674 1641 1940 1698 θύσασαν
1971 1692 1976 1710 ⁴-

249 1733 579 1800 παραχρῆμα
600 1725 803 1798 ποιήσῃ
823 1724 1004 1795 πόλιν,
1026 1717 1190 1789 οὗτος
1207 1721 1274 1779 τὰ
1294 1722 1582 1795 νικητήρια
1601 1726 1781 1794 φέρει·
1802 1729 1933 1779 τοῦ·
1970 1738 1976 1798 j

247 1830 348 1866 τον
379 1807 446 1880 δὴ
466 1807 566 1864 τὸν
592 1807 770 1879 νόμον
800 1801 892 1876 αρ’
931 1805 1036 1863 οὐκ
1065 1804 1560 1877 άποψηφιζόμεθα;
1602 1808 1694 1861 καὶ
1735 1812 1788 1861 εἴ
1810 1802 1930 1860 ποτ’

248 1890 357 1963 ἄρα
377 1893 467 1945 δεῖ
477 1888 751 1945 τοιούτων
770 1896 971 1945 οἴκτων
1001 1893 1295 1959 γίγνεσθαι
1321 1887 1453 1952 τοὺς
1483 1891 1710 1952 πολίτας
1730 1885 1936 1957 έπηκό-
1967 1895 1976 1957 ξ

246 1993 360 2043 ους,
394 1968 609 2027 ὁπόταν
640 1969 841 2043 ἡμέραι
870 1970 943 2042 μὴ
975 1974 1226 2040 καθαραί
1255 1990 1399 2034 τινες
1435 1966 1577 2024 ἄλλα
1615 1966 1935 2038 ἀποφράδες

182 2060 223 2100 Ἐ
254 2046 371 2122 ὦσι,
391 2051 519 2108 τόθ’
549 2051 710 2124 ἥκειν
730 2055 858 2109 δέον
877 2048 950 2108 ἂν
971 2060 1052 2123 εἴη
1073 2057 1291 2126 μᾶλλον,
1313 2049 1514 2122 χορούς
1544 2059 1698 2114 τινας
1724 2052 1933 2114 ἔξωθεν
1949 2026 1976 2118 ,ὃ

247 2135 707 2205 μεμισθωμένους
737 2131 934 2209 ᾠδούς,
965 2130 1086 2190 οἷον
1114 2137 1172 2189 οἱ
1195 2134 1318 2205 περὶ
1345 2129 1477 2197 τοὺς
1504 2131 1933 2202 τελευτήσαντας
1973 2183 1976 2185 ,

246 2213 620 2286 μισθούμενοι
631 2222 851 2289 Καρικῇ
869 2217 977 2272 τινὶ
989 2215 1174 2288 μούσῃ
1191 2217 1578 2285 προπέμπουσι
1596 2209 1727 2276 τούς
1744 2218 1932 2267 τελευ-

246 2294 537 2366 τήσαντας,
558 2297 816 2352 τοιοῦτόν
835 2315 947 2352 που
966 2299 1180 2367 πρέπον
1209 2293 1282 2351 ἂν
1312 2303 1394 2366 εἴη
1418 2296 1510 2350 καὶ
1537 2296 1663 2364 περὶ
1690 2291 1787 2357 τὰς
1815 2313 1931 2348 τοι-

247 2375 420 2441 αύτας
438 2374 586 2449 ςὸδας
604 2376 954 2447 γιγνόμενον,
976 2379 1069 2433 καὶ
1087 2376 1154 2447 δὴ
1176 2379 1267 2432 καὶ
1285 2376 1453 2445 στολή
1471 2378 1539 2443 γε’
1549 2395 1660 2429 που
1678 2384 1794 2434 ταῖς
1812 2375 1930 2427 ἐπι-

225 2462 484 2530 κηδείοις
514 2455 680 2532 ςόδαῖς
711 2456 780 2513 οὐ
810 2460 1074 2527 στέφανοι
1102 2457 1365 2525 πρέποιεν
1391 2451 1465 2509 ἂν
1493 2452 1617 2509 οὐδ
1648 2456 1930 2523 ἐπίχρυσοι

246 2538 464 2610 κόσμοι,
486 2545 601 2596 πᾶν
630 2539 690 2595 δε
717 2537 1063 2608 τούναντίον,
1085 2536 1163 2593 ι’ν’
1197 2535 1229 2592 ὅ
1257 2558 1308 2591 τι
1336 2534 1560 2606 τάχιστα
1589 2536 1713 2603 περὶ
1743 2530 1928 2588 αὐτῶν

247 2624 424 2692 λέγων
450 2620 904 2696 ἀπαλλάττωμαι·
927 2618 988 2675 τὸ
1011 2618 1071 2675 δε
1088 2625 1358 2675 τοσοῦτον
1374 2615 1514 2688 ἡμᾶς
1533 2613 1740 2680 αὐτοὺς
1758 2618 1928 2671 ἐπαν-

247 2709 433 2774 ερωτῶ
469 2704 655 2773 πάλιν,
692 2708 807 2759 τῶν
834 2705 1139 2774 ἐκμαγείων
1176 2712 1292 2766 ταῖς
1325 2697 1489 2790 ᾠδαῖς
1521 2702 1572 2754 εί
1608 2717 1830 2768 πρωτον
1866 2697 1927 2750 ἓν

243 2782 413 2840 τοῦθ’
436 2782 569 2856 ἡμῖν
588 2782 826 2856 ἀρέσκον
846 2788 1093 2841 κείσθω.
