1976 3172
715 127 1030 178 ΝΟΜῼΝ
1061 122 1122 192 γ’.
1690 106 1782 181 75

68 269 251 336 ξαντο,
276 262 397 321 ἀλλ’
420 262 563 321 ὅστε
582 260 871 325 θανάτους
883 280 943 315 τε
967 261 1061 316 καὶ
1091 260 1313 332 σφαγὰς
1338 264 1431 319 καὶ
1457 263 1643 334 φυγὰς
1661 284 1757 335 γε-
1779 272 1814 313 Ε

65 350 267 404 νέσθαι
288 344 638 418 παμπόλλας;
665 347 724 399 οἳ
737 340 907 398 πάλιν
934 342 1260 408 ἐκπεσόντες
1285 349 1571 414 κατῆλθον
1589 366 1758 416 μετα-

67 428 334 502 βαλόντες
362 427 562 498 ὄνομα,
581 430 809 495 Δωριῆς
837 420 963 478 ἄντ’
992 421 1224 494 Ἀχαιῶν
1250 427 1553 495 κληθέντες
1579 424 1669 481 διὰ
1691 426 1777 482 τό.

65 513 166 569 τὸν
187 515 523 576 συλλέξαντα
541 505 682 563 εἶναι
699 504 797 572 τὰς
813 505 938 562 τότε
950 504 1136 577 φυγὰς
1147 511 1358 578 Δωριᾶ.
1379 508 1474 562 καὶ
1495 506 1561 578 δὴ
1581 509 1757 564 ταῦτα’

69 615 133 664 γε
157 592 264 664 ἤδη
282 588 461 646 πάνθ’
478 586 652 660 ὑμεῖς,
682 581 730 644 a?
756 589 1205 661 Λακεδαιμόνιοι,
1240 585 1549 644 τάντεῦθεν
1569 596 1759 659 μυθο-

64 683 272 746 λογεῖτε
291 674 386 730 καὶ
409 674 804 742 διαπεραίνετε.

202 761 335 812 ΜΕ.
378 758 450 811 Τι’
460 752 596 826 μήν;
1509 782 1515 786 -

208 842 269 894 V.
306 843 426 897 ΑΘ.
444 835 622 893 Ὅθεν
641 834 709 909 δὴ
729 833 854 892 κατ’
875 831 1045 906 ἀρχὰς
1064 835 1476 907 ἐξετραπόμεθα
1499 835 1623 905 περὶ
1655 833 1758 890 νό-

62 942 187 993 μων
204 919 605 992 διαλεγόμενοι,
624 916 1013 991 περιπεσόντες
1040 923 1283 988 μουσικῇ
1310 937 1370 972 τε
1397 919 1489 973 καὶ
1515 926 1632 981 ταῖς
1659 919 1760 987 μέ-

65 1009 214 1074 θαις,
235 1008 346 1058 νῦν
369 1002 458 1058 ἐπὶ
473 998 542 1058 τὰ
561 997 703 1057 αὐτὰ
723 998 896 1057 πάλιν
911 996 1201 1070 ἀφίγμεθα
1230 997 1417 1070 ω’σπερ
1429 998 1576 1055 κατὰ
1593 997 1756 1068 θεόν,

67 1081 217 1140 καὶὸ
251 1086 418 1156 λόγος
454 1082 588 1155 ἡμῖν
624 1077 747 1139 οἷον
773 1082 952 1154 λαβὴν
982 1078 1347 1137 ἀποδίδωσιν·
1378 1078 1502 1152 ἥκει
1534 1077 1643 1150 γὰρ
1669 1080 1757 1135 ἐπὶ

67 1163 171 1235 τὴν
200 1170 277 1231 εἰς
303 1167 695 1235 Λακεδαίμονα
725 1167 1033 1220 κατοίκισιν
1061 1159 1258 1232 αὐτήν,
1287 1158 1360 1232 ἣν
1386 1159 1543 1232 ὑμεῖς
1571 1158 1761 1231 ὀρθῶς
1790 1178 1877 1224 683

67 1251 235 1316 ἔφατε
253 1252 635 1303 κατοικεῖσθαι
652 1248 745 1301 καὶ
763 1243 992 1316 Κρήτην
1011 1242 1085 1308 ὡς
1103 1241 1365 1313 ἀδελφοῖς
1391 1243 1598 1313 νόμοις.
1651 1247 1762 1298 νῦν

68 1320 176 1382 οὖν
194 1325 264 1397 δὴ
282 1326 517 1382 τοσόνδε
533 1330 976 1394 πλεονεκτοῦμεν
1003 1330 1073 1395 τῇ
1101 1322 1286 1395 πλάνῃ
1313 1328 1418 1378 τοῦ
1445 1323 1639 1393 λόγου,
1668 1320 1760 1378 διὰ

68 1414 360 1464 πολιτειῶν
380 1411 549 1463 τινῶν
567 1400 659 1462 καὶ
677 1410 1052 1475 κατοικισμῶν
1082 1402 1456 1469 διεξελθόντες
1468 1425 1480 1436 ·
1517 1403 1762 1460 ἐθεασά-

65 1499 214 1563 μεθα
240 1487 468 1563 πρωτην
486 1510 547 1545 τε
565 1490 658 1545 καὶ
677 1487 944 1558 δευτέραν
961 1487 1054 1542 καὶ
1070 1490 1260 1558 τρίτην
1278 1483 1462 1556 πόλιν,
1484 1483 1757 1557 ἀλλήλων,

69 1572 146 1642 ῶς
167 1574 424 1646 οἰόμεθα,
450 1585 569 1639 ταῖς
597 1575 967 1629 κατοικίσεσιν
994 1572 1255 1641 ἐχομένας
1277 1570 1340 1624 ἐν
1367 1567 1578 1641 χρόνου
1607 1565 1759 1631 τινὸς

65 1657 299 1730 μήκεσιν
317 1657 597 1722 α’πλέτοις·
627 1661 739 1712 νῦν
758 1653 818 1711 δὲ
834 1651 902 1725 δὴ
920 1673 1153 1726 τεταρτη
1171 1672 1255 1717 τις
1270 1647 1403 1723 ἡμῖν
1421 1649 1562 1723 αὕτη
1582 1650 1758 1720 πόλις,

65 1747 116 1799 εἰ
133 1742 193 1798 δὲ
210 1739 508 1814 βούλεσθε,
529 1737 746 1805 ἔθνος”
708 1759 830 1811 ηκει
849 1733 1301 1807 κατοικιζόμενόν
1317 1735 1380 1791 τέ
1386 1753 1520 1790 ποτε
1539 1733 1631 1789 καὶ
1650 1737 1759 1787 νῦν

64 1824 493 1898 κατῳκισμένον.
532 1824 587 1889 ἐξ
617 1815 700 1877 ὦν
728 1818 992 1876 ἁπάντων
1019 1824 1076 1874 εἴ
1090 1839 1143 1874 τι
1170 1819 1417 1884 ξυνεῖναι
1444 1813 1822 1886 δυναμεθα,Β

63 1912 120 1962 τί
132 1926 192 1963 τε
210 1903 447 1972 καλῶς’
408 1927 444 1977 η
466 1904 540 1977 μὴ
554 1908 893 1978 κατῳκίσθη,
907 1903 1000 1958 καὶ
1016 1911 1167 1957 ποῖοι
1185 1899 1351 1971 νόμοι
1370 1898 1643 1965 σώζουσιν
1664 1893 1759 1951 αὐ-

65 1993 183 2044 τῶν
198 2008 266 2044 τα
288 1986 572 2059 σωζόμενα
590 1987 683 2043 καὶ
704 1997 851 2042 ποῖοι
870 1988 1174 2056 φθείρουσι
1189 2003 1258 2038 τα
1277 1978 1643 2053 φθειρόμενα,
1666 1980 1759 2034 καὶ
1783 2040 1786 2041 ⁷

65 2066 189 2125 ἀντὶ
218 2072 395 2125 ποίων
423 2079 556 2124 ποτα
583 2069 952 2139 μετατεθέντα
985 2065 1287 2136 εὐδαίμονα
1316 2062 1483 2119 πόλιν
1513 2059 1760 2133 ἀπεργα-

71 2148 201 2217 ζοιτ’
227 2148 317 2220 ἄν,
339 2143 386 2206 ὦ
405 2150 653 2221 Μέγιλλέ
666 2171 724 2206 τε
744 2152 835 2205 καὶ
863 2152 1110 2217 Κλεινία,
1136 2150 1312 2202 ταῦτα
1343 2144 1410 2216 δὴ
1440 2143 1608 2214 παλιν
1638 2138 1759 2199 οἷον

65 2235 121 2298 ἐξ
142 2230 312 2304 αρχῆς
329 2228 461 2304 ἡμῖν
477 2234 719 2303 λεκτέον,
736 2235 787 2287 εἰ
799 2230 874 2302 μή
887 2253 938 2286 τι
956 2240 1069 2294 τοῖς
1089 2229 1396 2299 εἰρημένοις
1414 2228 1759 2298 ἐγκαλοῦμεν

65 2315 264 2387 λόγοις.

210 2402 342 2453 ΜΕ.
380 2400 631 2469 Εἰγοῦν,
662 2418 704 2453 ω
737 2398 874 2467 ξένε,
896 2417 979 2462 τις
1004 2392 1135 2467 ἡμῖν
1162 2391 1462 2466 ὑπόσχοιτο
1490 2391 1642 2465 θεός,
1667 2390 1758 2464 ῶς,

67 2475 167 2534 ἐὰν
183 2475 609 2551 ἐπιχειρήσωμεν
626 2477 688 2536 τὸ
710 2477 978 2550 δεύτερον
995 2481 1063 2550 τῇ
1082 2481 1179 2550 τῆς
1196 2482 1532 2548 νομοθεσίας
1551 2477 1821 2547 σκέψει,ο

73 2545 188 2614 τ’ὄτ
203 2565 315 2616 νῦν
330 2563 638 2634 εἰρημένων
649 2558 835 2633 λόγων
844 2558 915 2618 οὐ
931 2564 1152 2633 χείρους
1169 2555 1294 2615 οὐδ’
1316 2557 1577 2623 ἐλαττους
1595 2578 1758 2614 ακου-

2 2667 6 2682 ·
75 2654 110 2694 θ
111 2636 310 2710 όμοθα,
340 2661 562 2714 μακραν
596 2665 670 2700 αν
705 2647 927 2715 ἔλθοιμι
956 2646 1147 2713 ἔγωγε,
1182 2645 1282 2697 καί
1309 2661 1403 2712 μοι
1436 2637 1646 2713 βραχεῖ’
1689 2636 1760 2693 ἂν

73 2716 337 2792 θθξεθενὴ
355 2728 464 2780 νῦν
490 2730 747 2797 παροῦσα
776 2723 953 2799 ἡμέρα
981 2728 1291 2796 γίγνεσθαι.
1330 2731 1426 2780 καί
1450 2743 1535 2779 τοι
1563 2717 1762 2793 σχεδόν
