1976 3172
708 136 1024 186 NOMszN
1055 129 1118 184 α’.
1429 155 1438 159 ·
1719 133 1785 189 ll
1831 97 1836 104 ‘

99 274 190 328 καὶ
210 273 297 328 ἐπὶ
324 274 385 327 τὸ
415 270 796 342 πρεσβύτερον
814 269 1016 325 ἰόντων
1034 271 1191 342 μέχρι
1209 271 1409 342 γήρως,
1425 278 1669 343 τιμῶντα
1689 271 1790 344 ὀρ-

97 359 219 418 θῶς
238 356 612 424 ἐπιμελεῖσθαι
631 353 822 406 δεῖκαὶ
841 347 1188 421 ἀτιμάζοντα,
1218 354 1280 406 ἐν
1297 351 1500 417 πάσαις
1515 365 1632 418 ταῖς
1652 353 1790 410 τού-

98 456 214 490 των
232 432 467 506 ὁμιλίαις
482 432 582 497 τάς
598 453 658 488 τε
676 431 857 497 λύπας
873 429 1060 487 αὐτῶν
1089 433 1182 488 καὶ
1208 430 1309 497 τὰς
1336 430 1546 504 ἡδονὰς
1573 437 1664 489 καὶ
1691 433 1789 500 τὰς

99 511 395 587 ἐπιθυμίας
412 513 748 585 ξυμπάντων
775 535 834 569 τε
862 512 1087 584 ἐρώτων
1115 512 1214 580 τὰς
1242 515 1494 580 σπουδάς
1524 517 1789 586 ἐπεσκεμ-
1816 527 1903 573 632

96 601 267 670 μένον
284 596 376 652 καὶ
392 595 899 670 παραπεφυλαχότα
917 598 1107 666 ψέγειν
1126 617 1185 652 τε
1204 593 1394 667 ὀρθῶς
1422 597 1514 652 καὶ
1543 600 1790 653 ἐπαινεῖν

97 676 172 734 δι’
204 675 393 734 αὐτῶν
427 683 543 734 τῶν
570 677 789 749 νόμων·
827 680 891 734 έν
925 676 1117 748 ὀργαῖς
1155 698 1213 733 τε
1246 671 1322 733 αὖ
1350 679 1444 734 καὶ
1471 681 1533 743 ἐν
1570 677 1787 750 φόβοις,

96 759 224 816 ὅσαι
237 781 298 816 τε
317 757 408 815 διὰ
429 763 731 831 δυστυχίαν
752 762 982 832 ταραχαὶ
1011 771 1130 825 ταῖς
1156 769 1356 831 ψυχαῖς
1382 766 1672 832 γίγνονται
1696 761 1790 817 καὶ

97 841 227 899 ὅσαι
251 844 312 900 ἐν
342 839 618 913 εὐτυχίαις
645 848 762 898 τῶν
787 841 1062 898 τοιούτων
1089 839 1394 912 ἀποφυγαί,
1420 840 1526 899 ὅσα
1560 862 1619 898 τε
1646 840 1787 898 κατὰ

0 955 3 998 ;'
92 924 300 991 νόσους
314 920 351 997 ἢ
368 922 509 981 κατὰ
528 927 804 996 πολέμους
819 919 858 995 ἦ
878 929 1068 1004 πενίας
1084 919 1123 995 ἢ
1139 921 1206 979 τὰ
1223 923 1443 989 τούτοις
1459 926 1682 980 ἐναντία
1700 945 1788 995 γι-

93 1006 340 1080 γνόμενα
359 1011 688 1079 προσπίπτει
714 1017 831 1072 τοῖς
858 1004 1186 1078 ἀνθρώποις
1210 1006 1532 1078 παθήματα,
1564 1009 1626 1061 έν
1653 1012 1789 1061 πᾶσι

95 1100 210 1154 τοῖς
226 1088 499 1153 τοιούτοις
518 1094 615 1159 τῆς
635 1086 885 1144 ἑκάστων
906 1088 1211 1153 διαθέσεως
1241 1091 1531 1144 διδακτέον
1547 1089 1641 1144 καὶ
1668 1084 1789 1159 ὁρι-

98 1173 260 1226 στέον
275 1167 339 1225 τό
356 1191 415 1226 τε
432 1168 610 1226 καλὸν
630 1170 722 1225 καὶ
741 1168 833 1241 μή.
870 1169 1006 1240 μετὰ
1027 1170 1085 1226 δὲ
1114 1175 1288 1225 ταῦτα
1316 1167 1530 1241 ἀνάγκη
1558 1166 1659 1224 τὸν
1687 1190 1789 1224 νο-
1818 1179 1852 1220 Β

94 1254 342 1323 μοθέτην
356 1250 455 1315 τὰς
472 1243 690 1321 κτήσεις
710 1258 824 1306 τῶν
855 1258 1098 1308 πολιτῶν
1115 1255 1208 1308 καὶ
1230 1254 1297 1308 τὰ
1317 1251 1654 1323 ἀναλώματα
1672 1274 1788 1323 φυ-

23 1338 25 1352 ’
50 1389 59 1395 ,
94 1332 331 1401 λάττειν,
352 1329 549 1387 ὅντινα
568 1329 643 1386 ἄν
659 1334 914 1403 γήινηται
932 1332 1160 1402 τρόπον,
1194 1336 1287 1388 καὶ
1314 1331 1414 1398 τάς
1445 1332 1586 1404 πρὸς
1612 1330 1785 1405 ἀλλή-

92 1421 226 1478 λους
243 1419 380 1468 πᾶσι
397 1412 616 1478 τούτοις
642 1418 938 1479 κοινωνίας
956 1414 1050 1469 καὶ
1078 1414 1358 1479 διαλύσεις
1385 1416 1582 1470 ἑκοῦσί
1602 1435 1661 1470 τε
1693 1416 1787 1470 καὶ

92 1494 311 1565 ἄκουσι,
332 1491 471 1551 καθ’
493 1493 691 1551 ὁποῖον
711 1490 784 1550 ἀν
802 1494 1040 1551 ἕκαστον
1058 1494 1341 1566 πράττωσι
1370 1502 1486 1551 τῶν
1511 1494 1786 1551 τοιούτων

19 1570 21 1576 ⁴
92 1574 232 1647 πρὸς
261 1575 557 1648 ἀλλήλους,
594 1580 912 1634 ἐπισκοπεῖν
939 1576 1004 1633 τό
1039 1599 1099 1633 τε
1129 1581 1347 1634 δίκαιον
1373 1579 1467 1633 καὶ
1485 1576 1579 1650 μή,
1615 1579 1676 1634 ἐν
1706 1572 1787 1642 οἷς

92 1663 208 1715 ἔστι
223 1680 283 1715 τε
302 1661 393 1715 καὶ
413 1662 476 1716 ἐν
495 1654 577 1725 οἷς
592 1661 844 1730 ἐλλείπει,
865 1659 958 1714 καὶ
974 1671 1087 1724 τοῖς
1105 1656 1514 1730 μὲνέύπειθέσι
1541 1664 1655 1714 τῶν
1686 1658 1788 1714 νό-

91 1764 212 1815 μων
248 1740 408 1814 τιμὰς
443 1738 761 1815 ἀπονέμειν,
798 1751 913 1808 τοῖς
949 1744 1010 1798 δὲ
1046 1742 1376 1800 δυσπειθέσι
1405 1745 1561 1808 δίκας
1576 1740 1788 1817 Ιτακτόις

89 1826 415 1896 ἐπιτιθέναι,
436 1826 696 1896 μέχριπερ
728 1821 802 1881 ἀν
830 1824 971 1896 πρὸς
988 1827 1142 1892 τέλος
1155 1822 1374 1898 ἀπάσης
1392 1829 1669 1889 πολιτείας
1690 1828 1789 1879 έπ-
1818 1841 1850 1883 C

92 1908 339 1973 εξελθών
367 1911 477 1980 ἴδῃ,
502 1914 615 1964 τῶν
644 1908 1096 1980 τελευτησάντων
1134 1911 1259 1964 τίνα
1295 1910 1382 1963 δεῖ
1417 1907 1628 1978 τρόπον
1657 1904 1787 1961 ἑκά-

48 2034 60 2043 ,
91 2002 240 2054 στοις
255 1994 549 2060 γίγνεσθαι
571 1987 670 2055 τὰς
694 1987 875 2061 ταφὰς
892 1991 984 2045 καὶ
1006 1988 1168 2059 τιμάς
1191 1986 1419 2052 ἅστινας
1437 1983 1625 2051 αὐτοῖς
1643 1984 1787 2042 ἀπο-

94 2073 282 2140 νέμειν
299 2075 408 2127 δεῖ·
449 2070 691 2128 κατιδων
712 2071 773 2128 δὲ
789 2070 818 2127 ὁ
840 2074 962 2136 θεὶς
980 2069 1114 2136 τούς
1132 2069 1344 2142 νόμους
1362 2067 1537 2125 ἅπασι
1566 2068 1786 2134 τούτοις

96 2149 349 2220 φύλακας
369 2152 664 2224 ἐπιστήσει,
684 2152 816 2219 τοὺς
829 2153 934 2224 μὲν
956 2150 1047 2209 διὰ
1079 2151 1426 2224 φρονήσεως,
1452 2147 1586 2215 τούς
1614 2150 1675 2207 δὲ
1706 2147 1780 2206 δι’

91 2231 343 2304 ἀληθοῦς
381 2232 541 2305 δόξης
578 2234 781 2306 ἰόντας,
826 2233 978 2301 ὅπως
1012 2233 1194 2290 πάντα
1230 2240 1407 2290 ταῦτα
1442 2231 1719 2305 ξυνδήσας
1753 2229 1783 2289 ὁ

87 2319 226 2380 νοῦς
243 2314 485 2387 ἑπόμενα
504 2316 849 2390 σωφροσύνῃ
869 2317 961 2373 καὶ
982 2315 1314 2388 δικαιοσύνῃ
1334 2313 1619 2389 ἀποφήνῃ,
1642 2313 1783 2372 ἀλλά
1849 2346 1856 2352 -

0 2458 1 2462 Ἰ
89 2393 163 2469 μὴ
182 2396 406 2471 πλούτῳ
427 2399 565 2469 μηδὲ
586 2403 885 2473 φιλοτιμίᾳ.
938 2396 1132 2471 οὕτως,
1167 2392 1213 2455 ὦ
1242 2401 1406 2470 ξένοι,
1440 2403 1613 2471 ἔγωγε
1642 2397 1783 2472 ἤθε-

0 2494 3 2512 ·
92 2482 194 2532 λον
210 2473 282 2535 ἀν
305 2476 450 2551 ὑμᾶς
468 2480 559 2536 καὶ
579 2483 657 2536 ἔτι
677 2486 788 2537 νῦν
811 2481 1091 2555 βούλομαι
1113 2484 1434 2553 διεξελθεῖν,
1455 2487 1572 2547 πῶς
1590 2484 1652 2539 ἐν
1670 2491 1783 2544 τοῖς
1812 2498 1846 2539 D

87 2547 345 2628 wisza}
363 2560 680 2634 λεγομένοις
700 2562 895 2634 νόμοις
911 2574 1025 2631 τοῖς
1043 2586 1101 2621 τε
1119 2570 1224 2621 τοῦ
1243 2568 1476 2621 Πυθίου
1503 2562 1781 2620 Ἀπόλλω-

90 2658 203 2708 νος,
217 2636 315 2706 οὓς
334 2645 532 2711 Μίνως
550 2666 609 2701 τε
627 2645 720 2702 καὶ
739 2650 1069 2719 Λυκοῦργος
1087 2648 1305 2720 ἐθέτην,
1325 2650 1509 2703 ἔνεστί
1522 2668 1582 2703 τε
1600 2645 1780 2702 πάντα

91 2726 283 2791 ταῦτα,
304 2723 396 2781 καὶ
413 2722 524 2801 ὅπῃ
544 2725 701 2795 τάξιν
717 2726 843 2785 τινά
868 2728 1133 2801 εἰληφότα
1154 2728 1389 2801 διάδηλά
1408 2731 1521 2786 ἐστι
1548 2734 1624 2799 τῷ
1654 2726 1780 2797 περὶ
