1976 3172
286 139 389 192 192
821 100 827 106 ’
901 143 1378 214 ΠΛΑΤΩΝΟΣ

283 272 345 329 τὸ
366 278 538 345 θῆλυ,
560 270 649 328 διὰ
668 272 729 329 τὸ
759 270 1009 373 ἀσθενές,
1045 275 1151 331 οὐκ
1180 274 1370 346 ὀρθῶς
1399 278 1564 335 τοῦτο
1597 283 1841 345 εἴξαντος
1867 289 1969 338 τοῦ

283 355 600 435 νομοθέτου
632 353 992 411 δύστακτον
970 354 1038 411 ο“ν
1065 356 1293 429 ἀφείθη.
1335 358 1424 414 διὰ
1455 361 1515 417 δὲ
1543 361 1747 416 τούτου
1778 370 1969 432 μεθει-

283 440 456 509 μένου
485 435 662 491 πολλὰ
686 434 822 507 ὑμῖν
849 438 1112 510 παρέρρει
1143 438 1290 495 πολὺ
1316 439 1547 511 άμεινον
1576 439 1649 498 α“ν
1681 446 1890 514 ἔχοντα,
1923 447 1973 500 εἰ

282 521 475 590 νόμων
495 515 750 589 ἕτυχεν,’
724 542 757 590 η
790 518 856 574 τά
886 520 1130 576 νῦν·οὐ
1160 521 1265 591 γὰρ
1293 521 1464 594 ἥμισυ
1495 527 1672 595 μόνον
1700 528 1864 595 ἐστίν,
1897 547 1969 590 ως

216 611 250 653 Β
285 599 552 667 δόξειεν”
514 624 604 671 αν,
624 601 686 656 τὸ
707 603 830 672 περὶ
854 603 949 667 τὰς
975 614 1244 672 γυναῖκας
1272 602 1596 677 ἀκοσμήτως
1625 606 1976 677 περιορωμέτ

282 705 404 752 νον,
429 681 542 757 ὅσῳ
566 682 626 738 δὲ
649 680 682 754 ἡ
703 683 900 754 θήλεια
918 681 1052 755 ἡμῖν
1072 686 1239 755 φύσις
1256 688 1366 741 ἐστὶ
1391 686 1531 758 πρὸς
1549 686 1754 759 ἀρετὴν
1771 693 1968 758 χείρων

281 771 378 835 τῆς
396 772 510 820 τῶν
527 762 798 837 ἀρρένων,
820 767 1070 838 τοσούτῳ
1091 770 1340 839 διαφέρει
1367 767 1587 839 πρόςτὸ
1619 772 1790 825 πλέον
1817 765 1854 839 ἢ
1884 773 1968 824 δι-

284 846 526 901 πλάσιον
545 845 700 900 εἶναι.
739 846 895 902 τοῦτ’
918 841 1026 901 οὖν
1045 850 1415 918 ἐπαναλαβεῖν
1443 848 1534 906 καὶ
1563 851 1975 921 ἐπανορθώσα-ἰ

285 935 421 982 σθαι
439 928 530 982 καὶ
549 927 731 982 πάντα
761 927 1143 994 συντάξασθαι
1162 936 1321 1001 κοινῇ
1340 939 1561 1000 γυναιξί
1573 954 1631 988 τε
1649 934 1740 988 καὶ
1758 931 1970 1002 ἀνδρά-

284 1027 376 1066 σιν
395 1009 795 1081 ἐπιτηδεύματα
813 1012 1035 1082 βέλτιον
1063 1009 1203 1082 πρὸς
1222 1011 1434 1078 πόλεως
1453 1012 1838 1084 εὐδαιμονίαν·
1860 1021 1976 1070 νῦν

284 1094 345 1147 δὲ
383 1089 560 1156 οὕτως
593 1094 755 1163 ἦκται
789 1090 852 1147 τὸ
890 1114 1006 1149 των
1049 1091 1373 1166 ἀνθρώπων
1407 1097 1568 1165 γένος
1600 1093 1858 1167 οὕδαμως
1895 1101 1976 1162 εἰς

281 1179 447 1228 τοῦτο
470 1171 730 1245 εὐτυχῶς,
760 1172 900 1229 ω’στε
926 1171 1062 1230 οὐδὲ
1079 1183 1402 1248 μνησθῆναι
1425 1180 1550 1247 περὶ
1577 1177 1755 1234 αὐτοῦ
1780 1182 1840 1233 ἐν
1869 1177 1973 1235 άλ-

148 1257 152 1259 ’
227 1264 258 1306 G
284 1261 400 1319 λοις
431 1277 467 1325 γ
472 1253 619 1311 ’ἐστὶ
648 1255 836 1321 τόποις
867 1257 959 1312 καὶ
986 1256 1179 1314 πόλεσι
1210 1266 1351 1315 νοῦν
1388 1265 1625 1332 ἔχοντος,
1661 1260 1806 1317 ὅπου
1832 1260 1970 1332 μηδὲ

283 1340 532 1402 ξυσσίτια
551 1334 788 1410 ὑπάρχει
805 1337 867 1394 τὸ
902 1338 1167 1410 παράπαν
1201 1343 1503 1412 δεδογμένα
1530 1342 1669 1397 κατὰ
1695 1342 1860 1399 πόλιν
1891 1341 1969 1398 εἷ-

282 1440 390 1473 ναι.
430 1417 613 1474 πόθεν
634 1419 704 1490 δή
723 1424 802 1484 τίς
825 1441 888 1490 γε
917 1423 1060 1493 ἔργῳ
1092 1419 1164 1491 μὴ
1195 1423 1610 1492 καταγελάστως
1642 1423 1969 1494 ἐπιχειρήσει

282 1514 553 1574 γυναῖκας
581 1504 1017 1575 προσβιάζεσθαι
1035 1505 1141 1577 τὴν
1161 1511 1329 1562 σίτων
1355 1509 1448 1562 καὶ
1471 1512 1658 1561 ποτῶν
1686 1504 1967 1561 ἀνάλωσιν

284 1586 540 1656 φανερὰν
565 1594 932 1657 θεωρεῖσθαι;
971 1587 1178 1642 τούτου
1214 1589 1323 1660 γὰρ
1353 1585 1457 1643 οὐκ
1492 1592 1641 1643 ἐστιν
1679 1586 1790 1643 ὅτι
1806 1594 1967 1658 χαλε-

283 1666 538 1736 πώτερον
571 1663 644 1723 ἂν
673 1665 987 1739 ὑπομείνειε
1012 1674 1177 1724 τοῦτο
1202 1666 1263 1724 vd
1302 1672 1488 1739 γένος·
1521 1671 1841 1740 εἰθισμένον
1859 1669 1976 1739 γὰρ,

285 1747 518 1814 δεδυκὸς
536 1751 627 1805 καὶ
647 1751 937 1806 σκοτεινὸν
955 1755 1070 1823 ζῇν,
1101 1748 1379 1822 ἀγόμενον
1406 1749 1459 1806 δ’
1487 1755 1562 1817 εἰς
1591 1758 1710 1823 φῶς
1741 1755 1836 1824 βίᾳ
1856 1754 1967 1805 ποῖ-

285 1846 391 1886 σαν
411 1829 694 1887 ἀντίτασιν
711 1830 1021 1888 ἀντιτεῖνον
1039 1831 1183 1888 πολὺ
1203 1833 1462 1904 κρατήσει
1491 1840 1593 1888 τοῦ
1621 1836 1935 1904 νομοθέτου
1952 1835 1973 1864 ·’

220 1926 255 1966 1)
288 1909 444 1967 τοῦτ’
485 1906 591 1967 οὖν
627 1912 832 1970 ἄλλοθι
867 1917 986 1984 μέν,
1025 1907 1167 1985 ᾗπερ
1206 1914 1380 1985 εἷπον,
1413 1912 1537 1970 οὐδ’
1566 1911 1637 1970 ἀν
1674 1913 1772 1970 τὸν
1794 1915 1968 1983 λόγον

282 1992 597 2064 ὑπομείνειε
615 1993 717 2051 τὸν
738 1995 917 2067 ὀρθὸν
946 1999 1188 2069 ρηθέντα
1217 1997 1357 2053 ἄνευ
1384 1997 1562 2069 πάσης
1581 2003 1732 2069 βοῆς,
1762 1996 1976 2069 ἐνθάδεξ

284 2078 344 2129 δὲ
361 2083 493 2141 ἴσως
512 2075 599 2131 ἄν.
635 2081 687 2132 εἰ
704 2075 771 2149 δὴ
794 2081 949 2134 δοκεῖ
974 2078 1144 2148 λόγου
1166 2077 1219 2149 γ’
1238 2080 1407 2135 ’ἕνεκα
1427 2077 1499 2150 μή
1531 2077 1706 2150 ἀτυχῆ
1723 2077 1822 2134 τὸν
1842 2079 1976 2154 περὶξΊ

281 2156 461 2226 πάσης
496 2164 593 2229 τῆς
627 2165 901 2225 πολιτείας
931 2163 1199 2231 γενέσθαι
1233 2160 1423 2232 λόγον,
1459 2163 1636 2218 ἐθέλω
1660 2164 1859 2232 λέγειν,
1890 2155 1976 2227 ὡς)1

282 2234 505 2307 ἀγαθόν
523 2242 637 2296 ἐστι
655 2244 747 2298 καὶ
766 2245 997 2315 πρέπον,
1033 2247 1084 2299 εἰ
1107 2244 1198 2299 καὶ
1228 2250 1391 2315 σφ’ῷν
1421 2248 1678 2310 ξυνδοκεῖ
1703 2242 1960 2300 ἀκούειν·

283 2324 334 2374 εἰ
351 2319 410 2374 δε
430 2320 524 2390 μή,
544 2324 660 2392 ἐαν.

422 2407 540 2458 ΚΛ.
574 2400 742 2474 Ἀλλ,
779 2426 822 2458 ω
857 2407 992 2474 ξένε,
1022 2413 1362 2476 θαυμαστως
1389 2408 1453 2461 τό
1489 2427 1552 2474 γε
1580 2405 1815 2460 ἀκοῦσαι
1833 2412 1962 2476 νῷν

282 2482 503 2547 πάντως
522 2502 633 2538 που
660 2445 932 2549 ξυνδοκεῖ.

422 2569 576 2619 XXII.
613 2571 731 2621 ΛΘ.
766 2565 1081 2640 Ἀκούωμεν
1103 2569 1186 2640 δή.
1216 2569 1542 2641 θαυμάσητε
1569 2568 1628 2624 δε
1652 2572 1843 2640 μηδεν,
1863 2567 1962 2624 ἐαν

281 2643 415 2717 ὑμῖν
445 2644 673 2703 άνωθέν
708 2656 891 2705 ποθεν
922 2650 1211 2756 ἐπιχειρεῖν
1242 2651 1409 2718 δόξω·
1448 2658 1645 2723 σχολῆς
1680 2674 1789 2722 γαρ
1821 2649 1966 2706 ἀπο-

223 2741 256 2781 Ε
286 2727 531 2799 λαύομεν
549 2733 639 2784 καὶ
659 2728 868 2788 οὐδεν’
841 2738 981 2803 ημᾶς
1013 2735 1122 2788 ἐστὶ
1150 2732 1211 2789 τὸ
1248 2745 1574 2810 κατεπεῖγον
1602 2732 1663 2790 τὸ
1683 2733 1756 2806 μὴ
1781 2733 1961 2806 πάντη

282 2809 501 2876 πάντως
520 2823 749 2869 σκοπεῖν
767 2835 835 2869 τα
854 2817 977 2887 περὶ
993 2836 1124 2880 τους
1141 2816 1364 2887 νόμους.
