<?xml version="1.0" encoding="UTF-8"?>
<!DOCTYPE html PUBLIC "-//W3C//DTD XHTML 1.0 Transitional//EN"
    "http://www.w3.org/TR/xhtml1/DTD/xhtml1-transitional.dtd">
<html xmlns="http://www.w3.org/1999/xhtml" xml:lang="en" lang="en">
 <head>
  <title>
</title>
<meta http-equiv="Content-Type" content="text/html;charset=utf-8" />
  <meta name='ocr-system' content='tesseract 3.04.00' />
  <meta name='ocr-capabilities' content='ocr_page ocr_carea ocr_par ocr_line ocrx_word'/>
</head>
<body>
  <div class='ocr_page' id='page_1' title='image "./dialogisecumdumt05platuoft_0349.png"; bbox 0 0 1976 3172; ppageno 0'>
   <div class='ocr_carea' id='block_1_1' title="bbox 673 150 1743 229">
    <p class='ocr_par' dir='ltr' id='par_1_1' title="bbox 673 150 1743 229">
     <span class='ocr_line' id='line_1_1' title="bbox 673 150 1743 229; baseline -0.005 0"><span class='ocrx_word' id='word_1_1' title='bbox 673 175 991 229; x_wconf 68' lang='lat' dir='ltr'><em>NoMszN</em></span> <span class='ocrx_word' id='word_1_2' title='bbox 1025 169 1072 224; x_wconf 75' lang='grc' dir='ltr'><strong><em>ι’.</em></strong></span> <span class='ocrx_word' id='word_1_3' title='bbox 1367 201 1384 209; x_wconf 32' lang='lat' dir='ltr'>s</span> <span class='ocrx_word' id='word_1_4' title='bbox 1622 150 1743 226; x_wconf 71' lang='lat'>&#39;31⁷</span> 
     </span>
    </p>
   </div>
   <div class='ocr_carea' id='block_1_2' title="bbox 47 301 1745 469">
    <p class='ocr_par' dir='ltr' id='par_1_2' title="bbox 47 301 1745 469">
     <span class='ocr_line' id='line_1_2' title="bbox 47 301 1745 411; baseline -0.004 -38"><span class='ocrx_word' id='word_1_5' title='bbox 47 317 281 389; x_wconf 79' lang='grc' dir='ltr'><strong><em>ἄριστον</em></strong></span> <span class='ocrx_word' id='word_1_6' title='bbox 298 307 648 411; x_wconf 78' lang='grc' dir='ltr'><strong><em>προοίμιον’“</em></strong></span> <span class='ocrx_word' id='word_1_7' title='bbox 610 333 686 367; x_wconf 92' lang='grc' dir='ltr'><strong><em>αν</em></strong></span> <span class='ocrx_word' id='word_1_8' title='bbox 701 317 804 382; x_wconf 71' lang='grc' dir='ltr'><strong><em>εἴη.</em></strong></span> <span class='ocrx_word' id='word_1_9' title='bbox 827 308 1004 381; x_wconf 74' lang='grc' dir='ltr'><strong><em>μηδὲν</em></strong></span> <span class='ocrx_word' id='word_1_10' title='bbox 1021 301 1128 365; x_wconf 82' lang='grc' dir='ltr'><strong><em>οὖν</em></strong></span> <span class='ocrx_word' id='word_1_11' title='bbox 1148 306 1598 380; x_wconf 81' lang='grc' dir='ltr'><strong><em>δυσχεράναντες</em></strong></span> <span class='ocrx_word' id='word_1_12' title='bbox 1605 310 1745 381; x_wconf 75' lang='grc' dir='ltr'><strong><em>μηδὲ</em></strong></span> 
     </span>
     <span class='ocr_line' id='line_1_3' title="bbox 49 388 1745 469; baseline -0.005 -14"><span class='ocrx_word' id='word_1_13' title='bbox 49 399 415 469; x_wconf 72' lang='grc' dir='ltr'><strong><em>ἐπειχθέντες,</em></strong></span> <span class='ocrx_word' id='word_1_14' title='bbox 439 392 640 466; x_wconf 82' lang='grc' dir='ltr'><strong><em>ἥντινά</em></strong></span> <span class='ocrx_word' id='word_1_15' title='bbox 665 410 802 448; x_wconf 77' lang='grc' dir='ltr'><strong><em>ποτε</em></strong></span> <span class='ocrx_word' id='word_1_16' title='bbox 818 390 1016 461; x_wconf 74' lang='grc' dir='ltr'><strong><em>ἔχομεν</em></strong></span> <span class='ocrx_word' id='word_1_17' title='bbox 1041 389 1287 461; x_wconf 88' lang='grc' dir='ltr'><strong><em>δύναμιν</em></strong></span> <span class='ocrx_word' id='word_1_18' title='bbox 1317 394 1394 455; x_wconf 86' lang='grc' dir='ltr'><strong><em>εἰς</em></strong></span> <span class='ocrx_word' id='word_1_19' title='bbox 1416 388 1597 447; x_wconf 72' lang='grc' dir='ltr'><strong><em>πειθώ</em></strong></span> <span class='ocrx_word' id='word_1_20' title='bbox 1628 395 1745 447; x_wconf 78' lang='grc' dir='ltr'><strong><em>τῶν</em></strong></span> 
     </span>
    </p>
   </div>
   <div class='ocr_carea' id='block_1_3' title="bbox 16 470 1864 2929">
    <p class='ocr_par' dir='ltr' id='par_1_3' title="bbox 47 470 1742 624">
     <span class='ocr_line' id='line_1_4' title="bbox 47 470 1742 549; baseline -0.003 -13"><span class='ocrx_word' id='word_1_21' title='bbox 47 480 321 536; x_wconf 80' lang='grc' dir='ltr'><strong><em>τοιούτων</em></strong></span> <span class='ocrx_word' id='word_1_22' title='bbox 348 477 553 549; x_wconf 86' lang='grc' dir='ltr'><strong><em>λόγων,</em></strong></span> <span class='ocrx_word' id='word_1_23' title='bbox 583 473 757 548; x_wconf 69' lang='grc' dir='ltr'><strong><em>μηδὲν</em></strong></span> <span class='ocrx_word' id='word_1_24' title='bbox 791 470 1135 543; x_wconf 69' lang='grc' dir='ltr'><strong><em>ἀποθέμενοι</em></strong></span> <span class='ocrx_word' id='word_1_25' title='bbox 1170 474 1541 544; x_wconf 79' lang='grc' dir='ltr'><strong><em>διεξέλθωμεν</em></strong></span> <span class='ocrx_word' id='word_1_26' title='bbox 1576 477 1654 538; x_wconf 85' lang='grc' dir='ltr'><strong><em>εἰς</em></strong></span> <span class='ocrx_word' id='word_1_27' title='bbox 1678 470 1742 531; x_wconf 78' lang='grc' dir='ltr'><strong><em>τὸ</em></strong></span> 
     </span>
     <span class='ocr_line' id='line_1_5' title="bbox 51 561 534 624; baseline -0.008 -6"><span class='ocrx_word' id='word_1_28' title='bbox 51 561 297 618; x_wconf 86' lang='grc' dir='ltr'><strong><em>δυνατον</em></strong></span> <span class='ocrx_word' id='word_1_29' title='bbox 314 563 534 624; x_wconf 78' lang='grc' dir='ltr'><strong><em>ίκανως.</em></strong></span> 
     </span>
    </p>

    <p class='ocr_par' dir='ltr' id='par_1_4' title="bbox 45 631 1815 1447">
     <span class='ocr_line' id='line_1_6' title="bbox 191 631 1748 710; baseline -0.006 -11"><span class='ocrx_word' id='word_1_30' title='bbox 191 645 278 697; x_wconf 81' lang='grc' dir='ltr'><strong><em>ΙΠ.</em></strong></span> <span class='ocrx_word' id='word_1_31' title='bbox 315 646 436 698; x_wconf 80' lang='grc' dir='ltr'><strong><em>ΑΘ.</em></strong></span> <span class='ocrx_word' id='word_1_32' title='bbox 470 636 664 710; x_wconf 71' lang='grc' dir='ltr'><strong><em>Εύχήν</em></strong></span> <span class='ocrx_word' id='word_1_33' title='bbox 689 657 785 708; x_wconf 88' lang='grc' dir='ltr'><strong><em>μοι</em></strong></span> <span class='ocrx_word' id='word_1_34' title='bbox 821 639 980 692; x_wconf 90' lang='grc' dir='ltr'><strong><em>δοκεῖ</em></strong></span> <span class='ocrx_word' id='word_1_35' title='bbox 1003 639 1347 704; x_wconf 76' lang='grc' dir='ltr'><strong><em>παρακαλεῖν</em></strong></span> <span class='ocrx_word' id='word_1_36' title='bbox 1376 631 1407 690; x_wconf 87' lang='grc' dir='ltr'>ὁ</span> <span class='ocrx_word' id='word_1_37' title='bbox 1444 634 1748 706; x_wconf 85' lang='grc' dir='ltr'><strong><em>λεγόμενος</em></strong></span> 
     </span>
     <span class='ocr_line' id='line_1_7' title="bbox 48 717 1749 792; baseline -0.006 -11"><span class='ocrx_word' id='word_1_38' title='bbox 48 722 160 781; x_wconf 75' lang='grc' dir='ltr'><strong><em>ὑπὸ</em></strong></span> <span class='ocrx_word' id='word_1_39' title='bbox 181 729 289 780; x_wconf 83' lang='grc' dir='ltr'><strong><em>σοῦ</em></strong></span> <span class='ocrx_word' id='word_1_40' title='bbox 306 730 416 780; x_wconf 80' lang='grc' dir='ltr'><strong><em>νῦν</em></strong></span> <span class='ocrx_word' id='word_1_41' title='bbox 432 721 616 792; x_wconf 85' lang='grc' dir='ltr'><strong><em>λόγος,</em></strong></span> <span class='ocrx_word' id='word_1_42' title='bbox 635 717 823 790; x_wconf 84' lang='grc' dir='ltr'><strong><em>ἐπειδὴ</em></strong></span> <span class='ocrx_word' id='word_1_43' title='bbox 843 717 1154 789; x_wconf 79' lang='grc' dir='ltr'><strong><em>προθύμως</em></strong></span> <span class='ocrx_word' id='word_1_44' title='bbox 1172 720 1477 781; x_wconf 82' lang='grc' dir='ltr'><strong><em>συντείνεις</em></strong></span> <span class='ocrx_word' id='word_1_45' title='bbox 1490 734 1502 746; x_wconf 92' lang='grc'><em>·</em></span> <span class='ocrx_word' id='word_1_46' title='bbox 1525 719 1749 788; x_wconf 82' lang='grc' dir='ltr'><strong><em>μέλλειν</em></strong></span> 
     </span>
     <span class='ocr_line' id='line_1_8' title="bbox 49 797 1749 875; baseline -0.005 -14"><span class='ocrx_word' id='word_1_47' title='bbox 49 806 110 862; x_wconf 76' lang='grc' dir='ltr'><strong><em>δὲ</em></strong></span> <span class='ocrx_word' id='word_1_48' title='bbox 139 803 326 860; x_wconf 80' lang='grc' dir='ltr'><strong><em>οὐκέτι</em></strong></span> <span class='ocrx_word' id='word_1_49' title='bbox 358 806 592 875; x_wconf 73' lang='grc' dir='ltr'><strong><em>ἐγχωρεῖ</em></strong></span> <span class='ocrx_word' id='word_1_50' title='bbox 617 804 812 872; x_wconf 83' lang='grc' dir='ltr'><strong><em>λέγειν.</em></strong></span> <span class='ocrx_word' id='word_1_51' title='bbox 851 802 990 871; x_wconf 89' lang='grc' dir='ltr'><strong><em>φέρε</em></strong></span> <span class='ocrx_word' id='word_1_52' title='bbox 1019 800 1109 873; x_wconf 82' lang='grc' dir='ltr'><strong><em>δή,</em></strong></span> <span class='ocrx_word' id='word_1_53' title='bbox 1129 805 1247 865; x_wconf 76' lang='grc' dir='ltr'><strong><em>παῖς</em></strong></span> <span class='ocrx_word' id='word_1_54' title='bbox 1278 799 1352 855; x_wconf 74' lang='grc' dir='ltr'><strong><em>ἄν</em></strong></span> <span class='ocrx_word' id='word_1_55' title='bbox 1370 820 1452 864; x_wconf 90' lang='grc' dir='ltr'><strong><em>τις</em></strong></span> <span class='ocrx_word' id='word_1_56' title='bbox 1478 797 1553 872; x_wconf 86' lang='grc' dir='ltr'><strong><em>μὴ</em></strong></span> <span class='ocrx_word' id='word_1_57' title='bbox 1576 805 1749 873; x_wconf 74' lang='grc' dir='ltr'><strong><em>θυμῷ</em></strong></span> 
     </span>
     <span class='ocr_line' id='line_1_9' title="bbox 48 879 1748 957; baseline -0.004 -14"><span class='ocrx_word' id='word_1_58' title='bbox 48 889 202 957; x_wconf 80' lang='grc' dir='ltr'><strong><em>λέγοι</em></strong></span> <span class='ocrx_word' id='word_1_59' title='bbox 218 888 349 957; x_wconf 78' lang='grc' dir='ltr'><strong><em>περὶ</em></strong></span> <span class='ocrx_word' id='word_1_60' title='bbox 361 892 520 943; x_wconf 71' lang='grc' dir='ltr'><strong><em>θεῶν</em></strong></span> <span class='ocrx_word' id='word_1_61' title='bbox 540 881 615 950; x_wconf 77' lang='grc' dir='ltr'><strong><em>ὡς</em></strong></span> <span class='ocrx_word' id='word_1_62' title='bbox 633 888 802 951; x_wconf 84' lang='grc' dir='ltr'><strong><em>εἰσίν;</em></strong></span> <span class='ocrx_word' id='word_1_63' title='bbox 823 880 1042 954; x_wconf 77' lang='grc' dir='ltr'><strong><em>ἀνάγκη</em></strong></span> <span class='ocrx_word' id='word_1_64' title='bbox 1062 880 1170 953; x_wconf 83' lang='grc' dir='ltr'><strong><em>γὰρ</em></strong></span> <span class='ocrx_word' id='word_1_65' title='bbox 1195 879 1263 951; x_wconf 85' lang='grc' dir='ltr'><strong><em>δὴ</em></strong></span> <span class='ocrx_word' id='word_1_66' title='bbox 1283 886 1534 951; x_wconf 74' lang='grc' dir='ltr'><strong><em>χαλεπαῖς</em></strong></span> <span class='ocrx_word' id='word_1_67' title='bbox 1552 881 1748 953; x_wconf 89' lang='grc' dir='ltr'><strong><em>φέρειν</em></strong></span> 
     </span>
     <span class='ocr_line' id='line_1_10' title="bbox 46 961 1815 1042; baseline -0.005 -16"><span class='ocrx_word' id='word_1_68' title='bbox 46 971 142 1026; x_wconf 76' lang='grc' dir='ltr'><strong><em>καὶ</em></strong></span> <span class='ocrx_word' id='word_1_69' title='bbox 161 980 343 1042; x_wconf 86' lang='grc' dir='ltr'><strong><em>μισεῖν</em></strong></span> <span class='ocrx_word' id='word_1_70' title='bbox 366 972 635 1038; x_wconf 77' lang='grc' dir='ltr'><strong><em>ἐκείνους,</em></strong></span> <span class='ocrx_word' id='word_1_71' title='bbox 654 972 712 1023; x_wconf 82' lang='grc' dir='ltr'><strong><em>οἳ</em></strong></span> <span class='ocrx_word' id='word_1_72' title='bbox 723 964 943 1022; x_wconf 89' lang='grc' dir='ltr'><strong><em>τούτων</em></strong></span> <span class='ocrx_word' id='word_1_73' title='bbox 960 961 1094 1036; x_wconf 81' lang='grc' dir='ltr'><strong><em>ἡμῖν</em></strong></span> <span class='ocrx_word' id='word_1_74' title='bbox 1122 971 1288 1020; x_wconf 83' lang='grc' dir='ltr'><strong><em>αῖτιοι</em></strong></span> <span class='ocrx_word' id='word_1_75' title='bbox 1304 967 1420 1019; x_wconf 78' lang='grc' dir='ltr'><strong><em>τῶν</em></strong></span> <span class='ocrx_word' id='word_1_76' title='bbox 1439 961 1625 1033; x_wconf 90' lang='grc' dir='ltr'><strong><em>λόγων</em></strong></span> <span class='ocrx_word' id='word_1_77' title='bbox 1651 980 1751 1035; x_wconf 77' lang='grc' dir='ltr'><strong><em>γε-</em></strong></span> <span class='ocrx_word' id='word_1_78' title='bbox 1778 975 1815 1018; x_wconf 93' lang='lat' dir='ltr'>D</span> 
     </span>
     <span class='ocr_line' id='line_1_11' title="bbox 45 1043 1747 1123; baseline -0.005 -15"><span class='ocrx_word' id='word_1_79' title='bbox 45 1053 310 1123; x_wconf 76' lang='grc' dir='ltr'><strong><em>γένηνται</em></strong></span> <span class='ocrx_word' id='word_1_80' title='bbox 326 1051 420 1106; x_wconf 81' lang='grc' dir='ltr'><strong><em>καὶ</em></strong></span> <span class='ocrx_word' id='word_1_81' title='bbox 446 1053 891 1121; x_wconf 71' lang='grc' dir='ltr'><strong><em>γίγνονταινῦν,</em></strong></span> <span class='ocrx_word' id='word_1_82' title='bbox 921 1045 992 1102; x_wconf 81' lang='grc' dir='ltr'><strong><em>οὐ</em></strong></span> <span class='ocrx_word' id='word_1_83' title='bbox 1016 1044 1350 1116; x_wconf 81' lang='grc' dir='ltr'><strong><em>πειθόμενοι</em></strong></span> <span class='ocrx_word' id='word_1_84' title='bbox 1379 1055 1493 1109; x_wconf 89' lang='grc' dir='ltr'><strong><em>τοῖς</em></strong></span> <span class='ocrx_word' id='word_1_85' title='bbox 1521 1043 1747 1116; x_wconf 82' lang='grc' dir='ltr'><strong><em>μύθοις,</em></strong></span> 
     </span>
     <span class='ocr_line' id='line_1_12' title="bbox 49 1126 1748 1200; baseline -0.003 -13"><span class='ocrx_word' id='word_1_86' title='bbox 49 1128 150 1198; x_wconf 73' lang='grc' dir='ltr'><strong><em>οὓς</em></strong></span> <span class='ocrx_word' id='word_1_87' title='bbox 165 1136 230 1189; x_wconf 81' lang='grc' dir='ltr'><strong><em>ἐκ</em></strong></span> <span class='ocrx_word' id='word_1_88' title='bbox 245 1135 394 1189; x_wconf 86' lang='grc' dir='ltr'><strong><em>νέων</em></strong></span> <span class='ocrx_word' id='word_1_89' title='bbox 410 1134 631 1188; x_wconf 77' lang='grc' dir='ltr'><strong><em>παίδων</em></strong></span> <span class='ocrx_word' id='word_1_90' title='bbox 648 1133 728 1186; x_wconf 78' lang='grc' dir='ltr'><strong><em>ἔτι</em></strong></span> <span class='ocrx_word' id='word_1_91' title='bbox 749 1131 811 1186; x_wconf 82' lang='grc' dir='ltr'><strong><em>ἐν</em></strong></span> <span class='ocrx_word' id='word_1_92' title='bbox 837 1128 1036 1200; x_wconf 83' lang='grc' dir='ltr'><strong><em>γάλαξι</em></strong></span> <span class='ocrx_word' id='word_1_93' title='bbox 1065 1126 1402 1199; x_wconf 87' lang='grc' dir='ltr'><strong><em>τρεφόμενοι</em></strong></span> <span class='ocrx_word' id='word_1_94' title='bbox 1427 1132 1660 1199; x_wconf 74' lang='grc' dir='ltr'><strong><em>τροφῶν</em></strong></span> <span class='ocrx_word' id='word_1_95' title='bbox 1687 1147 1748 1182; x_wconf 87' lang='grc' dir='ltr'><strong><em>τε</em></strong></span> 
     </span>
     <span class='ocr_line' id='line_1_13' title="bbox 47 1207 1750 1286; baseline -0.002 -18"><span class='ocrx_word' id='word_1_96' title='bbox 47 1211 263 1284; x_wconf 82' lang='grc' dir='ltr'><strong><em>ἤκουον</em></strong></span> <span class='ocrx_word' id='word_1_97' title='bbox 277 1215 372 1270; x_wconf 79' lang='grc' dir='ltr'><strong><em>καὶ</em></strong></span> <span class='ocrx_word' id='word_1_98' title='bbox 389 1216 661 1286; x_wconf 79' lang='grc' dir='ltr'><strong><em>μητέρων,</em></strong></span> <span class='ocrx_word' id='word_1_99' title='bbox 684 1207 805 1268; x_wconf 84' lang='grc' dir='ltr'><strong><em>οἷον</em></strong></span> <span class='ocrx_word' id='word_1_100' title='bbox 824 1213 886 1267; x_wconf 88' lang='grc' dir='ltr'><strong><em>ἐν</em></strong></span> <span class='ocrx_word' id='word_1_101' title='bbox 903 1213 1139 1283; x_wconf 74' lang='grc' dir='ltr'><strong><em>ἐπῳδαῖς</em></strong></span> <span class='ocrx_word' id='word_1_102' title='bbox 1155 1208 1294 1281; x_wconf 90' lang='grc' dir='ltr'><strong><em>μετά</em></strong></span> <span class='ocrx_word' id='word_1_103' title='bbox 1324 1230 1386 1265; x_wconf 91' lang='grc' dir='ltr'><strong><em>τε</em></strong></span> <span class='ocrx_word' id='word_1_104' title='bbox 1412 1211 1639 1274; x_wconf 78' lang='grc' dir='ltr'><strong><em>παιδιᾶς</em></strong></span> <span class='ocrx_word' id='word_1_105' title='bbox 1655 1209 1750 1265; x_wconf 84' lang='grc' dir='ltr'><strong><em>καὶ</em></strong></span> 
     </span>
     <span class='ocr_line' id='line_1_14' title="bbox 47 1287 1750 1366; baseline -0.002 -16"><span class='ocrx_word' id='word_1_106' title='bbox 47 1295 186 1366; x_wconf 77' lang='grc' dir='ltr'><strong><em>μετὰ</em></strong></span> <span class='ocrx_word' id='word_1_107' title='bbox 203 1298 454 1366; x_wconf 86' lang='grc' dir='ltr'><strong><em>σπουδῆς</em></strong></span> <span class='ocrx_word' id='word_1_108' title='bbox 472 1299 807 1366; x_wconf 87' lang='grc' dir='ltr'><strong><em>λεγομένων,</em></strong></span> <span class='ocrx_word' id='word_1_109' title='bbox 831 1295 925 1350; x_wconf 84' lang='grc' dir='ltr'><strong><em>καὶ</em></strong></span> <span class='ocrx_word' id='word_1_110' title='bbox 942 1291 1077 1365; x_wconf 82' lang='grc' dir='ltr'><strong><em>μετὰ</em></strong></span> <span class='ocrx_word' id='word_1_111' title='bbox 1095 1299 1317 1348; x_wconf 75' lang='grc' dir='ltr'><strong><em>θυσιῶν</em></strong></span> <span class='ocrx_word' id='word_1_112' title='bbox 1342 1294 1405 1348; x_wconf 80' lang='grc' dir='ltr'><strong><em>ἐν</em></strong></span> <span class='ocrx_word' id='word_1_113' title='bbox 1431 1287 1616 1362; x_wconf 80' lang='grc' dir='ltr'><strong><em>εὐχαῖς</em></strong></span> <span class='ocrx_word' id='word_1_114' title='bbox 1643 1288 1750 1346; x_wconf 82' lang='grc' dir='ltr'><strong><em>αύ-</em></strong></span> 
     </span>
     <span class='ocr_line' id='line_1_15' title="bbox 46 1372 1750 1447; baseline -0.001 -15"><span class='ocrx_word' id='word_1_115' title='bbox 46 1376 198 1445; x_wconf 81' lang='grc' dir='ltr'><strong><em>τοὺς,</em></strong></span> <span class='ocrx_word' id='word_1_116' title='bbox 228 1374 530 1442; x_wconf 72' lang='grc' dir='ltr'><strong><em>ἀκούοντές</em></strong></span> <span class='ocrx_word' id='word_1_117' title='bbox 557 1397 635 1447; x_wconf 87' lang='grc' dir='ltr'><strong><em>τε,</em></strong></span> <span class='ocrx_word' id='word_1_118' title='bbox 666 1379 760 1432; x_wconf 85' lang='grc' dir='ltr'><strong><em>καὶ</em></strong></span> <span class='ocrx_word' id='word_1_119' title='bbox 799 1375 957 1441; x_wconf 80' lang='grc' dir='ltr'><strong><em>ὄψεις</em></strong></span> <span class='ocrx_word' id='word_1_120' title='bbox 990 1373 1232 1445; x_wconf 78' lang='grc' dir='ltr'><strong><em>ὁρῶντες</em></strong></span> <span class='ocrx_word' id='word_1_121' title='bbox 1259 1376 1532 1445; x_wconf 84' lang='grc' dir='ltr'><strong><em>ἑπομένας</em></strong></span> <span class='ocrx_word' id='word_1_122' title='bbox 1559 1372 1750 1439; x_wconf 80' lang='grc' dir='ltr'><strong><em>αὐτοῖς</em></strong></span> 
     </span>
    </p>

    <p class='ocr_par' dir='ltr' id='par_1_5' title="bbox 16 1452 1864 2929">
     <span class='ocr_line' id='line_1_16' title="bbox 45 1452 1751 1530; baseline -0.002 -15.847"><span class='ocrx_word' id='word_1_123' title='bbox 45 1455 380 1530; x_wconf 75' lang='grc' dir='ltr'><strong><em>α’ςῆδιστα”</em></strong></span> <span class='ocrx_word' id='word_1_124' title='bbox 346 1478 377 1514; x_wconf 93' lang='grc' dir='ltr'><strong><em>ο</em></strong></span> <span class='ocrx_word' id='word_1_125' title='bbox 403 1478 468 1528; x_wconf 91' lang='grc' dir='ltr'><strong><em>γε</em></strong></span> <span class='ocrx_word' id='word_1_126' title='bbox 485 1453 654 1522; x_wconf 67' lang='grc' dir='ltr'><strong><em>νέος’</em></strong></span> <span class='ocrx_word' id='word_1_127' title='bbox 628 1478 734 1530; x_wconf 93' lang='grc' dir='ltr'><strong><em>ορα</em></strong></span> <span class='ocrx_word' id='word_1_128' title='bbox 755 1478 814 1512; x_wconf 89' lang='grc' dir='ltr'><strong><em>τε</em></strong></span> <span class='ocrx_word' id='word_1_129' title='bbox 832 1457 925 1511; x_wconf 86' lang='grc' dir='ltr'><strong><em>καὶ</em></strong></span> <span class='ocrx_word' id='word_1_130' title='bbox 954 1452 1147 1511; x_wconf 81' lang='grc' dir='ltr'><strong><em>ἀκούει</em></strong></span> <span class='ocrx_word' id='word_1_131' title='bbox 1167 1459 1548 1528; x_wconf 84' lang='grc' dir='ltr'><strong><em>πραττομένας</em></strong></span> <span class='ocrx_word' id='word_1_132' title='bbox 1563 1455 1751 1512; x_wconf 78' lang='grc' dir='ltr'><strong><em>θυόν-</em></strong></span> 
     </span>
     <span class='ocr_line' id='line_1_17' title="bbox 47 1535 1750 1636; baseline -0.002 -40"><span class='ocrx_word' id='word_1_133' title='bbox 47 1559 181 1611; x_wconf 84' lang='grc' dir='ltr'><strong><em>των,</em></strong></span> <span class='ocrx_word' id='word_1_134' title='bbox 199 1541 263 1596; x_wconf 83' lang='grc' dir='ltr'><strong><em>ἐν</em></strong></span> <span class='ocrx_word' id='word_1_135' title='bbox 290 1542 511 1612; x_wconf 83' lang='grc' dir='ltr'><strong><em>σπουδῇ</em></strong></span> <span class='ocrx_word' id='word_1_136' title='bbox 526 1544 596 1611; x_wconf 87' lang='grc' dir='ltr'><strong><em>τῇ</em></strong></span> <span class='ocrx_word' id='word_1_137' title='bbox 614 1542 844 1611; x_wconf 77' lang='grc' dir='ltr'><strong><em>μεγίστῃ</em></strong></span> <span class='ocrx_word' id='word_1_138' title='bbox 870 1559 1004 1603; x_wconf 90' lang='grc' dir='ltr'><strong><em>τους</em></strong></span> <span class='ocrx_word' id='word_1_139' title='bbox 1031 1535 1224 1593; x_wconf 80' lang='grc' dir='ltr'><strong><em>αὑτῶν</em></strong></span> <span class='ocrx_word' id='word_1_140' title='bbox 1235 1539 1450 1636; x_wconf 87' lang='grc' dir='ltr'><strong><em>γονέας</em></strong></span> <span class='ocrx_word' id='word_1_141' title='bbox 1473 1535 1614 1609; x_wconf 76' lang='grc' dir='ltr'><strong><em>ὑπὲρ</em></strong></span> <span class='ocrx_word' id='word_1_142' title='bbox 1643 1535 1750 1593; x_wconf 82' lang='grc' dir='ltr'><strong><em>αὑ-</em></strong></span> 
     </span>
     <span class='ocr_line' id='line_1_18' title="bbox 46 1611 1751 1693; baseline -0.002 -15"><span class='ocrx_word' id='word_1_143' title='bbox 46 1627 166 1678; x_wconf 71' lang='grc' dir='ltr'><strong><em>τὸν</em></strong></span> <span class='ocrx_word' id='word_1_144' title='bbox 185 1640 247 1676; x_wconf 84' lang='grc' dir='ltr'><strong><em>τε</em></strong></span> <span class='ocrx_word' id='word_1_145' title='bbox 273 1622 367 1677; x_wconf 75' lang='grc' dir='ltr'><strong><em>καὶ</em></strong></span> <span class='ocrx_word' id='word_1_146' title='bbox 394 1622 623 1677; x_wconf 79' lang='grc' dir='ltr'><strong><em>ἐκείνων</em></strong></span> <span class='ocrx_word' id='word_1_147' title='bbox 641 1620 1092 1691; x_wconf 87' lang='grc' dir='ltr'><strong><em>[ἐσπουδακότας]</em></strong></span> <span class='ocrx_word' id='word_1_148' title='bbox 1123 1641 1197 1685; x_wconf 87' lang='grc' dir='ltr'><strong><em>ως</em></strong></span> <span class='ocrx_word' id='word_1_149' title='bbox 1229 1617 1264 1676; x_wconf 78' lang='grc' dir='ltr'><strong><em>δ’</em></strong></span> <span class='ocrx_word' id='word_1_150' title='bbox 1290 1641 1342 1693; x_wconf 92' lang='grc' dir='ltr'><strong><em>τι</em></strong></span> <span class='ocrx_word' id='word_1_151' title='bbox 1366 1619 1603 1692; x_wconf 87' lang='grc' dir='ltr'><strong><em>μάλιστα</em></strong></span> <span class='ocrx_word' id='word_1_152' title='bbox 1624 1611 1751 1676; x_wconf 81' lang='grc' dir='ltr'><strong><em>οὖσι</em></strong></span> 
     </span>
     <span class='ocr_line' id='line_1_19' title="bbox 20 1692 1815 1775; baseline -0.003 -14"><span class='ocrx_word' id='word_1_153' title='bbox 20 1692 29 1709; x_wconf 69' lang='grc'><strong>”</strong></span> <span class='ocrx_word' id='word_1_154' title='bbox 48 1711 206 1768; x_wconf 76' lang='grc' dir='ltr'><strong><em>θεοῖς</em></strong></span> <span class='ocrx_word' id='word_1_155' title='bbox 224 1701 410 1773; x_wconf 81' lang='grc' dir='ltr'><strong><em>εὐχαῖς</em></strong></span> <span class='ocrx_word' id='word_1_156' title='bbox 423 1705 999 1775; x_wconf 83' lang='grc' dir='ltr'><strong><em>προσδιαλεγομένους</em></strong></span> <span class='ocrx_word' id='word_1_157' title='bbox 1016 1703 1392 1775; x_wconf 66' lang='grc' dir='ltr'><strong><em>καὶίκετείαις,</em></strong></span> <span class='ocrx_word' id='word_1_158' title='bbox 1411 1700 1751 1759; x_wconf 81' lang='grc' dir='ltr'><strong><em>άνατέλλον-</em></strong></span> <span class='ocrx_word' id='word_1_159' title='bbox 1781 1714 1815 1755; x_wconf 87' lang='grc' dir='ltr'>Ε</span> 
     </span>
     <span class='ocr_line' id='line_1_20' title="bbox 47 1782 1750 1858; baseline -0.002 -15"><span class='ocrx_word' id='word_1_160' title='bbox 47 1785 144 1851; x_wconf 87' lang='grc' dir='ltr'><strong><em>τός</em></strong></span> <span class='ocrx_word' id='word_1_161' title='bbox 159 1805 220 1840; x_wconf 88' lang='grc' dir='ltr'><strong><em>τε</em></strong></span> <span class='ocrx_word' id='word_1_162' title='bbox 235 1782 400 1856; x_wconf 80' lang='grc' dir='ltr'><strong><em>ἡλίου</em></strong></span> <span class='ocrx_word' id='word_1_163' title='bbox 417 1786 511 1841; x_wconf 81' lang='grc' dir='ltr'><strong><em>καὶ</em></strong></span> <span class='ocrx_word' id='word_1_164' title='bbox 528 1784 767 1858; x_wconf 84' lang='grc' dir='ltr'><strong><em>σελήνης</em></strong></span> <span class='ocrx_word' id='word_1_165' title='bbox 784 1787 876 1842; x_wconf 82' lang='grc' dir='ltr'><strong><em>καὶ</em></strong></span> <span class='ocrx_word' id='word_1_166' title='bbox 899 1783 1042 1855; x_wconf 83' lang='grc' dir='ltr'><strong><em>πρὸς</em></strong></span> <span class='ocrx_word' id='word_1_167' title='bbox 1072 1782 1288 1857; x_wconf 77' lang='grc' dir='ltr'><strong><em>δυσμὰς</em></strong></span> <span class='ocrx_word' id='word_1_168' title='bbox 1307 1785 1514 1842; x_wconf 81' lang='grc' dir='ltr'><strong><em>ἰόντων</em></strong></span> <span class='ocrx_word' id='word_1_169' title='bbox 1533 1805 1750 1858; x_wconf 86' lang='grc' dir='ltr'><strong><em>προκυ-</em></strong></span> 
     </span>
     <span class='ocr_line' id='line_1_21' title="bbox 45 1864 1751 1940; baseline -0.001 -16"><span class='ocrx_word' id='word_1_170' title='bbox 45 1871 219 1932; x_wconf 81' lang='grc' dir='ltr'><strong><em>λίσεις</em></strong></span> <span class='ocrx_word' id='word_1_171' title='bbox 240 1864 358 1938; x_wconf 72' lang='grc' dir='ltr'><strong><em>ἅμα</em></strong></span> <span class='ocrx_word' id='word_1_172' title='bbox 387 1867 481 1923; x_wconf 83' lang='grc' dir='ltr'><strong><em>καὶ</em></strong></span> <span class='ocrx_word' id='word_1_173' title='bbox 509 1867 923 1940; x_wconf 86' lang='grc' dir='ltr'><strong><em>προσκυνήσεις</em></strong></span> <span class='ocrx_word' id='word_1_174' title='bbox 958 1864 1260 1933; x_wconf 77' lang='grc' dir='ltr'><strong><em>ἀκούοντές</em></strong></span> <span class='ocrx_word' id='word_1_175' title='bbox 1293 1889 1353 1924; x_wconf 88' lang='grc' dir='ltr'><strong><em>τε</em></strong></span> <span class='ocrx_word' id='word_1_176' title='bbox 1380 1871 1472 1925; x_wconf 83' lang='grc' dir='ltr'><strong><em>καὶ</em></strong></span> <span class='ocrx_word' id='word_1_177' title='bbox 1508 1866 1751 1940; x_wconf 73' lang='grc' dir='ltr'><strong><em>ὁρῶντες</em></strong></span> 
     </span>
     <span class='ocr_line' id='line_1_22' title="bbox 38 1945 1751 2023; baseline -0.001 -17"><span class='ocrx_word' id='word_1_178' title='bbox 38 1945 327 2021; x_wconf 71' lang='grc' dir='ltr'><strong><em>Ἑλλήνων</em></strong></span> <span class='ocrx_word' id='word_1_179' title='bbox 340 1969 400 2005; x_wconf 89' lang='grc' dir='ltr'><strong><em>τε</em></strong></span> <span class='ocrx_word' id='word_1_180' title='bbox 418 1950 511 2006; x_wconf 79' lang='grc' dir='ltr'><strong><em>καὶ</em></strong></span> <span class='ocrx_word' id='word_1_181' title='bbox 527 1950 836 2023; x_wconf 84' lang='grc' dir='ltr'><strong><em>βαρβάρων</em></strong></span> <span class='ocrx_word' id='word_1_182' title='bbox 854 1950 1084 2007; x_wconf 87' lang='grc' dir='ltr'><strong><em>πάντων</em></strong></span> <span class='ocrx_word' id='word_1_183' title='bbox 1104 1952 1166 2007; x_wconf 81' lang='grc' dir='ltr'><strong><em>ἐν</em></strong></span> <span class='ocrx_word' id='word_1_184' title='bbox 1186 1961 1502 2022; x_wconf 78' lang='grc' dir='ltr'><strong><em>συμφοραῖς</em></strong></span> <span class='ocrx_word' id='word_1_185' title='bbox 1521 1955 1751 2006; x_wconf 88' lang='grc' dir='ltr'><strong><em>παντοί-</em></strong></span> 
     </span>
     <span class='ocr_line' id='line_1_23' title="bbox 48 2029 1747 2105; baseline 0.001 -18"><span class='ocrx_word' id='word_1_186' title='bbox 48 2053 137 2096; x_wconf 86' lang='grc' dir='ltr'><strong><em>αις</em></strong></span> <span class='ocrx_word' id='word_1_187' title='bbox 155 2032 434 2102; x_wconf 76' lang='grc' dir='ltr'><strong><em>ἐχομένων</em></strong></span> <span class='ocrx_word' id='word_1_188' title='bbox 450 2034 544 2088; x_wconf 81' lang='grc' dir='ltr'><strong><em>καὶ</em></strong></span> <span class='ocrx_word' id='word_1_189' title='bbox 569 2034 633 2089; x_wconf 81' lang='grc' dir='ltr'><strong><em>ἐν</em></strong></span> <span class='ocrx_word' id='word_1_190' title='bbox 664 2031 1007 2105; x_wconf 76' lang='grc' dir='ltr'><strong><em>εὐπραγίαις,</em></strong></span> <span class='ocrx_word' id='word_1_191' title='bbox 1043 2030 1146 2104; x_wconf 80' lang='grc' dir='ltr'><strong><em>οὐχ</em></strong></span> <span class='ocrx_word' id='word_1_192' title='bbox 1175 2031 1249 2098; x_wconf 75' lang='grc' dir='ltr'><strong><em>ὥς</em></strong></span> <span class='ocrx_word' id='word_1_193' title='bbox 1276 2031 1382 2089; x_wconf 85' lang='grc' dir='ltr'><strong><em>οὐκ</em></strong></span> <span class='ocrx_word' id='word_1_194' title='bbox 1412 2031 1595 2089; x_wconf 80' lang='grc' dir='ltr'><strong><em>ὄντων</em></strong></span> <span class='ocrx_word' id='word_1_195' title='bbox 1622 2029 1747 2088; x_wconf 77' lang='grc' dir='ltr'><strong><em>ἀλλ’</em></strong></span> 
     </span>
     <span class='ocr_line' id='line_1_24' title="bbox 49 2110 1751 2187; baseline -0.001 -17"><span class='ocrx_word' id='word_1_196' title='bbox 49 2110 124 2179; x_wconf 78' lang='grc' dir='ltr'><strong><em>ὥς</em></strong></span> <span class='ocrx_word' id='word_1_197' title='bbox 143 2110 176 2169; x_wconf 83' lang='grc' dir='ltr'>ὅ</span> <span class='ocrx_word' id='word_1_198' title='bbox 202 2134 256 2168; x_wconf 89' lang='grc' dir='ltr'><strong><em>τι</em></strong></span> <span class='ocrx_word' id='word_1_199' title='bbox 282 2111 520 2184; x_wconf 82' lang='grc' dir='ltr'><strong><em>μάλιστα</em></strong></span> <span class='ocrx_word' id='word_1_200' title='bbox 547 2113 730 2171; x_wconf 85' lang='grc' dir='ltr'><strong><em>ὄντων</em></strong></span> <span class='ocrx_word' id='word_1_201' title='bbox 759 2117 850 2172; x_wconf 85' lang='grc' dir='ltr'><strong><em>καὶ</em></strong></span> <span class='ocrx_word' id='word_1_202' title='bbox 880 2114 1101 2187; x_wconf 81' lang='grc' dir='ltr'><strong><em>οὐδαμῇ</em></strong></span> <span class='ocrx_word' id='word_1_203' title='bbox 1129 2111 1382 2180; x_wconf 80' lang='grc' dir='ltr'><strong><em>ὑποψίαν</em></strong></span> <span class='ocrx_word' id='word_1_204' title='bbox 1411 2112 1751 2171; x_wconf 82' lang='grc' dir='ltr'><strong><em>ἐνδιδόντων</em></strong></span> 
     </span>
     <span class='ocr_line' id='line_1_25' title="bbox 51 2192 1751 2270; baseline 0.001 -20"><span class='ocrx_word' id='word_1_205' title='bbox 51 2193 126 2260; x_wconf 80' lang='grc' dir='ltr'><strong><em>ὥς</em></strong></span> <span class='ocrx_word' id='word_1_206' title='bbox 151 2192 257 2250; x_wconf 81' lang='grc' dir='ltr'><strong><em>οὐκ</em></strong></span> <span class='ocrx_word' id='word_1_207' title='bbox 288 2197 392 2251; x_wconf 80' lang='grc' dir='ltr'><strong><em>εἰσὶ</em></strong></span> <span class='ocrx_word' id='word_1_208' title='bbox 425 2200 576 2253; x_wconf 77' lang='grc' dir='ltr'><strong><em>θεοί·</em></strong></span> <span class='ocrx_word' id='word_1_209' title='bbox 616 2197 836 2253; x_wconf 89' lang='grc' dir='ltr'><strong><em>τούτων</em></strong></span> <span class='ocrx_word' id='word_1_210' title='bbox 864 2196 933 2270; x_wconf 83' lang='grc' dir='ltr'><strong><em>δὴ</em></strong></span> <span class='ocrx_word' id='word_1_211' title='bbox 969 2198 1200 2254; x_wconf 88' lang='grc' dir='ltr'><strong><em>πάντων</em></strong></span> <span class='ocrx_word' id='word_1_212' title='bbox 1233 2195 1359 2254; x_wconf 83' lang='grc' dir='ltr'><strong><em>ὅσοι</em></strong></span> <span class='ocrx_word' id='word_1_213' title='bbox 1387 2194 1751 2267; x_wconf 81' lang='grc' dir='ltr'><strong><em>καταφρονή-</em></strong></span> 
     </span>
     <span class='ocr_line' id='line_1_26' title="bbox 51 2275 1751 2351; baseline 0 -19"><span class='ocrx_word' id='word_1_214' title='bbox 51 2293 249 2343; x_wconf 85' lang='grc' dir='ltr'><strong><em>σαντες</em></strong></span> <span class='ocrx_word' id='word_1_215' title='bbox 278 2276 412 2334; x_wconf 65' lang='lat' dir='ltr'><strong><em>mm</em></strong></span> <span class='ocrx_word' id='word_1_216' title='bbox 441 2279 498 2345; x_wconf 83' lang='grc' dir='ltr'><strong><em>ἐξ</em></strong></span> <span class='ocrx_word' id='word_1_217' title='bbox 526 2276 651 2344; x_wconf 81' lang='grc' dir='ltr'><strong><em>ἑνὸς</em></strong></span> <span class='ocrx_word' id='word_1_218' title='bbox 680 2282 881 2336; x_wconf 74' lang='grc' dir='ltr'><strong><em>ἱκανοῦ</em></strong></span> <span class='ocrx_word' id='word_1_219' title='bbox 899 2279 1089 2351; x_wconf 90' lang='grc' dir='ltr'><strong><em>λόγου,</em></strong></span> <span class='ocrx_word' id='word_1_220' title='bbox 1112 2279 1185 2346; x_wconf 79' lang='grc' dir='ltr'><strong><em>ὥς</em></strong></span> <span class='ocrx_word' id='word_1_221' title='bbox 1205 2291 1373 2351; x_wconf 86' lang='grc' dir='ltr'><strong><em>φαῖεν</em></strong></span> <span class='ocrx_word' id='word_1_222' title='bbox 1399 2275 1474 2335; x_wconf 73' lang='grc' dir='ltr'><strong><em>ἂν</em></strong></span> <span class='ocrx_word' id='word_1_223' title='bbox 1503 2277 1630 2335; x_wconf 82' lang='grc' dir='ltr'><strong><em>ὅσοι</em></strong></span> <span class='ocrx_word' id='word_1_224' title='bbox 1658 2279 1751 2334; x_wconf 83' lang='grc' dir='ltr'><strong><em>καὶ</em></strong></span> 
     </span>
     <span class='ocr_line' id='line_1_27' title="bbox 49 2357 1750 2434; baseline 0 -19"><span class='ocrx_word' id='word_1_225' title='bbox 49 2357 291 2430; x_wconf 79' lang='grc' dir='ltr'><strong><em>σμικρόν</em></strong></span> <span class='ocrx_word' id='word_1_226' title='bbox 306 2366 415 2416; x_wconf 84' lang='grc' dir='ltr'><strong><em>νοῦ</em></strong></span> <span class='ocrx_word' id='word_1_227' title='bbox 432 2362 741 2433; x_wconf 84' lang='grc' dir='ltr'><strong><em>κέκτηνται,</em></strong></span> <span class='ocrx_word' id='word_1_228' title='bbox 760 2367 873 2418; x_wconf 87' lang='grc' dir='ltr'><strong><em>νῦν</em></strong></span> <span class='ocrx_word' id='word_1_229' title='bbox 898 2360 1311 2434; x_wconf 77' lang='grc' dir='ltr'><strong><em>ἀναγκάζουσιν</em></strong></span> <span class='ocrx_word' id='word_1_230' title='bbox 1339 2358 1483 2434; x_wconf 77' lang='grc' dir='ltr'><strong><em>ἡμᾶς</em></strong></span> <span class='ocrx_word' id='word_1_231' title='bbox 1510 2364 1691 2432; x_wconf 86' lang='grc' dir='ltr'><strong><em>λέγειν</em></strong></span> <span class='ocrx_word' id='word_1_232' title='bbox 1713 2358 1750 2415; x_wconf 74' lang='grc' dir='ltr'><strong><em>δι’</em></strong></span> 
     </span>
     <span class='ocr_line' id='line_1_28' title="bbox 16 2443 1864 2517; baseline 0.001 -20"><span class='ocrx_word' id='word_1_233' title='bbox 16 2450 21 2460; x_wconf 87' lang='grc'><strong>’</strong></span> <span class='ocrx_word' id='word_1_234' title='bbox 48 2443 302 2512; x_wconf 75' lang='grc' dir='ltr'><strong><em>λέγομεν,</em></strong></span> <span class='ocrx_word' id='word_1_235' title='bbox 341 2447 460 2508; x_wconf 74' lang='grc' dir='ltr'><strong><em>πῶς</em></strong></span> <span class='ocrx_word' id='word_1_236' title='bbox 494 2443 731 2510; x_wconf 82' lang='grc' dir='ltr'><strong><em>τούτους</em></strong></span> <span class='ocrx_word' id='word_1_237' title='bbox 760 2443 834 2500; x_wconf 73' lang='grc' dir='ltr'><strong><em>ἄν</em></strong></span> <span class='ocrx_word' id='word_1_238' title='bbox 868 2466 949 2510; x_wconf 89' lang='grc' dir='ltr'><strong><em>τις</em></strong></span> <span class='ocrx_word' id='word_1_239' title='bbox 978 2447 1039 2502; x_wconf 86' lang='grc' dir='ltr'><strong><em>ἐν</em></strong></span> <span class='ocrx_word' id='word_1_240' title='bbox 1069 2447 1268 2517; x_wconf 84' lang='grc' dir='ltr'><strong><em>πραέσι</em></strong></span> <span class='ocrx_word' id='word_1_241' title='bbox 1296 2444 1485 2516; x_wconf 88' lang='grc' dir='ltr'><strong><em>λόγοις</em></strong></span> <span class='ocrx_word' id='word_1_242' title='bbox 1516 2444 1747 2500; x_wconf 85' lang='grc' dir='ltr'><strong><em>δύναιτο</em></strong></span> <span class='ocrx_word' id='word_1_243' title='bbox 1775 2456 1864 2504; x_wconf 85' lang='grc'><strong><em>888</em></strong></span> 
     </span>
     <span class='ocr_line' id='line_1_29' title="bbox 50 2522 1748 2599; baseline 0.002 -23"><span class='ocrx_word' id='word_1_244' title='bbox 50 2527 346 2579; x_wconf 70' lang='grc' dir='ltr'><strong><em>νουθετῶν</em></strong></span> <span class='ocrx_word' id='word_1_245' title='bbox 362 2522 476 2596; x_wconf 75' lang='grc' dir='ltr'><strong><em>ἅμα</em></strong></span> <span class='ocrx_word' id='word_1_246' title='bbox 501 2524 787 2582; x_wconf 84' lang='grc' dir='ltr'><strong><em>διδάσκειν</em></strong></span> <span class='ocrx_word' id='word_1_247' title='bbox 805 2528 931 2599; x_wconf 84' lang='grc' dir='ltr'><strong><em>περὶ</em></strong></span> <span class='ocrx_word' id='word_1_248' title='bbox 950 2533 1107 2584; x_wconf 78' lang='grc' dir='ltr'><strong><em>θεῶν</em></strong></span> <span class='ocrx_word' id='word_1_249' title='bbox 1120 2533 1346 2598; x_wconf 70' lang='grc' dir='ltr'><strong><em>πρῶτον</em></strong></span> <span class='ocrx_word' id='word_1_250' title='bbox 1365 2525 1440 2592; x_wconf 74' lang='grc' dir='ltr'><strong><em>ὥς</em></strong></span> <span class='ocrx_word' id='word_1_251' title='bbox 1458 2530 1567 2582; x_wconf 79' lang='grc' dir='ltr'><strong><em>εἰσί</em></strong></span> <span class='ocrx_word' id='word_1_252' title='bbox 1574 2549 1589 2592; x_wconf 86' lang='lat'>;</span> <span class='ocrx_word' id='word_1_253' title='bbox 1618 2531 1748 2580; x_wconf 89' lang='grc' dir='ltr'><strong><em>τολ-</em></strong></span> 
     </span>
     <span class='ocr_line' id='line_1_30' title="bbox 49 2602 1745 2682; baseline 0.002 -24"><span class='ocrx_word' id='word_1_254' title='bbox 49 2602 255 2672; x_wconf 76' lang='grc' dir='ltr'><strong><em>μητέον</em></strong></span> <span class='ocrx_word' id='word_1_255' title='bbox 271 2606 360 2661; x_wconf 71' lang='grc' dir='ltr'><strong><em>δέ·</em></strong></span> <span class='ocrx_word' id='word_1_256' title='bbox 397 2605 469 2662; x_wconf 83' lang='grc' dir='ltr'><strong><em>οὐ</em></strong></span> <span class='ocrx_word' id='word_1_257' title='bbox 492 2605 602 2680; x_wconf 77' lang='grc' dir='ltr'><strong><em>γὰρ</em></strong></span> <span class='ocrx_word' id='word_1_258' title='bbox 619 2606 735 2680; x_wconf 78' lang='grc' dir='ltr'><strong><em>ἅμα</em></strong></span> <span class='ocrx_word' id='word_1_259' title='bbox 753 2630 817 2681; x_wconf 87' lang='grc' dir='ltr'><strong><em>γε</em></strong></span> <span class='ocrx_word' id='word_1_260' title='bbox 837 2613 926 2665; x_wconf 86' lang='grc' dir='ltr'><strong><em>δεῖ</em></strong></span> <span class='ocrx_word' id='word_1_261' title='bbox 938 2615 1183 2682; x_wconf 84' lang='grc' dir='ltr'><strong><em>μανῆναι</em></strong></span> <span class='ocrx_word' id='word_1_262' title='bbox 1211 2609 1344 2674; x_wconf 79' lang='grc' dir='ltr'><strong><em>τοὺς</em></strong></span> <span class='ocrx_word' id='word_1_263' title='bbox 1361 2609 1466 2679; x_wconf 76' lang='grc' dir='ltr'><strong><em>μὲν</em></strong></span> <span class='ocrx_word' id='word_1_264' title='bbox 1494 2603 1602 2663; x_wconf 83' lang='grc' dir='ltr'><strong><em>ὑπὸ</em></strong></span> <span class='ocrx_word' id='word_1_265' title='bbox 1624 2612 1745 2663; x_wconf 90' lang='grc' dir='ltr'><strong><em>λαι-</em></strong></span> 
     </span>
     <span class='ocr_line' id='line_1_31' title="bbox 49 2683 1746 2781; baseline -0.006 -25"><span class='ocrx_word' id='word_1_266' title='bbox 49 2690 287 2781; x_wconf 61' lang='lat' dir='ltr'><strong><em>1¹⁰¹?wa</em></strong></span> <span class='ocrx_word' id='word_1_267' title='bbox 311 2683 565 2761; x_wconf 57' lang='lat' dir='ltr'><strong><em>&#39;‘tffovrk‘</em></strong></span> <span class='ocrx_word' id='word_1_268' title='bbox 534 2713 710 2764; x_wconf 84' lang='grc' dir='ltr'><strong><em>ημων,</em></strong></span> <span class='ocrx_word' id='word_1_269' title='bbox 740 2690 874 2758; x_wconf 85' lang='grc' dir='ltr'><strong><em>τούς</em></strong></span> <span class='ocrx_word' id='word_1_270' title='bbox 901 2691 955 2749; x_wconf 89' lang='grc' dir='ltr'><strong><em>δ’</em></strong></span> <span class='ocrx_word' id='word_1_271' title='bbox 989 2690 1101 2749; x_wconf 80' lang='grc' dir='ltr'><strong><em>ὑπὸ</em></strong></span> <span class='ocrx_word' id='word_1_272' title='bbox 1132 2698 1235 2749; x_wconf 86' lang='grc' dir='ltr'><strong><em>τοῦ</em></strong></span> <span class='ocrx_word' id='word_1_273' title='bbox 1269 2696 1604 2763; x_wconf 78' lang='grc' dir='ltr'><strong><em>θυμοῦσθαι</em></strong></span> <span class='ocrx_word' id='word_1_274' title='bbox 1631 2699 1746 2754; x_wconf 89' lang='grc' dir='ltr'><strong><em>τοῖς</em></strong></span> 
     </span>
     <span class='ocr_line' id='line_1_32' title="bbox 49 2766 1745 2847; baseline 0.011 -26"><span class='ocrx_word' id='word_1_275' title='bbox 49 2766 336 2833; x_wconf 85' lang='grc' dir='ltr'><strong><em>τοιούτοις.</em></strong></span> <span class='ocrx_word' id='word_1_276' title='bbox 370 2775 468 2826; x_wconf 86' lang='grc' dir='ltr'><strong><em>ῖτω</em></strong></span> <span class='ocrx_word' id='word_1_277' title='bbox 486 2769 555 2844; x_wconf 78' lang='grc' dir='ltr'><strong><em>δὴ</em></strong></span> <span class='ocrx_word' id='word_1_278' title='bbox 577 2774 885 2847; x_wconf 85' lang='grc' dir='ltr'><strong><em>πρόρρησις</em></strong></span> <span class='ocrx_word' id='word_1_279' title='bbox 910 2773 1094 2832; x_wconf 85' lang='grc' dir='ltr'><strong><em>τοιάδε</em></strong></span> <span class='ocrx_word' id='word_1_280' title='bbox 1115 2796 1209 2840; x_wconf 88' lang='grc' dir='ltr'><strong><em>τις</em></strong></span> <span class='ocrx_word' id='word_1_281' title='bbox 1216 2772 1439 2845; x_wconf 74' lang='grc' dir='ltr'><strong><em>ἄθυμος</em></strong></span> <span class='ocrx_word' id='word_1_282' title='bbox 1458 2782 1573 2838; x_wconf 69' lang='grc' dir='ltr'><strong><em>τοῖς</em></strong></span> <span class='ocrx_word' id='word_1_283' title='bbox 1596 2770 1745 2828; x_wconf 64' lang='grc' dir='ltr'><em>Οὕτω</em></span> 
     </span>
     <span class='ocr_line' id='line_1_33' title="bbox 49 2844 1745 2929; baseline 0.005 -26"><span class='ocrx_word' id='word_1_284' title='bbox 49 2844 156 2920; x_wconf 76' lang='grc' dir='ltr'><strong><em>τὴν</em></strong></span> <span class='ocrx_word' id='word_1_285' title='bbox 191 2849 448 2907; x_wconf 89' lang='grc' dir='ltr'><strong><em>διάνοιαν</em></strong></span> <span class='ocrx_word' id='word_1_286' title='bbox 476 2854 927 2929; x_wconf 72' lang='grc' dir='ltr'><strong><em>διεφθαρμένοις,</em></strong></span> <span class='ocrx_word' id='word_1_287' title='bbox 958 2860 1050 2913; x_wconf 83' lang='grc' dir='ltr'><strong><em>καὶ</em></strong></span> <span class='ocrx_word' id='word_1_288' title='bbox 1083 2860 1332 2928; x_wconf 82' lang='grc' dir='ltr'><strong><em>λέγωμεν</em></strong></span> <span class='ocrx_word' id='word_1_289' title='bbox 1367 2856 1573 2927; x_wconf 89' lang='grc' dir='ltr'><strong><em>πράως,</em></strong></span> <span class='ocrx_word' id='word_1_290' title='bbox 1613 2854 1745 2928; x_wconf 78' lang='grc' dir='ltr'><strong><em>σβέ-</em></strong></span> 
     </span>
    </p>
   </div>
  </div>
 </body>
</html>
