<?xml version="1.0" encoding="UTF-8"?>
<!DOCTYPE html PUBLIC "-//W3C//DTD XHTML 1.0 Transitional//EN"
    "http://www.w3.org/TR/xhtml1/DTD/xhtml1-transitional.dtd">
<html xmlns="http://www.w3.org/1999/xhtml" xml:lang="en" lang="en">
 <head>
  <title>
</title>
<meta http-equiv="Content-Type" content="text/html;charset=utf-8" />
  <meta name='ocr-system' content='tesseract 3.04.00' />
  <meta name='ocr-capabilities' content='ocr_page ocr_carea ocr_par ocr_line ocrx_word'/>
</head>
<body>
  <div class='ocr_page' id='page_1' title='image "./dialogisecumdumt05platuoft_0374.png"; bbox 0 0 1976 3172; ppageno 0'>
   <div class='ocr_carea' id='block_1_1' title="bbox 256 70 1302 178">
    <p class='ocr_par' dir='ltr' id='par_1_1' title="bbox 256 70 1302 178">
     <span class='ocr_line' id='line_1_1' title="bbox 256 70 1302 178; baseline 0 -23"><span class='ocrx_word' id='word_1_1' title='bbox 256 102 365 156; x_wconf 82' lang='lat'><strong><em>342</em></strong></span> <span class='ocrx_word' id='word_1_2' title='bbox 438 70 440 72; x_wconf 40' lang='grc'>’</span> <span class='ocrx_word' id='word_1_3' title='bbox 686 175 689 178; x_wconf 8' lang='grc' dir='ltr'><strong>Δ</strong></span> <span class='ocrx_word' id='word_1_4' title='bbox 774 82 1302 172; x_wconf 21' lang='grc' dir='ltr'><em>(ΠΛΑΤΩΝΟΣ</em></span> 
     </span>
    </p>
   </div>
   <div class='ocr_carea' id='block_1_2' title="bbox 134 234 1976 2831">
    <p class='ocr_par' dir='ltr' id='par_1_2' title="bbox 134 234 1976 2831">
     <span class='ocr_line' id='line_1_2' title="bbox 254 234 1976 319; baseline 0.007 -28"><span class='ocrx_word' id='word_1_5' title='bbox 254 234 463 292; x_wconf 87' lang='grc' dir='ltr'><strong><em>ὁπόταν</em></strong></span> <span class='ocrx_word' id='word_1_6' title='bbox 496 235 598 307; x_wconf 78' lang='grc' dir='ltr'><strong><em>μὲν</em></strong></span> <span class='ocrx_word' id='word_1_7' title='bbox 629 235 797 308; x_wconf 79' lang='grc' dir='ltr'><strong><em>ἀρετῇ</em></strong></span> <span class='ocrx_word' id='word_1_8' title='bbox 827 244 957 311; x_wconf 78' lang='grc' dir='ltr'><strong><em>θείᾳ</em></strong></span> <span class='ocrx_word' id='word_1_9' title='bbox 985 242 1328 310; x_wconf 79' lang='grc' dir='ltr'><strong><em>προσμίξασα</em></strong></span> <span class='ocrx_word' id='word_1_10' title='bbox 1355 246 1606 313; x_wconf 84' lang='grc' dir='ltr'><strong><em>γίγνηται</em></strong></span> <span class='ocrx_word' id='word_1_11' title='bbox 1637 246 1940 315; x_wconf 72' lang='grc' dir='ltr'><strong><em>διαφερόν·</em></strong></span> <span class='ocrx_word' id='word_1_12' title='bbox 1971 315 1976 319; x_wconf 19' lang='lat' dir='ltr'>q</span> 
     </span>
     <span class='ocr_line' id='line_1_3' title="bbox 252 318 1936 398; baseline 0.007 -26"><span class='ocrx_word' id='word_1_13' title='bbox 252 337 358 383; x_wconf 91' lang='grc' dir='ltr'><strong><em>τως</em></strong></span> <span class='ocrx_word' id='word_1_14' title='bbox 384 318 630 389; x_wconf 78' lang='grc' dir='ltr'><strong><em>τοιαύτη,</em></strong></span> <span class='ocrx_word' id='word_1_15' title='bbox 652 321 986 389; x_wconf 81' lang='grc' dir='ltr'><strong><em>διαφέροντα</em></strong></span> <span class='ocrx_word' id='word_1_16' title='bbox 1003 323 1094 376; x_wconf 87' lang='grc' dir='ltr'><strong><em>καὶ</em></strong></span> <span class='ocrx_word' id='word_1_17' title='bbox 1111 323 1373 393; x_wconf 77' lang='grc' dir='ltr'><strong><em>μετέβαλε</em></strong></span> <span class='ocrx_word' id='word_1_18' title='bbox 1391 322 1566 379; x_wconf 92' lang='grc' dir='ltr'><strong><em>τόπον</em></strong></span> <span class='ocrx_word' id='word_1_19' title='bbox 1597 323 1760 396; x_wconf 82' lang='grc' dir='ltr'><strong><em>ἅγιον</em></strong></span> <span class='ocrx_word' id='word_1_20' title='bbox 1785 325 1936 398; x_wconf 82' lang='grc' dir='ltr'><strong><em>ὅλον,</em></strong></span> 
     </span>
     <span class='ocr_line' id='line_1_4' title="bbox 190 398 1939 504; baseline 0.006 -50"><span class='ocrx_word' id='word_1_21' title='bbox 190 421 223 460; x_wconf 85' lang='lat' dir='ltr'><strong>E</strong></span> <span class='ocrx_word' id='word_1_22' title='bbox 252 407 729 504; x_wconf 76' lang='grc' dir='ltr'><strong><em>μετακομισθεῖσα</em></strong></span> <span class='ocrx_word' id='word_1_23' title='bbox 753 405 829 464; x_wconf 85' lang='grc' dir='ltr'><strong><em>εἰς</em></strong></span> <span class='ocrx_word' id='word_1_24' title='bbox 862 398 1068 472; x_wconf 81' lang='grc' dir='ltr'><strong><em>ἀμείνω</em></strong></span> <span class='ocrx_word' id='word_1_25' title='bbox 1096 402 1219 458; x_wconf 77' lang='grc' dir='ltr'><strong><em>τινὰ</em></strong></span> <span class='ocrx_word' id='word_1_26' title='bbox 1249 403 1426 459; x_wconf 84' lang='grc' dir='ltr'><strong><em>τόπον</em></strong></span> <span class='ocrx_word' id='word_1_27' title='bbox 1455 406 1672 476; x_wconf 78' lang='grc' dir='ltr'><strong><em>ἕτερον·</em></strong></span> <span class='ocrx_word' id='word_1_28' title='bbox 1712 406 1848 463; x_wconf 83' lang='grc' dir='ltr'><strong><em>ὅταν</em></strong></span> <span class='ocrx_word' id='word_1_29' title='bbox 1879 410 1939 465; x_wconf 80' lang='grc' dir='ltr'><strong><em>δὲ</em></strong></span> 
     </span>
     <span class='ocr_line' id='line_1_5' title="bbox 251 479 1802 560; baseline 0.006 -24"><span class='ocrx_word' id='word_1_30' title='bbox 251 479 536 550; x_wconf 80' lang='grc' dir='ltr'><strong><em>τάναντία,</em></strong></span> <span class='ocrx_word' id='word_1_31' title='bbox 557 482 644 537; x_wconf 84' lang='grc' dir='ltr'><strong><em>ἐπὶ</em></strong></span> <span class='ocrx_word' id='word_1_32' title='bbox 664 480 931 538; x_wconf 82' lang='grc' dir='ltr'><strong><em>τάναντία</em></strong></span> <span class='ocrx_word' id='word_1_33' title='bbox 950 483 1338 554; x_wconf 78' lang='grc' dir='ltr'><strong><em>μεθιδρύσασα</em></strong></span> <span class='ocrx_word' id='word_1_34' title='bbox 1356 484 1458 541; x_wconf 82' lang='grc' dir='ltr'><strong><em>τόν</em></strong></span> <span class='ocrx_word' id='word_1_35' title='bbox 1477 483 1647 559; x_wconf 82' lang='grc' dir='ltr'><strong><em>αὑτῆς</em></strong></span> <span class='ocrx_word' id='word_1_36' title='bbox 1663 493 1802 560; x_wconf 90' lang='grc' dir='ltr'><strong><em>βίον.</em></strong></span> 
     </span>
     <span class='ocr_line' id='line_1_6' title="bbox 394 561 1744 639; baseline 0.005 -21"><span class='ocrx_word' id='word_1_37' title='bbox 394 561 535 634; x_wconf 81' lang='grc' dir='ltr'><strong><em>αὕτη</em></strong></span> <span class='ocrx_word' id='word_1_38' title='bbox 556 584 642 618; x_wconf 95' lang='grc' dir='ltr'><strong><em>τοι</em></strong></span> <span class='ocrx_word' id='word_1_39' title='bbox 660 566 783 635; x_wconf 88' lang='grc' dir='ltr'><strong><em>δίκη</em></strong></span> <span class='ocrx_word' id='word_1_40' title='bbox 809 565 922 620; x_wconf 85' lang='grc' dir='ltr'><strong><em>ἐστὶ</em></strong></span> <span class='ocrx_word' id='word_1_41' title='bbox 941 569 1097 620; x_wconf 78' lang='grc' dir='ltr'><strong><em>θεῶν</em></strong></span> <span class='ocrx_word' id='word_1_42' title='bbox 1114 569 1173 620; x_wconf 79' lang='grc' dir='ltr'><strong><em>οἳ</em></strong></span> <span class='ocrx_word' id='word_1_43' title='bbox 1193 564 1478 638; x_wconf 87' lang='grc' dir='ltr'><strong><em>Ὄλυμπον</em></strong></span> <span class='ocrx_word' id='word_1_44' title='bbox 1505 573 1744 639; x_wconf 83' lang='grc' dir='ltr'><strong><em>ἔχουσιν,</em></strong></span> 
     </span>
     <span class='ocr_line' id='line_1_7' title="bbox 252 644 1939 722; baseline 0.007 -24"><span class='ocrx_word' id='word_1_45' title='bbox 252 664 296 698; x_wconf 90' lang='grc' dir='ltr'><strong><em>ω</em></strong></span> <span class='ocrx_word' id='word_1_46' title='bbox 317 653 422 699; x_wconf 76' lang='grc' dir='ltr'><strong><em>παῖ</em></strong></span> <span class='ocrx_word' id='word_1_47' title='bbox 444 645 537 699; x_wconf 87' lang='grc' dir='ltr'><strong><em>καὶ</em></strong></span> <span class='ocrx_word' id='word_1_48' title='bbox 561 649 819 702; x_wconf 81' lang='grc' dir='ltr'><strong><em>νεανίσκε</em></strong></span> <span class='ocrx_word' id='word_1_49' title='bbox 851 644 1176 717; x_wconf 76' lang='grc' dir='ltr'><strong><em>ἀμελεῖσθαι</em></strong></span> <span class='ocrx_word' id='word_1_50' title='bbox 1205 650 1392 703; x_wconf 72' lang='grc' dir='ltr'><strong><em>δοκῶν</em></strong></span> <span class='ocrx_word' id='word_1_51' title='bbox 1422 647 1531 706; x_wconf 84' lang='grc' dir='ltr'><strong><em>ὑπὸ</em></strong></span> <span class='ocrx_word' id='word_1_52' title='bbox 1562 655 1736 722; x_wconf 77' lang='grc' dir='ltr'><strong><em>θεῶν,</em></strong></span> <span class='ocrx_word' id='word_1_53' title='bbox 1766 657 1939 709; x_wconf 87' lang='grc' dir='ltr'><strong><em>κακίω</em></strong></span> 
     </span>
     <span class='ocr_line' id='line_1_8' title="bbox 249 722 1940 802; baseline 0.006 -24"><span class='ocrx_word' id='word_1_54' title='bbox 249 722 352 794; x_wconf 77' lang='grc' dir='ltr'><strong><em>μὲν</em></strong></span> <span class='ocrx_word' id='word_1_55' title='bbox 369 725 707 794; x_wconf 87' lang='grc' dir='ltr'><strong><em>γιγνόμενον</em></strong></span> <span class='ocrx_word' id='word_1_56' title='bbox 724 725 865 796; x_wconf 83' lang='grc' dir='ltr'><strong><em>πρὸς</em></strong></span> <span class='ocrx_word' id='word_1_57' title='bbox 881 726 979 794; x_wconf 79' lang='grc' dir='ltr'><strong><em>τὰς</em></strong></span> <span class='ocrx_word' id='word_1_58' title='bbox 1003 733 1232 794; x_wconf 81' lang='grc' dir='ltr'><strong><em>κακίους</em></strong></span> <span class='ocrx_word' id='word_1_59' title='bbox 1255 730 1450 801; x_wconf 83' lang='grc' dir='ltr'><strong><em>ψυχας,</em></strong></span> <span class='ocrx_word' id='word_1_60' title='bbox 1482 728 1688 801; x_wconf 89' lang='grc' dir='ltr'><strong><em>αμείνω</em></strong></span> <span class='ocrx_word' id='word_1_61' title='bbox 1713 732 1773 788; x_wconf 80' lang='grc' dir='ltr'><strong><em>δε</em></strong></span> <span class='ocrx_word' id='word_1_62' title='bbox 1801 734 1940 802; x_wconf 86' lang='grc' dir='ltr'><strong><em>πρὸς</em></strong></span> 
     </span>
     <span class='ocr_line' id='line_1_9' title="bbox 248 802 1939 882; baseline 0.007 -24"><span class='ocrx_word' id='word_1_63' title='bbox 248 804 347 868; x_wconf 78' lang='grc' dir='ltr'><strong><em>τὰς</em></strong></span> <span class='ocrx_word' id='word_1_64' title='bbox 367 802 630 874; x_wconf 89' lang='grc' dir='ltr'><strong><em>αμείνους</em></strong></span> <span class='ocrx_word' id='word_1_65' title='bbox 654 807 1039 877; x_wconf 88' lang='grc' dir='ltr'><strong><em>πορευόμενον</em></strong></span> <span class='ocrx_word' id='word_1_66' title='bbox 1058 815 1120 864; x_wconf 78' lang='grc' dir='ltr'><strong><em>ἔν</em></strong></span> <span class='ocrx_word' id='word_1_67' title='bbox 1149 831 1208 864; x_wconf 88' lang='grc' dir='ltr'><strong><em>τε</em></strong></span> <span class='ocrx_word' id='word_1_68' title='bbox 1239 815 1351 882; x_wconf 79' lang='grc' dir='ltr'><strong><em>ζωῇ</em></strong></span> <span class='ocrx_word' id='word_1_69' title='bbox 1377 813 1470 867; x_wconf 85' lang='grc' dir='ltr'><strong><em>καὶ</em></strong></span> <span class='ocrx_word' id='word_1_70' title='bbox 1500 813 1562 868; x_wconf 88' lang='grc' dir='ltr'><strong><em>ἐν</em></strong></span> <span class='ocrx_word' id='word_1_71' title='bbox 1589 818 1726 868; x_wconf 83' lang='grc' dir='ltr'><strong><em>πᾶσι</em></strong></span> <span class='ocrx_word' id='word_1_72' title='bbox 1753 812 1939 869; x_wconf 79' lang='grc' dir='ltr'><strong><em>θανά-</em></strong></span> 
     </span>
     <span class='ocr_line' id='line_1_10' title="bbox 248 884 1939 991; baseline 0.007 -52"><span class='ocrx_word' id='word_1_73' title='bbox 248 906 363 950; x_wconf 91' lang='grc' dir='ltr'><strong><em>τοις</em></strong></span> <span class='ocrx_word' id='word_1_74' title='bbox 399 885 632 956; x_wconf 82' lang='grc' dir='ltr'><strong><em>πασχειν</em></strong></span> <span class='ocrx_word' id='word_1_75' title='bbox 663 907 723 941; x_wconf 90' lang='grc' dir='ltr'><strong><em>τε</em></strong></span> <span class='ocrx_word' id='word_1_76' title='bbox 759 884 796 940; x_wconf 79' lang='grc' dir='ltr'><em>ἂ</em></span> <span class='ocrx_word' id='word_1_77' title='bbox 829 894 1116 959; x_wconf 82' lang='grc' dir='ltr'><strong><em>προσῆκον</em></strong></span> <span class='ocrx_word' id='word_1_78' title='bbox 1138 891 1283 961; x_wconf 76' lang='grc' dir='ltr'><strong><em>δρᾷν</em></strong></span> <span class='ocrx_word' id='word_1_79' title='bbox 1312 893 1425 945; x_wconf 81' lang='grc' dir='ltr'><strong><em>ἐστὶ</em></strong></span> <span class='ocrx_word' id='word_1_80' title='bbox 1455 904 1574 956; x_wconf 83' lang='grc' dir='ltr'><strong><em>τοῖς</em></strong></span> <span class='ocrx_word' id='word_1_81' title='bbox 1598 897 1939 991; x_wconf 79' lang='grc' dir='ltr'><strong><em>προσφερέσι</em></strong></span> 
     </span>
     <span class='ocr_line' id='line_1_11' title="bbox 134 964 1939 1046; baseline 0 -15"><span class='ocrx_word' id='word_1_82' title='bbox 134 986 218 1031; x_wconf 84' lang='lat'><strong><em>905</em></strong></span> <span class='ocrx_word' id='word_1_83' title='bbox 251 964 383 1031; x_wconf 78' lang='grc' dir='ltr'><strong><em>τοὺς</em></strong></span> <span class='ocrx_word' id='word_1_84' title='bbox 400 978 734 1039; x_wconf 82' lang='grc' dir='ltr'><strong><em>προσφερεῖς</em></strong></span> <span class='ocrx_word' id='word_1_85' title='bbox 754 968 846 1024; x_wconf 86' lang='grc' dir='ltr'><strong><em>καὶ</em></strong></span> <span class='ocrx_word' id='word_1_86' title='bbox 870 980 1066 1024; x_wconf 80' lang='grc' dir='ltr'><strong><em>ποιεῖν.</em></strong></span> <span class='ocrx_word' id='word_1_87' title='bbox 1103 968 1310 1041; x_wconf 84' lang='grc' dir='ltr'><strong><em>ταύτης</em></strong></span> <span class='ocrx_word' id='word_1_88' title='bbox 1335 975 1432 1040; x_wconf 85' lang='grc' dir='ltr'><strong><em>τῆς</em></strong></span> <span class='ocrx_word' id='word_1_89' title='bbox 1444 973 1606 1042; x_wconf 88' lang='grc' dir='ltr'><strong><em>δίκης</em></strong></span> <span class='ocrx_word' id='word_1_90' title='bbox 1624 971 1753 1029; x_wconf 78' lang='grc' dir='ltr'><strong><em>οὔτε</em></strong></span> <span class='ocrx_word' id='word_1_91' title='bbox 1771 973 1842 1030; x_wconf 82' lang='grc' dir='ltr'><strong><em>σὺ</em></strong></span> <span class='ocrx_word' id='word_1_92' title='bbox 1862 974 1939 1046; x_wconf 86' lang='grc' dir='ltr'><strong><em>μή</em></strong></span> 
     </span>
     <span class='ocr_line' id='line_1_12' title="bbox 249 1046 1939 1126; baseline 0.005 -23"><span class='ocrx_word' id='word_1_93' title='bbox 249 1067 382 1103; x_wconf 88' lang='grc' dir='ltr'><strong><em>ποτε</em></strong></span> <span class='ocrx_word' id='word_1_94' title='bbox 402 1046 533 1104; x_wconf 88' lang='grc' dir='ltr'><strong><em>ούτε</em></strong></span> <span class='ocrx_word' id='word_1_95' title='bbox 553 1053 643 1120; x_wconf 80' lang='grc' dir='ltr'><strong><em>[εἰ]</em></strong></span> <span class='ocrx_word' id='word_1_96' title='bbox 674 1047 840 1114; x_wconf 86' lang='grc' dir='ltr'><strong><em>α’λλος</em></strong></span> <span class='ocrx_word' id='word_1_97' title='bbox 865 1047 1070 1121; x_wconf 81' lang='grc' dir='ltr'><strong><em>ατυχὴς</em></strong></span> <span class='ocrx_word' id='word_1_98' title='bbox 1086 1051 1389 1122; x_wconf 88' lang='grc' dir='ltr'><strong><em>γενόμενος</em></strong></span> <span class='ocrx_word' id='word_1_99' title='bbox 1407 1053 1697 1124; x_wconf 82' lang='grc' dir='ltr'><strong><em>ἐπεύξηται</em></strong></span> <span class='ocrx_word' id='word_1_100' title='bbox 1719 1073 1939 1126; x_wconf 88' lang='grc' dir='ltr'><strong><em>περιγε-</em></strong></span> 
     </span>
     <span class='ocr_line' id='line_1_13' title="bbox 249 1130 1970 1204; baseline 0.006 -21"><span class='ocrx_word' id='word_1_101' title='bbox 249 1133 448 1185; x_wconf 85' lang='grc' dir='ltr'><strong><em>νέσθαι</em></strong></span> <span class='ocrx_word' id='word_1_102' title='bbox 479 1137 662 1185; x_wconf 74' lang='grc' dir='ltr'><strong><em>θεῶν·</em></strong></span> <span class='ocrx_word' id='word_1_103' title='bbox 695 1130 769 1201; x_wconf 80' lang='grc' dir='ltr'><strong><em>ἣν</em></strong></span> <span class='ocrx_word' id='word_1_104' title='bbox 798 1137 997 1187; x_wconf 75' lang='grc' dir='ltr'><strong><em>πασῶν</em></strong></span> <span class='ocrx_word' id='word_1_105' title='bbox 1027 1137 1203 1188; x_wconf 77' lang='grc' dir='ltr'><strong><em>δικῶν</em></strong></span> <span class='ocrx_word' id='word_1_106' title='bbox 1238 1135 1616 1204; x_wconf 75' lang='grc' dir='ltr'><strong><em>διαφερόντως</em></strong></span> <span class='ocrx_word' id='word_1_107' title='bbox 1645 1138 1843 1202; x_wconf 79' lang='grc' dir='ltr'><strong><em>ἔταξάν</em></strong></span> <span class='ocrx_word' id='word_1_108' title='bbox 1879 1158 1939 1193; x_wconf 88' lang='grc' dir='ltr'><strong><em>τε</em></strong></span> <span class='ocrx_word' id='word_1_109' title='bbox 1967 1136 1970 1138; x_wconf 58' lang='grc'><strong>’</strong></span> 
     </span>
     <span class='ocr_line' id='line_1_14' title="bbox 249 1211 1938 1289; baseline 0.004 -23"><span class='ocrx_word' id='word_1_110' title='bbox 249 1215 307 1267; x_wconf 79' lang='grc' dir='ltr'><strong><em>οἱ</em></strong></span> <span class='ocrx_word' id='word_1_111' title='bbox 318 1211 580 1277; x_wconf 78' lang='grc' dir='ltr'><strong><em>τάξαντες</em></strong></span> <span class='ocrx_word' id='word_1_112' title='bbox 592 1212 774 1284; x_wconf 75' lang='grc' dir='ltr'><strong><em>χρεών</em></strong></span> <span class='ocrx_word' id='word_1_113' title='bbox 802 1234 861 1269; x_wconf 87' lang='grc' dir='ltr'><strong><em>τε</em></strong></span> <span class='ocrx_word' id='word_1_114' title='bbox 884 1215 1306 1286; x_wconf 78' lang='grc' dir='ltr'><strong><em>ἐξευλαβεῖσθαι</em></strong></span> <span class='ocrx_word' id='word_1_115' title='bbox 1334 1214 1394 1270; x_wconf 87' lang='grc' dir='ltr'>τὸ</span> <span class='ocrx_word' id='word_1_116' title='bbox 1425 1215 1705 1288; x_wconf 79' lang='grc' dir='ltr'><strong><em>παράπαν.</em></strong></span> <span class='ocrx_word' id='word_1_117' title='bbox 1743 1217 1813 1274; x_wconf 80' lang='grc' dir='ltr'><strong><em>οὐ</em></strong></span> <span class='ocrx_word' id='word_1_118' title='bbox 1830 1216 1938 1289; x_wconf 75' lang='grc' dir='ltr'><strong><em>γὰρ</em></strong></span> 
     </span>
     <span class='ocr_line' id='line_1_15' title="bbox 248 1290 1939 1370; baseline 0.005 -22"><span class='ocrx_word' id='word_1_119' title='bbox 248 1290 590 1365; x_wconf 78' lang='grc' dir='ltr'><strong><em>ἀμεληθήσει</em></strong></span> <span class='ocrx_word' id='word_1_120' title='bbox 608 1295 740 1351; x_wconf 78' lang='grc' dir='ltr'><strong><em>ποτὲ</em></strong></span> <span class='ocrx_word' id='word_1_121' title='bbox 761 1291 859 1350; x_wconf 79' lang='grc' dir='ltr'><strong><em>ὑπ’</em></strong></span> <span class='ocrx_word' id='word_1_122' title='bbox 880 1293 1077 1367; x_wconf 80' lang='grc' dir='ltr'><strong><em>αὐτῆς·</em></strong></span> <span class='ocrx_word' id='word_1_123' title='bbox 1117 1294 1220 1368; x_wconf 80' lang='grc' dir='ltr'><strong><em>οὐχ</em></strong></span> <span class='ocrx_word' id='word_1_124' title='bbox 1247 1295 1395 1354; x_wconf 80' lang='grc' dir='ltr'><strong><em>οὕτω</em></strong></span> <span class='ocrx_word' id='word_1_125' title='bbox 1422 1299 1654 1370; x_wconf 72' lang='grc' dir='ltr'><strong><em>σμικρὸς</em></strong></span> <span class='ocrx_word' id='word_1_126' title='bbox 1682 1297 1764 1355; x_wconf 69' lang='grc' dir='ltr'><strong><em>ὢν</em></strong></span> <span class='ocrx_word' id='word_1_127' title='bbox 1783 1299 1939 1356; x_wconf 84' lang='grc' dir='ltr'><strong><em>δύσει</em></strong></span> 
     </span>
     <span class='ocr_line' id='line_1_16' title="bbox 246 1373 1938 1450; baseline 0.003 -21"><span class='ocrx_word' id='word_1_128' title='bbox 246 1373 384 1430; x_wconf 79' lang='grc' dir='ltr'><strong><em>κατὰ</em></strong></span> <span class='ocrx_word' id='word_1_129' title='bbox 423 1373 485 1430; x_wconf 83' lang='grc' dir='ltr'><strong><em>τὸ</em></strong></span> <span class='ocrx_word' id='word_1_130' title='bbox 514 1381 610 1446; x_wconf 83' lang='grc' dir='ltr'><strong><em>τῆς</em></strong></span> <span class='ocrx_word' id='word_1_131' title='bbox 635 1380 738 1445; x_wconf 82' lang='grc' dir='ltr'><strong><em>γῆς</em></strong></span> <span class='ocrx_word' id='word_1_132' title='bbox 766 1376 964 1447; x_wconf 80' lang='grc' dir='ltr'><strong><em>βάθος,</em></strong></span> <span class='ocrx_word' id='word_1_133' title='bbox 1004 1374 1128 1433; x_wconf 77' lang='grc' dir='ltr'><strong><em>οὐδ’</em></strong></span> <span class='ocrx_word' id='word_1_134' title='bbox 1160 1376 1374 1448; x_wconf 73' lang='grc' dir='ltr'><strong><em>’ὑψηλὸς</em></strong></span> <span class='ocrx_word' id='word_1_135' title='bbox 1400 1379 1704 1450; x_wconf 88' lang='grc' dir='ltr'><strong><em>γενόμενος</em></strong></span> <span class='ocrx_word' id='word_1_136' title='bbox 1731 1384 1809 1443; x_wconf 80' lang='grc' dir='ltr'><strong><em>εἰς</em></strong></span> <span class='ocrx_word' id='word_1_137' title='bbox 1839 1377 1938 1435; x_wconf 84' lang='grc' dir='ltr'><strong><em>τόν</em></strong></span> 
     </span>
     <span class='ocr_line' id='line_1_17' title="bbox 249 1452 1939 1529; baseline 0.003 -20"><span class='ocrx_word' id='word_1_138' title='bbox 249 1452 500 1526; x_wconf 85' lang='grc' dir='ltr'><strong><em>ούρανὸν</em></strong></span> <span class='ocrx_word' id='word_1_139' title='bbox 523 1453 846 1525; x_wconf 81' lang='grc' dir='ltr'><strong><em>ἄναπτήσει,</em></strong></span> <span class='ocrx_word' id='word_1_140' title='bbox 884 1461 1050 1521; x_wconf 87' lang='grc' dir='ltr'><strong><em>τίσεις</em></strong></span> <span class='ocrx_word' id='word_1_141' title='bbox 1081 1457 1140 1513; x_wconf 75' lang='grc' dir='ltr'><strong><em>δὲ</em></strong></span> <span class='ocrx_word' id='word_1_142' title='bbox 1175 1456 1366 1513; x_wconf 73' lang='grc' dir='ltr'><strong><em>αὐτῶν</em></strong></span> <span class='ocrx_word' id='word_1_143' title='bbox 1402 1457 1506 1529; x_wconf 80' lang='grc' dir='ltr'><strong><em>τὴν</em></strong></span> <span class='ocrx_word' id='word_1_144' title='bbox 1540 1458 1939 1529; x_wconf 85' lang='grc' dir='ltr'><strong><em>προσήκουσαν</em></strong></span> 
     </span>
     <span class='ocr_line' id='line_1_18' title="bbox 189 1533 1936 1610; baseline 0.003 -21"><span class='ocrx_word' id='word_1_145' title='bbox 189 1535 199 1537; x_wconf 63' lang='grc'>’</span> <span class='ocrx_word' id='word_1_146' title='bbox 246 1539 518 1605; x_wconf 83' lang='grc' dir='ltr'><strong><em>τιμωρίαν</em></strong></span> <span class='ocrx_word' id='word_1_147' title='bbox 537 1533 634 1591; x_wconf 79' lang='grc' dir='ltr'><strong><em>εἴτ’</em></strong></span> <span class='ocrx_word' id='word_1_148' title='bbox 655 1535 864 1592; x_wconf 80' lang='grc' dir='ltr'><strong><em>ἐνθάδε</em></strong></span> <span class='ocrx_word' id='word_1_149' title='bbox 882 1540 1068 1607; x_wconf 88' lang='grc' dir='ltr'><strong><em>μένων</em></strong></span> <span class='ocrx_word' id='word_1_150' title='bbox 1086 1545 1192 1594; x_wconf 75' lang='grc' dir='ltr'><strong><em>εἴτε</em></strong></span> <span class='ocrx_word' id='word_1_151' title='bbox 1214 1540 1307 1593; x_wconf 85' lang='grc' dir='ltr'><strong><em>καὶ</em></strong></span> <span class='ocrx_word' id='word_1_152' title='bbox 1335 1542 1398 1593; x_wconf 88' lang='grc' dir='ltr'><strong><em>ἐν</em></strong></span> <span class='ocrx_word' id='word_1_153' title='bbox 1420 1537 1616 1594; x_wconf 68' lang='grc' dir='ltr'><strong><em>’Ἅιδου</em></strong></span> <span class='ocrx_word' id='word_1_154' title='bbox 1637 1543 1936 1610; x_wconf 86' lang='grc' dir='ltr'><strong><em>διαπορευ-</em></strong></span> 
     </span>
     <span class='ocr_line' id='line_1_19' title="bbox 183 1618 1938 1691; baseline 0.002 -17"><span class='ocrx_word' id='word_1_155' title='bbox 183 1634 214 1674; x_wconf 89' lang='grc' dir='ltr'>Β</span> <span class='ocrx_word' id='word_1_156' title='bbox 246 1619 367 1681; x_wconf 83' lang='grc' dir='ltr'><strong><em>θεὶς</em></strong></span> <span class='ocrx_word' id='word_1_157' title='bbox 387 1624 495 1672; x_wconf 74' lang='grc' dir='ltr'><strong><em>εἴτε</em></strong></span> <span class='ocrx_word' id='word_1_158' title='bbox 518 1618 609 1673; x_wconf 88' lang='grc' dir='ltr'><strong><em>καὶ</em></strong></span> <span class='ocrx_word' id='word_1_159' title='bbox 627 1618 845 1673; x_wconf 88' lang='grc' dir='ltr'><strong><em>τούτων</em></strong></span> <span class='ocrx_word' id='word_1_160' title='bbox 872 1622 949 1683; x_wconf 85' lang='grc' dir='ltr'><strong><em>εἰς</em></strong></span> <span class='ocrx_word' id='word_1_161' title='bbox 973 1619 1316 1689; x_wconf 70' lang='grc' dir='ltr'><strong><em>ἀγριώτερον</em></strong></span> <span class='ocrx_word' id='word_1_162' title='bbox 1337 1623 1416 1676; x_wconf 80' lang='grc' dir='ltr'><strong><em>ἔτι</em></strong></span> <span class='ocrx_word' id='word_1_163' title='bbox 1445 1623 1824 1691; x_wconf 82' lang='grc' dir='ltr'><strong><em>διακομισθεὶς</em></strong></span> <span class='ocrx_word' id='word_1_164' title='bbox 1841 1622 1938 1678; x_wconf 89' lang='grc' dir='ltr'><strong><em>τό-</em></strong></span> 
     </span>
     <span class='ocr_line' id='line_1_20' title="bbox 248 1695 1937 1773; baseline 0.003 -20"><span class='ocrx_word' id='word_1_165' title='bbox 248 1717 374 1753; x_wconf 89' lang='grc' dir='ltr'><strong><em>πον.</em></strong></span> <span class='ocrx_word' id='word_1_166' title='bbox 411 1695 440 1752; x_wconf 90' lang='grc' dir='ltr'>ὁ</span> <span class='ocrx_word' id='word_1_167' title='bbox 479 1695 647 1762; x_wconf 81' lang='grc' dir='ltr'><strong><em>αὐτὸς</em></strong></span> <span class='ocrx_word' id='word_1_168' title='bbox 678 1697 736 1754; x_wconf 76' lang='grc' dir='ltr'><strong><em>δὲ</em></strong></span> <span class='ocrx_word' id='word_1_169' title='bbox 764 1697 928 1768; x_wconf 80' lang='grc' dir='ltr'><strong><em>λόγος</em></strong></span> <span class='ocrx_word' id='word_1_170' title='bbox 957 1716 1046 1755; x_wconf 91' lang='grc' dir='ltr'><strong><em>σοι</em></strong></span> <span class='ocrx_word' id='word_1_171' title='bbox 1069 1701 1161 1755; x_wconf 86' lang='grc' dir='ltr'><strong><em>καὶ</em></strong></span> <span class='ocrx_word' id='word_1_172' title='bbox 1187 1701 1313 1771; x_wconf 85' lang='grc' dir='ltr'><strong><em>περὶ</em></strong></span> <span class='ocrx_word' id='word_1_173' title='bbox 1342 1702 1571 1758; x_wconf 79' lang='grc' dir='ltr'><strong><em>ἐκείνων</em></strong></span> <span class='ocrx_word' id='word_1_174' title='bbox 1600 1701 1672 1757; x_wconf 75' lang='grc' dir='ltr'><strong><em>ἂν</em></strong></span> <span class='ocrx_word' id='word_1_175' title='bbox 1691 1710 1794 1773; x_wconf 83' lang='grc' dir='ltr'><strong><em>εἴη,</em></strong></span> <span class='ocrx_word' id='word_1_176' title='bbox 1823 1708 1937 1758; x_wconf 71' lang='grc' dir='ltr'><strong><em>τῶν</em></strong></span> 
     </span>
     <span class='ocr_line' id='line_1_21' title="bbox 248 1778 1937 1853; baseline 0.004 -20"><span class='ocrx_word' id='word_1_177' title='bbox 248 1778 347 1844; x_wconf 76' lang='grc' dir='ltr'><strong><em>οὓς</em></strong></span> <span class='ocrx_word' id='word_1_178' title='bbox 378 1794 450 1834; x_wconf 87' lang='grc' dir='ltr'><strong><em>συ</em></strong></span> <span class='ocrx_word' id='word_1_179' title='bbox 474 1779 716 1834; x_wconf 76' lang='grc' dir='ltr'><strong><em>κατιδων</em></strong></span> <span class='ocrx_word' id='word_1_180' title='bbox 743 1782 804 1835; x_wconf 89' lang='grc' dir='ltr'><strong><em>ἐκ</em></strong></span> <span class='ocrx_word' id='word_1_181' title='bbox 834 1786 1085 1851; x_wconf 87' lang='grc' dir='ltr'><strong><em>σμικρων</em></strong></span> <span class='ocrx_word' id='word_1_182' title='bbox 1114 1782 1389 1851; x_wconf 79' lang='grc' dir='ltr'><strong><em>μεγάλους</em></strong></span> <span class='ocrx_word' id='word_1_183' title='bbox 1417 1781 1714 1853; x_wconf 88' lang='grc' dir='ltr'><strong><em>γεγονότας</em></strong></span> <span class='ocrx_word' id='word_1_184' title='bbox 1742 1781 1937 1838; x_wconf 83' lang='grc' dir='ltr'><strong><em>ἀνοσι-</em></strong></span> 
     </span>
     <span class='ocr_line' id='line_1_22' title="bbox 248 1859 1936 1938; baseline 0.004 -24"><span class='ocrx_word' id='word_1_185' title='bbox 248 1860 632 1932; x_wconf 85' lang='grc' dir='ltr'><strong><em>ουργήσαντας</em></strong></span> <span class='ocrx_word' id='word_1_186' title='bbox 649 1859 688 1932; x_wconf 82' lang='grc' dir='ltr'><em>ἤ</em></span> <span class='ocrx_word' id='word_1_187' title='bbox 710 1882 763 1916; x_wconf 91' lang='grc' dir='ltr'><strong><em>τι</em></strong></span> <span class='ocrx_word' id='word_1_188' title='bbox 792 1866 1050 1917; x_wconf 88' lang='grc' dir='ltr'><strong><em>τοιοῦτον</em></strong></span> <span class='ocrx_word' id='word_1_189' title='bbox 1077 1861 1390 1931; x_wconf 78' lang='grc' dir='ltr'><strong><em>πράξαντας</em></strong></span> <span class='ocrx_word' id='word_1_190' title='bbox 1418 1860 1607 1938; x_wconf 77' lang='grc' dir='ltr'><strong><em>ῳήθης</em></strong></span> <span class='ocrx_word' id='word_1_191' title='bbox 1636 1865 1692 1930; x_wconf 83' lang='grc' dir='ltr'><strong><em>ἐξ</em></strong></span> <span class='ocrx_word' id='word_1_192' title='bbox 1720 1861 1936 1920; x_wconf 80' lang='grc' dir='ltr'><strong><em>ἀθλίων</em></strong></span> 
     </span>
     <span class='ocr_line' id='line_1_23' title="bbox 170 1936 1936 2016; baseline 0.002 -20"><span class='ocrx_word' id='word_1_193' title='bbox 170 1948 179 1964; x_wconf 93' lang='grc'>’</span> <span class='ocrx_word' id='word_1_194' title='bbox 245 1939 579 2013; x_wconf 84' lang='grc' dir='ltr'><strong><em>εὐδαίμονας</em></strong></span> <span class='ocrx_word' id='word_1_195' title='bbox 595 1944 902 2014; x_wconf 85' lang='grc' dir='ltr'><strong><em>γεγονέναι,</em></strong></span> <span class='ocrx_word' id='word_1_196' title='bbox 923 1936 1064 2016; x_wconf 79' lang='grc' dir='ltr'><strong><em>κᾴτα</em></strong></span> <span class='ocrx_word' id='word_1_197' title='bbox 1084 1965 1158 2008; x_wconf 93' lang='grc' dir='ltr'><strong><em>ως</em></strong></span> <span class='ocrx_word' id='word_1_198' title='bbox 1176 1945 1237 1999; x_wconf 89' lang='grc' dir='ltr'><strong><em>ἐν</em></strong></span> <span class='ocrx_word' id='word_1_199' title='bbox 1264 1941 1591 2013; x_wconf 88' lang='grc' dir='ltr'><strong><em>κατόπτροις</em></strong></span> <span class='ocrx_word' id='word_1_200' title='bbox 1609 1943 1798 2000; x_wconf 84' lang='grc' dir='ltr'><strong><em>αὐτων</em></strong></span> <span class='ocrx_word' id='word_1_201' title='bbox 1819 1955 1936 2010; x_wconf 83' lang='grc' dir='ltr'><strong><em>ταῖς</em></strong></span> 
     </span>
     <span class='ocr_line' id='line_1_24' title="bbox 244 2021 1976 2097; baseline 0.002 -19"><span class='ocrx_word' id='word_1_202' title='bbox 244 2022 510 2096; x_wconf 83' lang='grc' dir='ltr'><strong><em>πραξεσιν</em></strong></span> <span class='ocrx_word' id='word_1_203' title='bbox 542 2021 735 2096; x_wconf 82' lang='grc' dir='ltr'><strong><em>ἡγήσω</em></strong></span> <span class='ocrx_word' id='word_1_204' title='bbox 776 2028 1199 2097; x_wconf 84' lang='grc' dir='ltr'><strong><em>καθεωρακέναι</em></strong></span> <span class='ocrx_word' id='word_1_205' title='bbox 1246 2025 1351 2097; x_wconf 87' lang='grc' dir='ltr'><strong><em>τὴν</em></strong></span> <span class='ocrx_word' id='word_1_206' title='bbox 1396 2046 1624 2082; x_wconf 90' lang='grc' dir='ltr'><strong><em>παντων</em></strong></span> <span class='ocrx_word' id='word_1_207' title='bbox 1672 2025 1933 2097; x_wconf 82' lang='grc' dir='ltr'><strong><em>ἀμέλειαν</em></strong></span> <span class='ocrx_word' id='word_1_208' title='bbox 1967 2027 1976 2041; x_wconf 68' lang='grc'><strong>“</strong></span> 
     </span>
     <span class='ocr_line' id='line_1_25' title="bbox 243 2103 1971 2178; baseline 0.002 -19"><span class='ocrx_word' id='word_1_209' title='bbox 243 2109 416 2175; x_wconf 78' lang='grc' dir='ltr'><strong><em>θεῶν,</em></strong></span> <span class='ocrx_word' id='word_1_210' title='bbox 456 2103 562 2161; x_wconf 84' lang='grc' dir='ltr'><strong><em>οὐκ</em></strong></span> <span class='ocrx_word' id='word_1_211' title='bbox 603 2103 764 2171; x_wconf 84' lang='grc' dir='ltr'><strong><em>εἰδως</em></strong></span> <span class='ocrx_word' id='word_1_212' title='bbox 799 2104 988 2163; x_wconf 79' lang='grc' dir='ltr'><strong><em>αὐτων</em></strong></span> <span class='ocrx_word' id='word_1_213' title='bbox 1017 2107 1122 2178; x_wconf 81' lang='grc' dir='ltr'><strong><em>την</em></strong></span> <span class='ocrx_word' id='word_1_214' title='bbox 1156 2109 1497 2177; x_wconf 82' lang='grc' dir='ltr'><strong><em>συντέλειαν,</em></strong></span> <span class='ocrx_word' id='word_1_215' title='bbox 1537 2105 1648 2178; x_wconf 79' lang='grc' dir='ltr'><strong><em>ὅπῃ</em></strong></span> <span class='ocrx_word' id='word_1_216' title='bbox 1689 2109 1822 2163; x_wconf 91' lang='grc' dir='ltr'><strong><em>ποτε</em></strong></span> <span class='ocrx_word' id='word_1_217' title='bbox 1858 2113 1936 2178; x_wconf 77' lang='grc' dir='ltr'><strong><em>τῷ</em></strong></span> <span class='ocrx_word' id='word_1_218' title='bbox 1967 2126 1971 2137; x_wconf 65' lang='grc'><em>“</em></span> 
     </span>
     <span class='ocr_line' id='line_1_26' title="bbox 181 2185 1976 2260; baseline 0.002 -20"><span class='ocrx_word' id='word_1_219' title='bbox 181 2207 211 2248; x_wconf 78' lang='lat' dir='ltr'><strong>G</strong></span> <span class='ocrx_word' id='word_1_220' title='bbox 243 2188 408 2242; x_wconf 86' lang='grc' dir='ltr'><strong><em>παντὶ</em></strong></span> <span class='ocrx_word' id='word_1_221' title='bbox 427 2186 821 2258; x_wconf 76' lang='grc' dir='ltr'><strong><em>ξυμβάλλεται·</em></strong></span> <span class='ocrx_word' id='word_1_222' title='bbox 868 2189 1201 2259; x_wconf 75' lang='grc' dir='ltr'><strong><em>γιγνώσκειν</em></strong></span> <span class='ocrx_word' id='word_1_223' title='bbox 1221 2189 1282 2246; x_wconf 91' lang='grc' dir='ltr'><strong><em>δε</em></strong></span> <span class='ocrx_word' id='word_1_224' title='bbox 1300 2186 1496 2260; x_wconf 81' lang='grc' dir='ltr'><strong><em>αὐτήν,</em></strong></span> <span class='ocrx_word' id='word_1_225' title='bbox 1518 2210 1560 2244; x_wconf 90' lang='grc' dir='ltr'><strong><em>ω</em></strong></span> <span class='ocrx_word' id='word_1_226' title='bbox 1584 2206 1812 2245; x_wconf 88' lang='grc' dir='ltr'><strong><em>παντων</em></strong></span> <span class='ocrx_word' id='word_1_227' title='bbox 1833 2185 1936 2244; x_wconf 80' lang='grc' dir='ltr'><strong><em>ἀν-</em></strong></span> <span class='ocrx_word' id='word_1_228' title='bbox 1974 2195 1976 2199; x_wconf 80' lang='grc'>’</span> 
     </span>
     <span class='ocr_line' id='line_1_27' title="bbox 245 2264 1927 2342; baseline 0.001 -20"><span class='ocrx_word' id='word_1_229' title='bbox 245 2266 540 2336; x_wconf 87' lang='grc' dir='ltr'><strong><em>δρειότατε,</em></strong></span> <span class='ocrx_word' id='word_1_230' title='bbox 561 2287 678 2333; x_wconf 88' lang='grc' dir='ltr'><strong><em>πως</em></strong></span> <span class='ocrx_word' id='word_1_231' title='bbox 696 2267 764 2325; x_wconf 84' lang='grc' dir='ltr'><strong><em>ού</em></strong></span> <span class='ocrx_word' id='word_1_232' title='bbox 795 2273 914 2326; x_wconf 82' lang='grc' dir='ltr'><strong><em>δεῖν</em></strong></span> <span class='ocrx_word' id='word_1_233' title='bbox 936 2275 1147 2336; x_wconf 57' lang='grc' dir='ltr'><strong><em>δοκεῖς·</em></strong></span> <span class='ocrx_word' id='word_1_234' title='bbox 1128 2313 1142 2336; x_wconf 91' lang='grc'><strong><em>,</em></strong></span> <span class='ocrx_word' id='word_1_235' title='bbox 1177 2269 1250 2342; x_wconf 81' lang='grc' dir='ltr'><strong><em>ἥν</em></strong></span> <span class='ocrx_word' id='word_1_236' title='bbox 1267 2292 1348 2335; x_wconf 88' lang='grc' dir='ltr'><strong><em>τις</em></strong></span> <span class='ocrx_word' id='word_1_237' title='bbox 1363 2268 1438 2341; x_wconf 86' lang='grc' dir='ltr'><strong><em>μὴ</em></strong></span> <span class='ocrx_word' id='word_1_238' title='bbox 1457 2269 1787 2341; x_wconf 85' lang='grc' dir='ltr'><strong><em>γιγνωσκων</em></strong></span> <span class='ocrx_word' id='word_1_239' title='bbox 1805 2264 1927 2325; x_wconf 81' lang='grc' dir='ltr'><strong><em>οὐδ’</em></strong></span> 
     </span>
     <span class='ocr_line' id='line_1_28' title="bbox 244 2346 1932 2452; baseline 0.001 -50"><span class='ocrx_word' id='word_1_240' title='bbox 244 2369 317 2402; x_wconf 92' lang='grc' dir='ltr'><strong><em>αν</em></strong></span> <span class='ocrx_word' id='word_1_241' title='bbox 334 2346 516 2403; x_wconf 89' lang='grc' dir='ltr'><strong><em>τύπον</em></strong></span> <span class='ocrx_word' id='word_1_242' title='bbox 545 2352 655 2404; x_wconf 76' lang='grc' dir='ltr'><strong><em>ἴδοι</em></strong></span> <span class='ocrx_word' id='word_1_243' title='bbox 677 2352 827 2418; x_wconf 85' lang='grc' dir='ltr'><strong><em>ποτέ,</em></strong></span> <span class='ocrx_word' id='word_1_244' title='bbox 852 2350 1002 2408; x_wconf 78' lang='grc' dir='ltr'><strong><em>οὐδὲ</em></strong></span> <span class='ocrx_word' id='word_1_245' title='bbox 1012 2351 1183 2420; x_wconf 93' lang='grc' dir='ltr'><strong><em>λόγον</em></strong></span> <span class='ocrx_word' id='word_1_246' title='bbox 1210 2352 1626 2452; x_wconf 79' lang='grc' dir='ltr'><strong><em>ξυμβάλλεσθαι</em></strong></span> <span class='ocrx_word' id='word_1_247' title='bbox 1653 2353 1778 2417; x_wconf 88' lang='grc' dir='ltr'><strong><em>περι</em></strong></span> <span class='ocrx_word' id='word_1_248' title='bbox 1805 2355 1932 2420; x_wconf 85' lang='grc' dir='ltr'><strong><em>βίου</em></strong></span> 
     </span>
     <span class='ocr_line' id='line_1_29' title="bbox 244 2428 1976 2528; baseline 0.001 -44"><span class='ocrx_word' id='word_1_249' title='bbox 244 2428 484 2528; x_wconf 81' lang='grc' dir='ltr'><strong><em>δυνατός</em></strong></span> <span class='ocrx_word' id='word_1_250' title='bbox 518 2429 592 2485; x_wconf 72' lang='grc' dir='ltr'><strong><em>ἂν</em></strong></span> <span class='ocrx_word' id='word_1_251' title='bbox 626 2433 841 2502; x_wconf 83' lang='grc' dir='ltr'><strong><em>γένοιτο</em></strong></span> <span class='ocrx_word' id='word_1_252' title='bbox 879 2437 957 2502; x_wconf 86' lang='grc' dir='ltr'><strong><em>είς</em></strong></span> <span class='ocrx_word' id='word_1_253' title='bbox 988 2431 1348 2502; x_wconf 82' lang='grc' dir='ltr'><strong><em>εὐδαιμονίαν</em></strong></span> <span class='ocrx_word' id='word_1_254' title='bbox 1377 2445 1437 2486; x_wconf 82' lang='grc' dir='ltr'><strong><em>τε</em></strong></span> <span class='ocrx_word' id='word_1_255' title='bbox 1469 2433 1560 2486; x_wconf 83' lang='grc' dir='ltr'><strong><em>καὶ</em></strong></span> <span class='ocrx_word' id='word_1_256' title='bbox 1589 2433 1932 2500; x_wconf 88' lang='grc' dir='ltr'><strong><em>δυσδαίμονα</em></strong></span> <span class='ocrx_word' id='word_1_257' title='bbox 1974 2475 1976 2478; x_wconf 27' lang='lat'><strong>⁴</strong></span> 
     </span>
     <span class='ocr_line' id='line_1_30' title="bbox 241 2510 1968 2585; baseline 0.001 -20"><span class='ocrx_word' id='word_1_258' title='bbox 241 2510 431 2581; x_wconf 84' lang='grc' dir='ltr'><strong><em>τύχην.</em></strong></span> <span class='ocrx_word' id='word_1_259' title='bbox 468 2517 642 2567; x_wconf 87' lang='grc' dir='ltr'><strong><em>ταῦτα</em></strong></span> <span class='ocrx_word' id='word_1_260' title='bbox 661 2515 828 2583; x_wconf 83' lang='grc' dir='ltr'><strong><em>εἰμέν</em></strong></span> <span class='ocrx_word' id='word_1_261' title='bbox 847 2530 910 2569; x_wconf 89' lang='grc' dir='ltr'><strong><em>σε</em></strong></span> <span class='ocrx_word' id='word_1_262' title='bbox 927 2516 1111 2569; x_wconf 86' lang='grc' dir='ltr'><strong><em>πείθει</em></strong></span> <span class='ocrx_word' id='word_1_263' title='bbox 1137 2517 1396 2577; x_wconf 86' lang='grc' dir='ltr'><strong><em>Κλεινίας</em></strong></span> <span class='ocrx_word' id='word_1_264' title='bbox 1425 2510 1521 2567; x_wconf 82' lang='grc' dir='ltr'><strong><em>ὅδε</em></strong></span> <span class='ocrx_word' id='word_1_265' title='bbox 1554 2514 1645 2568; x_wconf 83' lang='grc' dir='ltr'><strong><em>καὶ</em></strong></span> <span class='ocrx_word' id='word_1_266' title='bbox 1675 2511 1931 2585; x_wconf 81' lang='grc' dir='ltr'><strong><em>ξύμπασα</em></strong></span> <span class='ocrx_word' id='word_1_267' title='bbox 1962 2533 1968 2536; x_wconf 64' lang='grc'><strong><em>’</em></strong></span> 
     </span>
     <span class='ocr_line' id='line_1_31' title="bbox 239 2584 1929 2667; baseline 0.001 -19"><span class='ocrx_word' id='word_1_268' title='bbox 239 2614 404 2664; x_wconf 88' lang='grc' dir='ltr'><strong><em>ημων</em></strong></span> <span class='ocrx_word' id='word_1_269' title='bbox 424 2591 576 2665; x_wconf 65' lang='grc' dir='ltr'><strong><em>ᾔδε’</em></strong></span> <span class='ocrx_word' id='word_1_270' title='bbox 545 2617 579 2665; x_wconf 94' lang='grc' dir='ltr'><strong><em>η</em></strong></span> <span class='ocrx_word' id='word_1_271' title='bbox 600 2584 882 2667; x_wconf 84' lang='grc' dir='ltr'><strong><em>γερουσία,</em></strong></span> <span class='ocrx_word' id='word_1_272' title='bbox 901 2598 1027 2666; x_wconf 87' lang='grc' dir='ltr'><strong><em>περὶ</em></strong></span> <span class='ocrx_word' id='word_1_273' title='bbox 1038 2601 1194 2652; x_wconf 87' lang='grc' dir='ltr'><strong><em>θεων</em></strong></span> <span class='ocrx_word' id='word_1_274' title='bbox 1213 2593 1287 2660; x_wconf 81' lang='grc' dir='ltr'><strong><em>ὡς</em></strong></span> <span class='ocrx_word' id='word_1_275' title='bbox 1310 2594 1413 2650; x_wconf 83' lang='grc' dir='ltr'><strong><em>οὐκ</em></strong></span> <span class='ocrx_word' id='word_1_276' title='bbox 1434 2593 1644 2651; x_wconf 78' lang='grc' dir='ltr'><strong><em>οἶσθα</em></strong></span> <span class='ocrx_word' id='word_1_277' title='bbox 1621 2593 1654 2650; x_wconf 90' lang='grc' dir='ltr'><strong><em>ό</em></strong></span> <span class='ocrx_word' id='word_1_278' title='bbox 1670 2616 1722 2650; x_wconf 85' lang='grc' dir='ltr'><strong><em>τι</em></strong></span> <span class='ocrx_word' id='word_1_279' title='bbox 1739 2598 1929 2667; x_wconf 82' lang='grc' dir='ltr'><strong><em>λέγεις,</em></strong></span> 
     </span>
     <span class='ocr_line' id='line_1_32' title="bbox 164 2667 1976 2761; baseline 0.002 -32"><span class='ocrx_word' id='word_1_280' title='bbox 164 2667 166 2669; x_wconf 36' lang='grc'><strong><em>’</em></strong></span> <span class='ocrx_word' id='word_1_281' title='bbox 241 2674 466 2740; x_wconf 80' lang='grc' dir='ltr'><strong><em>καλως’</em></strong></span> <span class='ocrx_word' id='word_1_282' title='bbox 440 2675 513 2730; x_wconf 79' lang='grc' dir='ltr'><strong><em>οἷν</em></strong></span> <span class='ocrx_word' id='word_1_283' title='bbox 533 2691 621 2732; x_wconf 87' lang='grc' dir='ltr'><strong><em>σοι</em></strong></span> <span class='ocrx_word' id='word_1_284' title='bbox 651 2674 788 2742; x_wconf 81' lang='grc' dir='ltr'><strong><em>θεὸς</em></strong></span> <span class='ocrx_word' id='word_1_285' title='bbox 799 2675 982 2761; x_wconf 81' lang='grc' dir='ltr'><strong><em>αὐτὸς</em></strong></span> <span class='ocrx_word' id='word_1_286' title='bbox 1011 2677 1407 2749; x_wconf 77' lang='grc' dir='ltr'><strong><em>ξυλλαμβάνοι·</em></strong></span> <span class='ocrx_word' id='word_1_287' title='bbox 1445 2681 1496 2733; x_wconf 85' lang='grc' dir='ltr'><strong><em>εί</em></strong></span> <span class='ocrx_word' id='word_1_288' title='bbox 1523 2677 1576 2733; x_wconf 88' lang='grc' dir='ltr'><strong><em>δ’</em></strong></span> <span class='ocrx_word' id='word_1_289' title='bbox 1609 2675 1826 2748; x_wconf 79' lang='grc' dir='ltr'><strong><em>ἐπιδεὴς</em></strong></span> <span class='ocrx_word' id='word_1_290' title='bbox 1855 2681 1929 2734; x_wconf 83' lang='grc' dir='ltr'><strong><em>ἔτι</em></strong></span> <span class='ocrx_word' id='word_1_291' title='bbox 1972 2673 1976 2733; x_wconf 61' lang='grc' dir='ltr'><strong><em>,ἶ</em></strong></span> 
     </span>
     <span class='ocr_line' id='line_1_33' title="bbox 174 2754 1976 2831; baseline 0.003 -22"><span class='ocrx_word' id='word_1_292' title='bbox 174 2769 209 2808; x_wconf 90' lang='lat' dir='ltr'>D</span> <span class='ocrx_word' id='word_1_293' title='bbox 244 2758 416 2825; x_wconf 90' lang='grc' dir='ltr'><strong><em>λόγου</em></strong></span> <span class='ocrx_word' id='word_1_294' title='bbox 434 2754 584 2822; x_wconf 84' lang='grc' dir='ltr'><strong><em>τινὸς</em></strong></span> <span class='ocrx_word' id='word_1_295' title='bbox 602 2754 675 2813; x_wconf 78' lang='grc' dir='ltr'><strong><em>ὄίν</em></strong></span> <span class='ocrx_word' id='word_1_296' title='bbox 694 2766 822 2829; x_wconf 77' lang='grc' dir='ltr'><strong><em>εἴης,</em></strong></span> <span class='ocrx_word' id='word_1_297' title='bbox 844 2756 1169 2829; x_wconf 67' lang='grc' dir='ltr'><strong><em>λεγόντων”</em></strong></span> <span class='ocrx_word' id='word_1_298' title='bbox 1142 2781 1300 2830; x_wconf 90' lang='grc' dir='ltr'><strong><em>ημων</em></strong></span> <span class='ocrx_word' id='word_1_299' title='bbox 1312 2757 1450 2829; x_wconf 83' lang='grc' dir='ltr'><strong><em>πρὸς</em></strong></span> <span class='ocrx_word' id='word_1_300' title='bbox 1467 2757 1570 2815; x_wconf 83' lang='grc' dir='ltr'><strong><em>τὸν</em></strong></span> <span class='ocrx_word' id='word_1_301' title='bbox 1587 2764 1774 2831; x_wconf 82' lang='grc' dir='ltr'><strong><em>τρίτον</em></strong></span> <span class='ocrx_word' id='word_1_302' title='bbox 1794 2760 1924 2816; x_wconf 80' lang='grc' dir='ltr'><strong><em>ἐποὲ-</em></strong></span> <span class='ocrx_word' id='word_1_303' title='bbox 1972 2774 1976 2821; x_wconf 69' lang='grc'><strong><em>’,</em></strong></span> 
     </span>
    </p>
   </div>
  </div>
 </body>
</html>
