1976 3172
243 147 346 199 432
861 141 1313 191 ΕΠΙΝΟΜΙΣ.
1352 146 1356 150 ’

245 280 340 335 δὲν
358 276 553 335 κοινὰν
573 276 788 336 ουδενί·
829 279 1114 374 διαφέρειν
1139 273 1199 330 δε
1217 272 1402 344 ψυχὴν
1422 273 1687 344 σώματος.
1716 276 1931 343 ἔμφρον

245 365 346 432 μέν
364 380 493 431 που,
506 358 569 415 τὰ
592 358 704 415 δὲ”
668 379 855 431 αφρον
873 356 1144 428 θήσομεν,
1158 354 1331 429 ἄρχον
1347 357 1423 424 δέ,
1443 352 1503 409 τὸ
1528 351 1634 409 δὲ’
1605 352 1931 424 αρχόμενον,

245 445 336 498 καὶ
355 441 416 497 τὸ
439 443 543 512 μὲν
561 449 740 498 αἴτιον
758 439 1042 509 ἁπάντων,
1061 436 1123 494 τὸ
1146 437 1204 493 δὲ
1235 431 1486 492 ἀναίτιον
1513 435 1693 506 πάσης
1719 435 1932 506 πάθης·

184 541 217 580 Ε
251 523 390 580 ω’στε
409 523 477 579 τά
495 545 557 594 γε
574 521 641 595 δὴ
664 521 789 578 κατ’
811 519 1059 595 οὐρανὸν
1079 517 1177 574 ὑπ’
1201 517 1377 574 ἄλλου
1394 539 1497 573 του
1515 516 1691 588 φάναι
1708 520 1935 588 γεγονέ-

247 627 357 674 ναι,
377 608 470 661 καὶ
489 604 563 676 μὴ
587 599 762 675 ψυχης
780 625 839 659 τε
861 603 951 658 καὶ
971 600 1223 671 σώματος
1243 597 1421 663 οὕτως
1441 597 1581 654 εἶναι
1597 599 1934 670 γεννήματα,

246 685 423 757 πολλὴ
450 692 629 758 μωρία
647 707 705 741 τε
723 687 814 742 καὶ
837 682 1047 754 ἀλογία.
1086 686 1137 737 εἰ
1151 679 1201 736 δ’
1228 675 1334 736 οὖν
1358 685 1447 736 δεῖ
1461 703 1628 754 νικαν
1654 680 1786 745 τούς
1813 681 1939 750 περὶ

248 766 512 823 ἁπάντων
534 772 654 821 τῶν
689 766 958 821 τοιούτων
986 764 1191 832 λόγους
1218 764 1311 818 καὶ
1342 769 1546 827 πιστως
1582 771 1712 818 θεῖα
1741 765 1938 830 φαίνε-

249 856 385 903 σθαι
405 850 695 917 γεγονέναι
719 845 787 901 τὰ
818 850 1048 900 τοιαῦτα
1077 843 1382 913 ξύμπαντα,
1414 849 1575 899 δυοῖν
1601 866 1686 899 τοι
1721 843 1936 912 θάτερα

249 930 449 984 θετέον
469 925 612 982 αὐτά
625 946 636 957 ·
673 921 711 997 ἦ
728 926 836 997 γάρ
853 921 1029 988 θεοὺς
1048 921 1255 986 αὐτοὺς
1271 929 1446 977 ταῦτα
1466 920 1742 993 ὑμνητέον
1762 921 1938 992 ὀρθό-

135 1024 223 1069 984
252 1032 405 1080 τατα,
426 1006 462 1081 ἦ
483 1012 645 1066 ιθεῶν
665 1009 885 1072 εἰκόνας
906 1005 980 1072 ὡς
997 1004 1284 1077 άγάλματα
1303 1002 1606 1076 ὑπολαβεῖν
1633 1006 1939 1074 γεγονέναι,

249 1099 403 1148 θεῶν
423 1090 611 1147 αὐτῶν
631 1093 1046 1162 ἐργασαμένων·
1082 1084 1151 1143 οὐ
1171 1085 1280 1159 γὰρ
1299 1084 1554 1157 άνοήτων
1570 1108 1632 1156 γε
1651 1084 1783 1143 οὐδὲ
1801 1091 1941 1156 βρα-

249 1176 367 1245 χέος
407 1172 594 1244 ἀξίων,
633 1171 758 1229 ἀλλ’
799 1173 936 1243 ὅπερ
972 1171 1286 1242 εἰρήκαμεν,
1317 1168 1535 1225 τούτων
1561 1166 1693 1239 ἡμῖν
1728 1167 1943 1236 θάτερα

250 1260 433 1326 θετέα,
453 1256 519 1312 τὰ
541 1256 600 1312 δὲ
618 1257 852 1311 τεθέντα
871 1255 1125 1325 τιμητέον
1143 1252 1372 1308 πάντων
1391 1249 1727 1322 άγαλμάτων
1747 1253 1943 1320 διαφε-

254 1339 487 1409 ρόντως·
523 1336 593 1394 οὐ
611 1336 720 1409 γὰρ
750 1337 960 1409 μήποτε
984 1341 1136 1407 φανῇ
1151 1340 1358 1391 καλλίω
1376 1336 1468 1389 καὶ
1495 1332 1783 1404 κοινότερα
1803 1335 1943 1402 ξυμ-

253 1422 482 1478 πάντων
502 1420 827 1493 ἀνθρώπων
852 1417 1158 1488 ἀγάλματα,
1180 1415 1308 1472 οὐδ’
1329 1418 1391 1471 έν
1411 1416 1739 1487 διαφέρουσι
1757 1413 1944 1478 τόποις

254 1507 541 1575 ἱδρυμένα,
578 1500 943 1573 καθαριότητι
979 1499 1072 1555 καὶ
1100 1496 1392 1568 σεμνότητι
1427 1499 1519 1551 καὶ
1549 1495 1806 1568 ξυμπάσῃ
1835 1501 1946 1567 ζωῇ

188 1608 221 1647 Β
257 1581 655 1656 διαφέροντα,
630 1583 665 1654 ηι
684 1605 874 1650 ταυτα,
895 1580 967 1645 ὡς
987 1579 1166 1650 πάντη
1184 1579 1357 1650 ταύτῃ
1376 1561 1679 1649 γεγένηται.
1710 1583 1819 1632 νῦν
1839 1580 1947 1633 οὐν

253 1669 320 1739 δη
343 1671 467 1737 περὶ
485 1672 639 1722 θεων
659 1669 987 1736 έγχειρωμεν
1005 1662 1068 1718 τό
1087 1683 1150 1733 γε
1168 1668 1458 1732 τοσοῦτον,
1477 1683 1543 1716 τα
1564 1661 1667 1717 δύο
1687 1634 1946 1717 κατιδόν-
1967 1700 1971 1702 »

168 1745 170 1748 ’
253 1773 342 1816 τες
377 1754 487 1816 ζῶα
523 1746 694 1818 ὁρατὰ
730 1745 880 1818 ἡμῖν,
918 1744 956 1801 ἅ
988 1765 1174 1822 φαμεν
1215 1742 1522 1813 αθάνατον,
1561 1741 1622 1799 τὸ
1655 1747 1714 1799 δὲ
1749 1743 1944 1813 γήϊνον

254 1832 404 1886 ἅπαν
439 1830 657 1902 θνητὸν
682 1830 991 1901 γεγονέναι,
1029 1826 1096 1883 τὰ
1135 1831 1258 1898 τριά
1287 1824 1354 1881 τὰ
1391 1831 1529 1897 μέσα
1545 1831 1659 1881 τῶν
1688 1828 1850 1880 πέντε
1880 1822 1945 1879 τὰ

255 1913 456 1985 μεταξὺ
485 1913 703 1968 τούτων
733 1914 1048 1982 σαφέστατα
1069 1906 1208 1965 κατὰ
1232 1907 1400 1974 δόξαν
1419 1906 1523 1978 τὴν
1553 1909 1762 1976 ἐπιεικῆ
1782 1927 1947 1976 γεγο-

256 1997 392 2051 νότα
429 2001 766 2065 πειραθῆναι
803 1997 998 2063 λέγειν.
1049 1992 1248 2060 αἰθέρα
1278 1990 1382 2062 μὲν
1417 1990 1525 2061 γὰρ
1563 1987 1698 2061 μετὰ
1732 1987 1794 2043 τὸ
1831 1992 1945 2056 πῦρ

259 2085 471 2149 θῶμεν,
498 2075 684 2148 ψυχὴν
709 2075 761 2131 δ’
790 2078 844 2141 ἐξ
873 2072 1048 2130 αὐτοῦ
1068 2079 1317 2144 τιθῶμεν
1344 2072 1604 2128 πλάττειν
1634 2075 1744 2137 ζῶα
1771 2070 1946 2125 δύνα-

259 2182 354 2230 μιν
384 2164 596 2230 ἔχοντα,
631 2158 967 2231 &emolu-521
995 2155 1180 2213 ἄλλων
1207 2160 1408 2225 γενῶν,
1443 2153 1506 2210 vd
1538 2153 1681 2208 πολὺ
1721 2152 1823 2223 μὲν
1852 2156 1947 2224 τῆς

204 2261 234 2301 C
265 2240 439 2295 αὐτοῦ
457 2242 695 2311 φύσεως,
716 2263 783 2297 τα
805 2242 864 2297 δὲ
883 2238 1214 2312 σμικρότερα
1232 2239 1542 2308 ξυνδέσμου
1570 2234 1730 2307 χάριν
1756 2237 1814 2289 ἐκ
1834 2255 1947 2289 των

262 2322 446 2378 άλλων
463 2343 668 2390 γενων·
706 2345 840 2392 μετα
871 2324 931 2377 δὲ
950 2321 1050 2377 τὸν
1070 2324 1271 2418 αἰθέρα
1300 2317 1406 2386 έξ’
1375 2322 1536 2388 αέρος
1565 2317 1824 2374 πλάττειν
1846 2314 1948 2383 τὴν

261 2401 444 2474 ψυχὴν
462 2405 621 2473 γένος
641 2403 831 2471 ἕτερον
851 2403 1024 2471 ζώων,
1045 2404 1136 2456 καὶ
1153 2400 1213 2456 τὸ
1241 2407 1429 2471 τρίτον
1446 2403 1500 2464 ἐξ
1518 2393 1746 2461 ὕδατος·
1768 2395 1946 2450 πάντα

264 2487 323 2542 δε
341 2483 832 2556 δημιουργήσασαν
850 2487 1024 2536 ταῦτα
1051 2479 1236 2551 ψυχὴν
1261 2480 1415 2545 ζώων
1445 2478 1590 2543 εἰκὸς
1619 2476 1754 2533 ὅλον
1774 2476 1947 2545 οὐρα-

263 2565 366 2623 νόν
384 2570 669 2638 ἐμπλῆσαι,
683 2566 1032 2637 χρησαμένην
1050 2568 1185 2618 πᾶσι
1202 2572 1315 2626 τοῖς
1325 2563 1508 2631 γένεσι
1526 2556 1665 2616 κατὰ
1687 2558 1945 2629 δύναμιν,

263 2649 492 2704 πάντων
512 2649 614 2719 μὲν
635 2647 882 2718 μετόχων
899 2651 1002 2701 τοῦ
1020 2647 1118 2716 ζῇν
1145 2642 1487 2715 γεγονότων·
1527 2642 1758 2712 δεύτερα
1778 2641 1836 2696 δὲ
1857 2641 1948 2695 καὶ

262 2736 414 2800 τρίτα
435 2732 525 2786 καὶ
543 2730 772 2801 τέταρτα
792 2731 882 2785 καὶ
901 2731 1133 2805 πέμπτα,
1147 2725 1254 2782 άπὸ
1267 2732 1554 2782 θεῶν’τῶν
1572 2730 1836 2796 φανερῶν
1855 2722 1946 2792 ἀρ-

204 2827 236 2867 D
270 2813 476 2884 ξάμενα
496 2815 778 2882 γενέσεως,
799 2816 874 2877 εἰς
892 2810 1034 2883 ἡμᾶς
1051 2807 1182 2874 τοὺς
1200 2809 1539 2881 ἀνθρώπους
1557 2806 1942 2878 άποτελευτᾷν.
