1976 3172
705 120 1023 171 NOMSzN
1057 112 1135 183 ιβ’.
1647 111 1752 164 413

66 268 217 317 σθαι.
256 264 438 327 τοῦτο,
458 277 503 311 ω
523 260 692 326 φίλοι,
714 258 764 316 εἰ
788 253 891 324 μὲν
917 250 1260 322 βουλόμεθα,
1291 247 1358 304 τὰ
1388 254 1496 303 νῦν
1525 242 1751 318 οἷόνπερ

65 341 286 412 σφόδρα
313 338 610 402 πιέσαντες
624 333 699 407 μὴ
726 331 964 404 ἀνῶμεν,
995 326 1192 403 adv*
1154 352 1229 386 αν
1255 331 1459 394 ἱκανῶς
1491 336 1749 399 εἴπωμεν,

66 429 123 479 τί
130 419 254 478 ποτ’
278 424 427 476 ἔστιν
454 416 591 484 εἰς“
558 439 589 475 ο
615 419 899 490 βλεπτέον,
927 421 1035 470 εἴτε
1055 410 1130 479 ὡς
1153 416 1217 470 ἓν
1238 419 1346 468 εἴτε
1376 408 1451 476 ὥς
1481 410 1615 467 ὅλον
1643 419 1750 467 εἴτε

64 502 354 574 ἀμφότερα
373 507 480 557 εἴτε
502 499 654 565 ὅπως
671 496 802 554 ποτε
831 499 1107 567 πέφυκεν·
1145 490 1183 566 ἢ
1208 491 1413 550 τούτου
1443 491 1753 563 διαφυγόν-

62 604 157 649 τος
167 580 312 680 ἡμᾶς
338 579 576 653 οἰόμεθά
600 598 734 635 ποτε
750 574 883 649 ἡμῖν
901 580 1107 641 ἱκανοῖς
1124 575 1267 641 ἕξειν
1286 573 1352 629 τὰ
1373 572 1511 640 πρὸς
1529 571 1749 649 ἀρετήν,

63 655 248 734 περὶ
211 684 277 733 ης
294 660 426 718 οὔτε
444 666 496 717 εἰ
509 658 687 716 πολλοὶ
705 656 818 714 ἐστ’
839 655 941 712 οὔτ
947 654 1034 712 ἐἰ
1046 657 1277 726 τέτταρα
1306 653 1442 710 οὔθ’
1475 675 1548 718 ως
1569 655 1630 708 ἓν
1650 655 1754 707 δυ-
1784 677 1816 717 E

63 745 221 798 νατοὶ
239 742 470 812 φράζειν
490 738 761 811 ἐσόμεθα,
799 736 1012 794 οὐκοῦν
1038 735 1141 793 ἐάν
1169 757 1232 807 γε
1256 733 1390 806 ἡμῖν
1423 735 1754 807 ξυμβούλοις

62 823 413 924 πειθώμεθα,
431 819 585 893 ἁμῶς
604 822 669 891 γέ
686 841 803 886 πως
820 818 1255 890 μηχανησόμεθα
1285 819 1348 874 ἑν
1378 822 1462 889 τῇ
1476 817 1634 873 πόλει
1660 818 1754 886 ε’γ-

62 907 354 974 γεγονέναι
378 901 547 959 τοῦθ’
577 900 732 974 ἡμῖν·
765 905 816 956 εἰ
844 900 898 956 δ’
931 899 1041 968 α’ρα
1071 897 1132 956 τὰ
1161 898 1428 969 παράπαν
1453 900 1610 954 δοκεῖ
1634 898 1753 971 έᾷν,

65 989 212 1058 δρᾷν
228 984 428 1056 χρεών.
978 1031 981 1033 .
1124 1006 1127 1009 ⁴

206 1072 324 1122 KA.
348 1062 683 1142 ‘'Haza-asti]
705 1062 805 1119 τὸν
820 1065 1023 1163 ξένιον,
1039 1083 1083 1117 ω
1104 1064 1241 1131 ξένε,
1254 1059 1414 1130 θεόν,
1433 1060 1624 1116 ἐατέον
1643 1078 1755 1116 που

62 1146 124 1203 τὸ
146 1153 420 1216 τοιοῦτον,
452 1147 569 1203 ἐπεὶ
599 1149 779 1211 δοκεῖς
802 1142 937 1217 ἡμῖν
966 1142 1247 1214 ὀρθότατα
1277 1145 1472 1213 λέγειν.
1516 1139 1655 1198 ἀλλὰ
1685 1141 1753 1212 δὴ

62 1235 180 1294 πιός
194 1250 275 1293 τις
291 1225 446 1284 τοῦτ’
471 1223 543 1283 ἄν
561 1233 881 1326 μηχανῷτο,

203 1317 324 1380 ΑΘ.
358 1308 549 1381 Μήπω
568 1307 631 1365 τὸ
662 1328 780 1375 πως
808 1331 880 1365 αν
907 1310 1364 1380 μηχανησαίμεθα
1395 1309 1669 1378 λέγωμεν
1708 1310 1759 1362 εί
1784 1325 1871 1371 966

62 1395 152 1447 δεῖ
163 1387 280 1446 δὲ’
242 1413 276 1462 η
297 1390 394 1462 μή,
415 1395 641 1461 πρῶτον
668 1389 1109 1461 βεβαιωσώμεθα
1131 1394 1198 1459 τῇ
1222 1391 1592 1461 ξυνομολογία
1613 1384 1754 1457 πρὸς

61 1470 204 1543 ἡμας
223 1470 444 1538 αὐτούς.

204 1559 324 1609 ΚΛ.
357 1551 518 1609 Ἀλλὰ
535 1542 646 1623 μὴν
666 1556 753 1608 δεῖ
765 1573 846 1623 γε,
867 1558 1019 1621 εἴπερ
1041 1548 1297 1607 δυνατόν.

205 1637 336 1690 xm.
372 1641 489 1691 ΑΘ.
535 1638 606 1689 Τι’
625 1635 714 1689 δαὶ
733 1633 830 1704 δή,
861 1633 986 1702 περὶ
1001 1637 1178 1688 καλοῦ
1195 1652 1253 1687 τε
1275 1633 1367 1687 καὶ
1384 1629 1608 1701 ἀγαθοῦ
1627 1629 1755 1687 ταύ-

67 1715 163 1771 τὸν
197 1722 363 1772 τοῦτο
398 1714 812 1785 διανοούμεθας
845 1711 919 1779 ὡς
954 1710 1111 1771 πόλλ’
1156 1717 1271 1769 ἔστι
1302 1712 1480 1783 μόνον
1521 1713 1755 1768 ἕκαστον

63 1797 298 1867 τούτων,
329 1794 462 1862 τοὺς
495 1795 750 1866 φύλακας
777 1794 910 1868 ἡμῖν
940 1796 1258 1865 γνωστέον,
1268 1788 1306 1864 ἢ
1333 1791 1479 1849 καὶ”
1443 1811 1595 1858 οπως
1613 1793 1677 1849 ἓν
1695 1814 1755 1849 τε

62 1875 208 1934 καὶ”
173 1898 316 1950 oum
419 1920 426 1926 .

204 1965 324 2016 ΚΑ.
361 1960 578 2031 Σχεδὸν
596 1959 733 2017 ἔοικ’
764 1963 819 2027 ἐξ
848 1980 1097 2031 αναγκης
1125 1962 1242 2015 δεῖν
1270 1954 1410 2013 καὶ”
1378 1974 1528 2021 οπως
1550 1958 1613 2013 ἓν
1632 1910 1757 2034 δια-

64 2049 336 2098 νοεῖσθαι.

204 2130 324 2182 ΑΘ.
365 2128 435 2180 Τί
450 2121 524 2193 δ’,
548 2125 762 2179 ἐννοεῖν
777 2125 898 2193 μέν,
910 2120 1013 2193 τὴν
1008 2120 1092 2178 δὲ
1110 2124 1343 2188 ἔνδειξιν
1359 2126 1438 2194 τῷ
1455 2119 1600 2224 λόγῳ
1618 2118 1812 2176 «ἐᾶν-Β

62 2214 251 2261 νατεῖν
271 2206 694 2271 ἐνδείκνυσθαι;

206 2290 325 2340 ΚΛ.
371 2285 476 2340 Καὶ
494 2290 639 2351 πῶς;
677 2282 1038 2354 ἀνδραπόδου
1066 2283 1174 2357 γάρ
1193 2303 1318 2340 τινα
1337 2283 1419 2340 συ
1427 2286 1600 2354 λέγεις
1620 2284 1747 2350 ἕξιν

205 2372 324 2423 ΑΘ.
367 2370 439 2421 Τί
452 2370 548 2422 δαί
554 2391 569 2433 3
606 2367 731 2436 περὶ
763 2366 992 2422 πάντων
1020 2370 1135 2421 τῶν
1162 2367 1486 2422 σπουδαίων
1505 2357 1598 2437 ἆρ’
1619 2362 1751 2437 ἡμῖν

62 2446 92 2503 ὁ
128 2444 296 2512 αὐτὸς
325 2446 507 2517 λόγος,
545 2446 630 2504 ὅτι
666 2451 751 2504 δεῖ
785 2447 916 2513 τούς
952 2446 1127 2513 ὅντως
1162 2446 1420 2518 φύλακας
1453 2447 1754 2517 ἐσομένους

62 2531 176 2581 τῶν
202 2525 394 2597 νόμων
421 2526 599 2594 ὅντως
636 2532 841 2587 εἰδέναι
866 2529 933 2587 τὰ
966 2528 1092 2600 περὶ
1120 2528 1223 2600 τὴν
1253 2527 1527 2599 ἀλήθειαν
1546 2524 1750 2596 αὐτῶν,

62 2609 156 2663 καὶ
175 2604 320 2680 λόγῳ
341 2629 398 2664 τε
419 2608 645 2677 ἱκανοὺς
662 2610 987 2684 ἑρμηνεύειν
1006 2611 1147 2668 εἶναι
1166 2612 1258 2667 καὶ
1285 2620 1399 2675 τοῖς
1418 2613 1599 2682 ἔργοις
1618 2611 1751 2676 ξυν-

63 2695 419 2788 ακοῖωδεῖν,
449 2697 738 2766 κρίνοντας
763 2694 832 2751 τά
851 2715 911 2751 τε
933 2698 1113 2759 καλῶς
1141 2690 1443 2765 γιγνόμενα
1470 2692 1563 2748 καὶ
1589 2690 1656 2751 τὰ
1676 2689 1749 2764 μὴ
1802 2734 1807 2738 ‹

66 2790 204 2826 κατα
224 2786 429 2840 φυσιν;
