1976 3172
228 121 334 173 426
850 118 1309 166 ΕΠΙΝΟΜΙΣ.

171 268 204 308 Ε
232 251 510 325 ἅλλημόιεὶ
531 256 811 322 φαίνουσα
829 249 1061 323 ἡμέραν,
1090 251 1248 321 μέχρι
1276 254 1663 309 πεντεκαίδεκα
1694 248 1918 322 ἡμερῶν

227 337 318 392 καὶ
347 339 596 390 νυκτῶν·
635 331 777 404 αὕτη
805 329 856 386 δ’
893 335 1007 387 ἔστι
1033 334 1307 400 περίοδος,
1338 335 1389 387 εἰ
1414 332 1680 403 βούλεταί
1711 353 1792 396 τις
1819 333 1919 387 τὸν

227 417 440 473 κύκλον
454 416 555 470 ἕνα
575 413 712 471 ὅλον
743 418 820 479 εἰς
851 415 912 468 ἓν
931 415 1166 483 τιθέναι,
1196 410 1337 468 ὥστε
1367 410 1442 478 ὥς
1470 417 1599 479 ἔπος
1627 418 1800 470 εἰπεῖν
1828 416 1919 470 καὶ

227 499 289 555 τὸ
313 499 773 570 δυσμαθέστατον
793 492 865 552 ὄὶν
892 503 1098 568 μαθεῖν
1126 500 1286 567 ζῶον,
1317 490 1399 564 οἷς
1432 499 1718 568 παρέδωκε
1740 498 1920 567 φύσιν

230 578 260 636 ὁ
279 581 416 646 θεὸς
435 585 537 635 τοῦ
559 583 815 643 δυνατοῖς
836 577 975 634 εἶναι
995 577 1322 649 μανθάνειν.
1374 579 1466 634 καὶ
1491 582 1648 650 μέχρι
1666 578 1921 650 μὲντού-

228 683 343 718 των
359 683 418 717 τε
441 663 533 717 καὶ
553 663 615 717 έν
633 660 851 726 τούτοις
871 660 1092 731 ξύμπαν
1109 658 1171 716 τὸ
1193 658 1439 716 δυνατὸν
1455 666 1570 716 τῶν
1599 659 1756 727 ζώων
1775 659 1922 730 μάλα

231 741 600 814 ἀριθμητικὸν
619 745 830 811 γέγονε,
849 740 911 797 τὸ
929 738 1066 797 καθ’
1088 743 1152 796 ἓν
1168 739 1302 796 αὐτὸ
1330 739 1469 796 καθ’
1490 738 1626 797 αὑτὸ
1653 747 1920 797 σκοποῦν.

113 833 200 881 979
230 823 291 881 τὸ
316 828 375 879 δὲ
404 824 544 893 πρὸς
569 822 776 893 ᾄλληλα
805 822 987 876 πάντα
1018 820 1266 891 ἀριθμὸν
1295 819 1380 877 ἀεὶ
1408 827 1741 892 λογίζεσθαι,
1773 825 1920 877 δοκῶ

231 908 334 978 μὲν
353 909 599 975 μείζονος
619 904 799 973 ἕνεκα,
832 905 925 958 καὶ
953 902 1159 958 τούτου
1179 903 1240 957 δὲ
1267 902 1525 973 σελήνην,
1555 904 1813 973 καθάπερ
1842 909 1923 958 εἴ·-

230 1009 435 1060 πομεν,
475 984 858 1058 αὐξανομένην
893 988 984 1041 καὶ
1019 991 1344 1056 φθίνουσαν
1382 986 1707 1057 ἐμποιήσας,
1746 991 1924 1056 μῆνας

230 1070 370 1140 πρὸς
388 1069 487 1125 τὸν
508 1067 769 1124 ε’νιαυτὸν
789 1068 1175 1139 ξυνεστήσατο,
1205 1069 1298 1123 καὶ
1317 1067 1498 1123 πάντα
1518 1065 1767 1147 α’ριθμόν
1786 1067 1925 1137 πρὸς

231 1150 479 1226 αριθμὸν
507 1150 707 1224 ἤρξατο
733 1157 988 1214 συνορᾶν
1012 1147 1300 1222 εὐδαίμονι
1329 1150 1480 1222 τύχῃ
1533 1148 1623 1205 διὰ
1656 1149 1716 1206 δὲ
1743 1144 1920 1204 ταῦθ’

229 1234 364 1308 ἡμῖν
382 1241 591 1307 καρποί
602 1256 661 1290 τε
678 1234 770 1290 καὶ
792 1233 1054 1304 ἐγκύμων
1073 1230 1105 1303 ἡ
1127 1237 1198 1303 γῆ
1216 1235 1462 1302 γέγονεν,
1486 1229 1613 1286 ὥστ’
1632 1229 1772 1287 εἶναι
1791 1249 1921 1302 τρο-

232 1316 348 1389 φὴν
383 1323 518 1372 πᾶσι
547 1327 660 1381 τοῖς
688 1315 861 1384 ζώοις,
893 1313 1114 1385 ἀνέμων
1144 1336 1202 1370 τε
1237 1316 1328 1369 καὶ
1364 1311 1542 1369 ὑετῶν
1577 1316 1926 1384 γιγνομένων

233 1398 336 1456 οὐκ
370 1401 623 1466 ἐξαισίων
653 1395 784 1453 οὐδὲ
813 1395 1092 1468 ἀμέτρων·
1129 1393 1254 1459 ἀλλ’
1294 1403 1346 1450 εἰ
1377 1416 1428 1449 τι
1457 1393 1606 1463 παρὰ
1638 1399 1812 1449 ταῦτα
1842 1398 1923 1462 γί-

170 1500 201 1540 Β
230 1504 418 1552 γνεται
437 1482 575 1551 πρὸς
594 1477 656 1536 τὸ
676 1483 952 1550 φλαῦρον,
975 1476 1045 1532 οὐ
1072 1498 1176 1547 την
1196 1481 1363 1532 θείαν
1392 1474 1531 1532 ἀλλὰ
1561 1497 1665 1546 την
1694 1474 1924 1545 ἀνθρω-

231 1569 399 1634 πίνην
418 1567 702 1618 αἰτιᾶσθαι
719 1558 821 1630 χρὴ
846 1559 1037 1629 φύσιν,
1059 1554 1163 1612 οὐκ
1192 1560 1253 1611 ἐν
1271 1559 1396 1627 δίκῃ
1425 1559 1798 1627 διανέμουσαν
1826 1554 1924 1610 τὸν

232 1643 422 1700 αὑτων
440 1650 580 1716 βίον.
616 1640 746 1714 ἡμῖν
764 1638 815 1695 δ’
842 1661 946 1694 ουν
967 1643 1187 1710 ζητοῦσι
1205 1638 1333 1708 περῖ
1349 1637 1539 1709 νόμων
1560 1635 1758 1709 σχεδὸν
1773 1640 1924 1703 ἔδοξε

231 1750 298 1783 τα
323 1749 424 1797 μεν
454 1726 593 1781 ἄλλα
624 1723 793 1797 ῥοίδια
825 1720 877 1776 τ’
911 1720 1051 1776 εἶναι
1079 1742 1293 1791 γνωναι
1321 1721 1387 1775 τοὶ
1418 1723 1671 1792 βέλτιστα
1694 1718 1924 1789 ἀνθρώ·

233 1830 373 1878 ποις,
396 1809 487 1863 καὶ
516 1813 623 1871 πᾶς
642 1801 713 1861 ὄὶν
746 1802 937 1869 ἱκανὸς
964 1809 1260 1874 γίγνεσθαι
1290 1804 1381 1858 καὶ
1411 1805 1656 1868 ξυνεῖναι
1678 1800 1744 1856 τὰ
1765 1799 1926 1871 λεγό-

232 1911 373 1961 μενα
399 1889 491 1945 καὶ
509 1899 706 1958 ποιεῖν,
729 1892 778 1943 εἰ
792 1892 971 1958 γνοίη,
990 1892 1047 1941 τί
1067 1883 1190 1940 ποτ’
1214 1889 1364 1940 ἔστιν
1393 1882 1427 1940 ὂ
1445 1886 1751 1956 συμφέρειν
1781 1882 1927 1947 εἰκὸς

233 1975 325 2028 καὶ
347 1978 401 2027 τί
416 1970 477 2027 τὰ
500 1969 573 2043 μὴ
598 1972 908 2042 ξυμφέρον·
949 1970 1100 2034 ἔδοξε
1119 1965 1185 2038 δὴ
1211 1969 1301 2022 καὶ
1321 1971 1431 2022 νῦν
1449 1969 1526 2022 ἔτι
1559 1969 1715 2021 δοκεῖ
1735 1962 1802 2020 τὰ
1824 1967 1926 2035 μὲν

172 2060 203 2101 G
237 2053 377 2110 ἄλλα
406 2051 809 2124 ἐπιτηδεύματα
836 2052 1016 2107 πάντα
1041 2049 1111 2107 οὐ
1132 2049 1352 2121 σφόδρα
1376 2047 1584 2120 χαλεποὶ
1605 2045 1761 2118 εἶναι,
1783 2046 1844 2103 τό
1869 2047 1927 2103 δὲ

233 2141 359 2191 τίνα
377 2134 590 2206 τρόπον
607 2133 709 2206 χρὴ
731 2141 1025 2206 γίγνεσθαι
1044 2130 1316 2205 χρηστοὺς
1337 2129 1679 2203 ἀνθρώπους
1714 2128 1927 2200 παγχά-

232 2223 418 2272 λεπον.
456 2216 635 2273 καὶτὰ
654 2219 757 2287 μὲν
777 2216 914 2272 ἄλλα
935 2209 1008 2271 αὖ
1027 2215 1208 2271 πάντα
1234 2221 1475 2270 κτᾶσθαι
1504 2211 1712 2285 χρηστὰ
1738 2210 1800 2268 τὸ
1836 2218 1928 2267 λε-

231 2297 478 2369 γόμενόν
500 2306 597 2371 [τε]
622 2301 713 2354 καὶ
733 2298 979 2354 δυνατὸν
996 2299 1087 2354 καὶ
1112 2295 1181 2354 ού
1196 2296 1453 2369 χαλεπόν,
1485 2293 1680 2352 οὐσίαν
1703 2315 1762 2350 τε
1788 2291 1927 2363 ὅσην

234 2378 322 2434 δεῖ
340 2380 431 2434 καὶ
460 2376 532 2449 μὴ
565 2381 664 2447 δεῖ,
685 2382 776 2432 καὶ
804 2384 961 2448 σῶμα
996 2374 1117 2433 οἶόν
1151 2400 1210 2433 τε
1235 2383 1322 2433 δεῖ
1352 2380 1443 2432 καὶ
1476 2376 1578 2446 μή·
1615 2376 1706 2429 καὶ
1744 2371 1928 2442 ’ψυχὴν

233 2460 319 2517 ὅτι
355 2482 456 2530 μεν
488 2459 712 2529 αγαθην
750 2463 848 2528 δεῖ,
888 2463 1157 2529 ξυγχωρεῖ
1188 2464 1297 2521 πᾶς
1332 2464 1513 2525 παντί,
1543 2453 1605 2510 τὸ
1644 2452 1698 2509 δ’
1734 2451 1928 2508 ὅντινα

233 2544 447 2614 τρόπον
481 2541 738 2614 αγαθήν,
775 2539 860 2596 ὅτι
897 2562 999 2611 μεν
1032 2561 1105 2595 αυ
1143 2543 1363 2594 δικαίαν
1400 2538 1492 2593 καὶ
1532 2535 1800 2606 σώφρονα
1837 2536 1927 2589 καὶ

235 2624 519 2696 ανδρειαν,
552 2627 642 2680 καὶ
678 2629 870 2691 ταῦτα,
907 2620 993 2677 ὅτι
1028 2621 1087 2677 δε
1122 2619 1324 2692 σοφήν,
1357 2622 1491 2691 φησὶ
1522 2641 1625 2690 μεν
1654 2623 1762 2683 ποῖς
1793 2620 1928 2684 δεῖν,

173 2719 206 2758 D
235 2706 433 2778 ἥντινα
465 2706 525 2763 δε
557 2711 781 2776 σοφίαν,
814 2726 888 2769 ως
919 2725 1041 2774 αρτι
1070 2703 1498 2774 διεληλύθαμεν,
1529 2698 1711 2764 οὐδεὶς
1741 2696 1930 2754 οὐδενὶ

232 2788 293 2843 τὸ
333 2788 598 2860 παράπαν
630 2792 708 2843 ἔτι
746 2791 1111 2856 ξυνομολογεῖ
1139 2806 1251 2840 των
1291 2790 1530 2840 πολλων.
1568 2804 1678 2837 νυν
1714 2802 1820 2836 ουν
1859 2783 1926 2849 δη
