1976 3172
644 113 960 164 ΝΟΜΩΝ
994 107 1074 162 ια’.
1586 112 1715 167 867-

3 254 222 319 ζέσθων
244 251 305 307 οί
317 253 451 319 περί
466 268 618 314 τινος
642 269 757 304 των
774 246 1048 304 τοιούτων
1048 246 1568 347 ἀμφισβῃτοῦντες,
1587 251 1692 308 κύ-
1717 257 1754 298 D

7 356 102 405 ρια
120 337 408 398 τελοῦντες
426 328 494 387 τὰ
510 330 728 387 τούτων
749 328 1011 401 δόγματα.
1033 351 1107 386 αν
1126 334 1190 387 δέ
1204 353 1281 387 τω
1301 336 1502 403 μείζων
1520 332 1696 390 δύνα-

7 438 102 489 μις
119 417 560 471 ἐπανατίθεσθαι
576 415 716 484 δοκῇ
728 421 843 477 τοῖς
859 413 1264 483 νομοφύλαξιν,
1285 418 1363 479 εἰς
1379 412 1441 471 τὸ
1474 421 1588 471 τῶν
1604 416 1698 472 ἐκ·-

5 502 214 567 κρίτων
232 499 512 553 δικαστῶν
530 492 886 565 δικαστήριον
909 494 1151 564 εἰσάγων
1169 491 1378 561 αὐτοὺς
1394 498 1699 563 διαδικαζέ-

9 586 136 636 σθω
152 580 279 649 περὶ
294 584 410 635 τῶν
435 575 999 680 ἀμφισβητουμένων·
1035 581 1116 649 τῷ
1142 574 1205 631 δὲ
1228 573 1526 647 ἡττηθέντι
1550 576 1700 646 παρὰ

9 666 113 718 τοῦ
128 661 447 732 νομοθέτου
462 658 638 729 ψόγος
652 658 746 713 καὶ
761 654 981 722 ὄνειδος
996 631 1226 728 κείσθω,
1245 662 1473 713 πολλῶν
1489 657 1704 730 χρημά-

10 762 128 799 των
143 748 289 799 νοῦν
305 743 622 816 κεκτημένω
641 744 800 813 ζημία
817 741 1112 812 βαρυτέρα.

154 824 286 878 vul.
319 827 454 879 Νῦν
472 822 542 895 δὴ
561 833 675 889 τοῖς
700 819 972 894 ὀρφανοῖς
996 824 1152 878 παισὶ
1178 823 1395 893 γένεσις
1423 820 1546 879 οἷον
1574 825 1706 879 δεν-

9 908 143 976 τέρα
157 926 239 972 τις
256 902 491 976 γίγνοιτ’
517 903 606 960 ἅν.
644 904 781 975 μετὰ
803 903 908 976 μὲν
935 896 1041 960 οὖν
1069 902 1174 976 τὴν
1198 903 1427 1005 πρωτην
1454 896 1704 970 ἑκάστοις
1735 913 1771 954 Ε

16 995 266 1060 εἴρηνται
298 987 503 1058 τροφαὶ
533 987 627 1043 καὶ
658 985 997 1052 παιδεύσεις·
1031 987 1168 1058 μετὰ
1197 988 1259 1044 δὲ
1287 986 1393 1059 τὴν
1421 988 1710 1059 δευτέραν,

16 1074 224 1140 ἔρημον
242 1070 500 1139 πατέρων
514 1070 838 1142 γενομένην,
853 1075 1211 1142 μηχανᾶσθαι
1231 1072 1330 1139 δεῖ,
1348 1073 1472 1126 τίνα
1499 1069 1709 1140 τρόπον

14 1148 53 1224 ἡ
71 1157 169 1223 τῆς
187 1149 461 1222 ὀρφανίας
475 1152 612 1225 τύχη
631 1164 746 1219 τοῖς
762 1154 1084 1224 γενομένοις
1114 1148 1384 1223 ὀρφανοῖς
1410 1148 1484 1218 ὥς
1513 1150 1709 1223 ἥκιστα

16 1238 179 1292 ἐλεον
193 1235 302 1301 ἕξει
316 1242 414 1306 τῆς
430 1242 741 1307 συμφορᾶς.
777 1241 1003 1307 πρῶτον
1019 1237 1122 1307 μὲν
1152 1234 1224 1308 δή
1251 1255 1438 1306 φαμεν
1465 1242 1712 1306 νομοθευ

21 1329 139 1374 τετν
155 1315 344 1382 αὐτοῖς
363 1314 497 1382 τούς
523 1317 921 1389 νομοφύλακας
942 1315 1066 1374 ἀντὶ
1094 1316 1450 1389 γεννητόρων
1477 1319 1715 1386 πατέρας

22 1396 93 1456 οὐ
109 1403 345 1471 χείρους,
364 1400 459 1455 καὶ
476 1397 545 1471 δὴ
564 1402 658 1456 καὶ
674 1397 815 1456 καθ’
834 1399 1074 1455 ἕκαστον
1094 1396 1355 1455 ἐνιαυτὸν
1389 1396 1465 1463 ὥς
1494 1402 1715 1455 οἰκείων

22 1482 404 1553 ἐπιμελεῖσθαι
418 1479 851 1553 προστάττομεν,
866 1482 1070 1553 ἐμμελῆ
1091 1479 1309 1546 τούτοις
1318 1500 1379 1536 τε
1391 1477 1579 1545 αὐτοῖς
1591 1481 1714 1550 περὶ

23 1564 238 1634 τροφῆς
254 1558 526 1633 ὀρφανῶν
545 1561 1040 1634 προοιμιασάμενοι
1054 1564 1270 1628 καὶτοῖς
1287 1560 1617 1634 ἐπιτρόποις.
1641 1568 1718 1626 εἴς
1814 1616 1817 1618 ,

25 1665 152 1700 τινα
169 1665 278 1715 γαρ
306 1637 416 1700 οὖν
434 1664 531 1716 μοι
556 1643 760 1715 καιρὸν
778 1643 1100 1716 φαινόμεθα
1120 1642 1252 1710 τοὺς
1281 1648 1604 1715 ἔμπροσθεν
1622 1642 1719 1700 λό-

27 1745 164 1797 γους
181 1726 505 1797 διεξελθεῖν,
527 1723 603 1793 ὥς
618 1747 729 1796 αρα
746 1729 809 1782 αἱ
821 1747 938 1782 των
954 1724 1412 1827 τελευτησάντων
1425 1724 1597 1797 ψυχαὶ
1614 1723 1720 1781 δύ-
1749 1737 1836 1784 927

27 1826 198 1879 ναμιν
215 1812 409 1906 ἐχουσί
421 1817 546 1865 τινα
571 1808 983 1880 τελευτήσασαι,
1015 1801 1055 1881 ᾖ
1082 1828 1197 1863 των
1223 1805 1347 1864 κατ’
1380 1804 1723 1879 ἀνθρώπους

28 1890 372 1961 πραγμάτων
386 1892 799 1962 ἐπιμελοῦνται·
836 1896 1010 1946 ταῦτα
1030 1892 1091 1947 δὲ
1117 1886 1346 1961 α’ληθετς
1365 1892 1492 1961 μέν,
1522 1890 1725 1960 μακροὶ

31 1970 87 2028 δ’
116 1973 223 2028 εἰσὶ
238 1974 582 2044 περιέχοντες
594 1973 769 2045 λόγοι,
791 1972 1074 2029 πιστεύειν
1092 1973 1152 2028 δὲ
1170 1982 1288 2038 ταῖς
1308 1969 1500 2037 αλλαις
1517 1970 1728 2043 φήμαις

32 2054 216 2126 χρεων
242 2055 370 2124 περὶ
399 2055 468 2112 τὰ
497 2061 743 2126 τοιαῦτα,
773 2053 923 2112 οὕτω
950 2060 1207 2111 πολλαῖσι
1241 2055 1334 2110 καὶ
1362 2054 1584 2125 σφόδρα
1619 2072 1727 2108 πα·-

36 2143 214 2204 λαιαῖς
231 2135 442 2209 όῦσαις,
462 2137 741 2195 πιστεύειν
761 2140 796 2194 δ
803 2135 816 2154 '
837 2130 913 2193 αὖ
929 2137 1023 2194 καὶ
1040 2147 1154 2204 τοῖς
1170 2140 1548 2207 νομοθετοῦσι
1560 2131 1722 2191 ταῦθ’

38 2217 218 2285 οὕτως
231 2222 395 2291 ἐχειν,
424 2217 604 2292 ἄνπερ
633 2218 710 2292 μή
740 2219 1094 2276 παντάπασιν
1120 2217 1369 2291 ἄφρονες
1401 2223 1726 2290 φαίνωνται.

37 2301 214 2373 ταύτῃ
232 2301 292 2359 δὲ
311 2306 364 2358 εί
377 2299 536 2357 ταῦτ’
561 2303 675 2359 ἐστὶ
693 2301 832 2358 κατὰ
852 2301 1047 2372 φύσιν,
1076 2306 1302 2372 πρῶτον
1330 2300 1435 2372 μὲν
1459 2297 1591 2364 τούς
1611 2296 1730 2355 ἄνω

36 2381 214 2448 θεούς
231 2387 577 2455 φοβείσθων,
597 2387 655 2439 οἳ
666 2387 781 2439 ταῖν
797 2379 1067 2454 ὀρφανῶν
1084 2386 1182 2455 τῆς
1198 2383 1424 2453 ἐρημίας
1444 2380 1734 2451 αἰσθήσεις

45 2464 233 2533 homa
248 2502 265 2533 ‚
301 2465 396 2521 καὶ
412 2462 481 2520 τὰ
499 2465 626 2534 περὶ
642 2469 816 2521 ταῦτα
841 2462 940 2532 ὀξύ
958 2466 1061 2536 μὲν
1076 2462 1366 2533 ἀκούουσι,
1388 2465 1664 2534 βλέπουσί
1670 2479 1729 2517 τε

45 2540 166 2610 ὀξύ,
183 2553 296 2608 τοῖς
318 2564 380 2601 τε
396 2546 521 2615 περὶ
537 2541 679 2602 αὐτὰ
699 2548 932 2612 δικαίοις
952 2541 1200 2617 εὐμενεῖς
1220 2549 1341 2614 εἰσί,
1370 2548 1645 2615 νεμεσωσί
1671 2559 1731 2598 τε
1763 2554 1794 2595 Β

46 2624 287 2694 μάλιστα
307 2617 382 2680 αὖ
400 2635 513 2692 τοῖς
530 2631 607 2694 είς
637 2625 863 2724 ὀρφανὰ
890 2629 983 2684 καὶ
1011 2630 1185 2698 ἔρημα
1214 2623 1520 2697 ὑβρίζουσι,
1549 2642 1732 2694 παρα-

49 2706 376 2778 καταθήκην
395 2704 536 2765 εἶναι
551 2704 815 2782 μεγίστην
832 2706 1134 2781 ἡγούμενοι
1153 2708 1245 2764 καὶ
1275 2706 1595 2779 ἱερωτάτην,
1617 2703 1732 2762 εἶτα

50 2786 150 2853 τὰς
185 2809 300 2844 των
333 2788 693 2860 κεκμηκότων
723 2791 919 2862 ψυχάς,
947 2785 1033 2856 αἷς
1058 2789 1209 2847 ἐστὶν
1237 2789 1300 2845 ἐν
1322 2794 1391 2860 τῇ
1418 2786 1588 2859 φύσει
1618 2807 1735 2845 των
