1976 3172
230 132 333 185 194
855 132 1328 185 ΠΛΑΤΩΝΟΣ

368 271 486 322 ΚΛ.
525 266 635 320 Καὶ
663 263 883 336 σφόδρα
921 263 1191 334 λεγόμενά
1231 263 1304 334 [ἅ]
1343 264 1394 320 τ’
1434 273 1672 337 εἴρηκας,
1700 269 1791 323 καὶ
1818 288 1908 323 πι-

230 345 530 402 στεύεσθαι
546 347 777 403 πιθανά.

367 433 488 483 ΛΘ.
525 426 678 496 Πρὸς
697 422 802 484 οὖν
821 428 888 499 δὴ
908 433 965 485 τί
977 436 1167 496 ταῦτα,
1199 437 1344 489 εἴποι
1372 452 1453 495 τις
1483 429 1571 500 ἄν,
1593 428 1725 501 ὑμῖν
1743 433 1907 487 πάντ’

227 507 439 581 ἐρρήθη
453 508 519 565 τὰ
539 516 676 577 νῦν;
1254 536 1256 541 ’

365 595 483 647 ΚΛ.
518 588 734 661 Ὀρθῶς
752 588 1039 663 ὑπέλαβες,
1068 584 1113 647 ὦ
1133 594 1265 656 ξένε.

369 678 488 727 ΑΘ.
526 673 636 728 Καὶ
669 678 880 743 τοίνυν,
910 671 1010 729 ε’ἀν
1049 673 1319 745 δύνωμαι,
1358 673 1423 729 τὰ
1461 675 1678 741 τούτοις
1709 678 1845 746 ἑξῆς,
1867 697 1910 730 ω

224 757 472 824 Κλεινία,
493 753 826 824 πειράσομαι
842 754 1084 824 φράζειν.

368 839 487 889 KA.
527 834 766 903 Λέγοις’
742 836 830 888 οἷν.

366 922 484 971 ΑΘ.
513 911 660 982 ’0ρῶ
687 911 869 970 πάντα
898 927 1011 980 τοῖς
1048 915 1370 1016 ἀνθρωποις
1397 921 1457 974 ἐκ
1487 927 1702 991 τριττῆς
1728 924 1911 990 χρείας

226 998 318 1052 καὶ
336 1000 633 1067 ἐπιθυμίας
646 995 944 1068 ἠρτημένα,
966 994 1030 1052 δι’
1054 989 1132 1053 ὦν
1154 995 1321 1069 ἀρετή
1339 1019 1397 1054 τε
1416 997 1600 1065 αὐτοῖς
1622 999 1915 1071 ἀγομένοις

160 1097 193 1137 Ε
225 1076 411 1148 ὀρθῶς
430 1079 523 1133 καὶ
540 1076 872 1135 τούναντίον
892 1076 1183 1151 ἀποβαίνει
1202 1101 1388 1145 κακως
1405 1077 1638 1150 ἀχθεῖσι.
1659 1087 1831 1136 ταῦτα
1855 1080 1905 1136 δ’
1972 1148 1973 1151 ¹

95 1208 102 1212 ,
183 1222 187 1225 ,
221 1161 370 1215 ἐστὶν
392 1158 569 1230 ἐδωδὴ
589 1159 692 1230 μὲν
709 1162 802 1216 καὶ
818 1159 978 1227 πόσις
996 1158 1176 1227 εὐθὺς
1191 1159 1566 1232 γενομένοις,
1543 1160 1617 1232 ’ἠν
1633 1159 1800 1231 πέρι
1776 1160 1911 1217 ἀπα·
1966 1166 1972 1174 ’

221 1257 328 1297 σαν
361 1247 476 1298 πᾶν
510 1245 653 1308 ζῶον
684 1244 933 1313 ἔμφυτον
969 1247 1145 1311 ἔρωτα
1189 1246 1316 1313 ἔχον
1352 1241 1557 1314 μεστὸν
1594 1250 1821 1311 οἴστρου
1856 1240 1905 1297 τ’

220 1326 332 1379 ἐστὶ
351 1325 444 1379 καὶ
463 1320 832 1394 ἀνηκουστίας
854 1329 958 1379 τοῦ
975 1325 1233 1393 λέγοντος
1249 1323 1386 1380 ἄλλο
1417 1345 1469 1379 τι
1496 1327 1613 1379 δεῖν
1631 1323 1909 1394 πράττειν,

220 1403 366 1475 πλὴν
392 1404 489 1469 τὰς
522 1401 729 1475 ἡδονὰς
754 1406 847 1470 καὶ
876 1407 1171 1475 ἐπιθυμίας
1197 1404 1295 1470 τὰς
1329 1407 1454 1478 περὶ
1487 1403 1704 1460 ἅπαντα
1736 1410 1910 1459 ταῦτα

222 1486 654 1557 ἀποπληροῦντα
673 1486 851 1560 λύπης
867 1491 962 1557 τῆς
982 1483 1198 1557 ἁπάσης
1216 1487 1301 1542 ἀεὶ
1322 1490 1439 1542 δεῖν
1456 1491 1603 1557 σφοῖς
1628 1483 1908 1541 ἀπαλλάτ-

105 1581 190 1630 783
218 1573 360 1625 τειν·
398 1572 552 1639 τρίτη
573 1567 633 1624 δὲ
660 1567 793 1639 ἡμῖν
816 1571 908 1624 καὶ
935 1573 1161 1639 μεγίστη
1179 1573 1332 1638 χρεία
1361 1570 1453 1623 καὶ
1481 1571 1619 1638 ἔρως
1649 1564 1910 1632 ὀξύτατος

221 1649 457 1716 ὕστατος
475 1654 577 1721 μὲν
596 1645 848 1721 ὁρμᾶται,
869 1650 1323 1723 διαπυρωτάτους
1342 1649 1402 1706 δὲ
1419 1649 1551 1714 τοὺς
1570 1647 1909 1720 ἀνθρώπους
1973 1681 1976 1724 3

222 1738 443 1803 μανίαις
466 1731 827 1802 ἀπεργάζεται
844 1731 1082 1804 πάντως,
1105 1730 1135 1788 ὁ
1166 1734 1292 1803 περὶ
1310 1731 1413 1803 τὴν
1430 1738 1530 1788 τοῦ
1549 1733 1748 1802 γένους
1771 1749 1910 1787 σπο-
1970 1727 1976 1738 '⁴

223 1813 330 1885 ράν
349 1813 511 1886 ὕβρει
528 1818 754 1886 πλείστῃ
777 1813 1064 1886 καόμενος.
1106 1813 1143 1870 ἃ
1163 1813 1231 1885 δὴ
1250 1818 1340 1871 δεῖ
1350 1818 1475 1894 τρία
1493 1815 1779 1884 νοσήματα
1794 1815 1910 1882 τρέ·
1974 1879 1976 1882 ,

222 1917 399 1952 ποντα
419 1901 495 1962 εἰς
512 1897 574 1952 τὸ
595 1898 881 1967 βέλτιστον
909 1894 1057 1965 παρὰ
1088 1895 1150 1951 τὸ
1182 1896 1486 1967 λεγόμενον
1513 1893 1742 1966 ἥδιστον
1766 1897 1910 1963 τρισὶ
1972 1891 1976 1894 ’

220 1981 322 2048 μὲν
341 1988 454 2043 τοῖς
472 1983 747 2049 μεγίστοις
758 1984 1061 2050 πειρᾶσθαι
1079 1981 1341 2049 κατέχειν,
1355 1978 1515 2052 φόβω
1535 1981 1629 2033 καὶ
1644 1976 1799 2049 νόμῳ
1819 1977 1911 2031 καὶ
1967 2014 1976 2054 ‚1

220 2064 297 2133 τῷ
319 2058 524 2131 ἀληθεῖ
536 2059 702 2133 λόγῳ,
731 2060 1196 2130 προσχρωμένους
1225 2061 1415 2129 μέντοι
1442 2057 1702 2122 Μούσαις
1730 2078 1789 2112 τε
1817 2056 1906 2111 καὶ
1971 2079 1976 2082 ·

162 2164 195 2204 Β
225 2139 512 2212 ἀγωνίοισι
530 2150 703 2212 θεοῖς,
726 2143 1086 2214 σβεννύντων
1103 2142 1207 2214 τὴν
1224 2140 1402 2214 αὔξην
1419 2163 1477 2197 τε
1508 2142 1601 2198 καὶ
1630 2139 1907 2212 ἐπιρροήν.

224 2226 438 2279 παίδων
459 2224 517 2279 δὲ
538 2223 605 2293 δὴ
624 2225 843 2292 γένεσιν
861 2225 998 2296 μετὰ
1017 2223 1147 2289 τοὺς
1168 2223 1384 2295 γάμους
1410 2229 1624 2294 θῶμεν,
1652 2225 1743 2278 καὶ
1773 2220 1907 2293 μετα

222 2311 442 2379 γένεσιν
458 2303 677 2374 τροφὴν
705 2309 797 2361 καὶ
817 2311 1095 2362 παιδείαν·
1133 2309 1226 2362 καὶ
1243 2303 1363 2376 τάχ’
1399 2303 1470 2361 ἀν
1500 2304 1648 2361 οὕτω
1677 2304 1908 2376 προϊόυ-
1957 2299 1972 2308 ”

221 2408 334 2442 των
359 2389 472 2440 τῶν
501 2384 688 2454 λόγων
715 2385 750 2440 ὅ
776 2407 834 2440 τε
866 2388 1046 2460 νόμος,
1065 2385 1200 2456 ἡμῖν
1235 2389 1463 2449 ἕκαστος
1490 2389 1804 2452 περαίνοιτο
1835 2387 1910 2445 εἰς

222 2466 618 2539 τοῦμπροσθεν
635 2468 723 2522 ἐπὶ
746 2470 1010 2536 ξυσσίτια,
1027 2470 1122 2521 ἵνα
1139 2468 1231 2520 καὶ
1252 2464 1582 2536 ἀφικόμενοι
1595 2470 1670 2529 εἰς
1689 2462 1784 2528 τὰς
1803 2484 1907 2518 τοι·

223 2549 394 2614 αύτας
416 2551 728 2618 κοινωνίας,
749 2555 857 2604 εἴτε
876 2546 984 2620 ἄρα
1008 2551 1295 2617 γυναικῶν
1318 2554 1425 2602 εἴτε
1444 2545 1669 2616 ἀνδρῶν
1696 2549 1783 2600 δεῖ
1805 2544 1909 2614 μό-

222 2653 341 2688 νων
359 2636 671 2701 γίγνεσθαι,
691 2634 1086 2701 προσμίξαντες
1122 2627 1307 2693 αὐτοῖς
1334 2627 1577 2698 ἐγγύθεν
1605 2634 1736 2692 ἴσως
1764 2631 1906 2696 μᾶλ-

224 2723 324 2771 λον
341 2711 720 2784 κατοψόμεθα,
745 2712 814 2768 τά
845 2733 904 2768 τε
933 2714 1274 2782 ἐπίπροσθεν
1300 2707 1507 2778 αὐτῶν,
1533 2711 1612 2764 ἔτι
1637 2714 1747 2764 νῦν
1772 2707 1908 2763 ὅντα

166 2813 193 2854 C
224 2795 625 2867 ἀνομοθέτητα,
637 2794 895 2861 τάξαντες
913 2791 1052 2848 αὐτὰ
1071 2795 1409 2861 ἐπίπροσθεν
1429 2790 1794 2865 ποιησόμεθα,
1816 2790 1905 2844 καὶ

1891 668 1912 693 3,
1966 671 1967 674 ,
