1976 3172
705 171 1014 223 ΝΟΜΩΝ
1045 164 1105 218 δ’.
1439 198 1451 202 ἡ
1640 165 1744 220 103

58 337 137 382 τις
149 318 416 384 ἐξοίκησις
433 314 496 367 ἐν
511 314 588 380 τῷ
606 306 762 380 τόπῳ
779 306 1052 376 γενομένη
1070 324 1174 401 την
1190 302 1381 375 χώραν
1397 302 1607 374 ταύτην
1626 306 1781 374 ἔρη-

61 419 167 469 μον
185 397 547 467 ἀπείργασται
563 387 772 461 χρόνον
790 384 1079 457 ἀμήχανον
1098 383 1253 440 ὅσον.

197 484 314 535 A&
359 479 431 532 Tc
448 470 505 530 δ’
527 466 628 536 αὖ;
664 473 873 527 πεδίων
889 489 948 524 τε
967 468 1061 524 καὶ
1077 464 1229 536 σρῶν
1245 466 1337 521 καὶ
1356 463 1494 531 ὕλης
1511 471 1630 530 πῶς
1650 468 1749 535 με’-

58 582 155 631 ρος
172 561 418 618 ἑκάστων
434 554 568 627 ἡμῖν
586 559 827 623 εἶληχενς

196 647 316 699 ΚΛ.
353 639 660 709 Προσέοικε
677 640 746 707 τῇ
764 638 861 705 τῆς
879 630 1050 704 ἄλλης
1063 630 1288 703 Κρήτης
1312 629 1483 702 φύσει
1500 627 1618 699 ὅλη.
1776 643 1812 683 D

195 731 313 781 ΑΘ.
357 721 713 792 Τραχυτέραν
731 714 912 788 αὐτὴν
938 738 971 786 η
949 707 1451 784 ”πεδιεινοτέραν
1424 709 1498 768 οἱν
1521 717 1714 782 λέγοις.
1873 706 1877 707 ’

197 810 316 861 ΚΛ.
357 803 525 859 Πάνυ
541 803 645 873 μὲν
661 822 783 856 ουν.

195 891 315 942 ΑΘ.
355 882 443 941 Θυ
463 888 660 940 τοίνυν
676 880 903 946 ἀνίατός
919 901 984 951 γε
1008 875 1082 936 ἂν
1111 887 1195 951 εἴη
1224 878 1364 950 πρὸς
1392 876 1589 955 ἀρετῆς
1616 883 1750 948 κτῆ-

54 984 162 1024 σιν.
203 971 256 1024 εἰ
269 953 372 1039 μὲν
389 964 500 1037 γὰρ
522 967 886 1022 ἐπιθαλαττία
910 984 969 1019 τε
989 967 1218 1034 ἔμελλεν
1237 959 1379 1017 εἶναι
1408 963 1501 1017 καὶ
1529 959 1751 1031 ευλίμε-

57 1071 154 1115 νος
171 1053 264 1107 καὶ
283 1050 358 1122 μὴ
378 1049 675 1121 πάμφορος
691 1043 816 1103 ἀλλ’
839 1043 1058 1117 ἐπιδεὴς
1076 1051 1319 1114 πολλων,
1339 1043 1587 1115 μεγάλου
1601 1040 1753 1141 τινὸς

58 1134 170 1188 ἔδει
189 1131 440 1203 σωτῆρός
458 1151 518 1187 τε
534 1128 681 1201 αὐτῇ
699 1131 794 1185 καὶ
820 1133 1151 1199 νομοθετων
1177 1132 1355 1184 θείων
1379 1148 1570 1197 τινων,
1604 1129 1655 1180 εί
1677 1123 1752 1197 μὴ

56 1213 236 1270 πολλά
269 1235 328 1269 τε
364 1217 594 1284 ἔμελλεν
619 1210 737 1284 ἤθη
757 1212 849 1268 καὶ
876 1216 1097 1267 ποικίλα
1124 1212 1217 1266 καὶ
1245 1214 1437 1280 φαῦλα
1466 1209 1610 1275 ἕξειν
1635 1228 1755 1263 τοο·

56 1295 200 1367 αὕτη
227 1297 399 1366 φύσει
423 1296 726 1364 γενομένη·
761 1299 875 1348 νῦν
913 1293 974 1348 δὲ
1006 1291 1374 1392 παραμύθιον
1411 1295 1518 1361 ἔχει
1546 1288 1608 1346 τὸ
1639 1295 1756 1345 τῶν

53 1373 403 1473 ὀγδοηκοντα
423 1377 681 1430 σταδίων.
718 1372 1018 1444 ἐγγύτερον
1037 1375 1142 1444 μέν
1159 1393 1246 1428 τοι
1266 1377 1368 1427 τοῦ
1398 1375 1621 1437 δέοντος
1639 1382 1757 1427 κεῖ-

50 1478 142 1514 ται
158 1462 259 1529 τῆς
272 1457 570 1529 θαλαττης,
592 1454 792 1535 σχεδὸν
821 1453 960 1512 ὅσον
989 1452 1429 1526 εὐλιμενωτέραν
1448 1451 1625 1525 αὐτὴν
1645 1450 1754 1525 φῂς

53 1535 275 1610 εἶναι,”
239 1560 391 1610 ομως
415 1540 477 1596 δὲ
504 1536 797 1610 ἀγαπητὸν
826 1539 919 1594 καὶ
947 1543 1131 1594 τοῦτο.
1169 1534 1472 1607 πρόσοικος
1498 1533 1607 1606 γὰρ
1636 1534 1754 1591 &oi-
1782 1551 1868 1598 705

53 1625 226 1676 λαττα
241 1619 397 1694 χώρα
426 1619 490 1676 τὸ
524 1622 630 1692 μὲν
656 1620 794 1690 παρ’
833 1618 1075 1692 ἑκάστην
1111 1616 1326 1718 ημέραν
1353 1616 1482 1691 ηδύ,
1514 1617 1663 1690 μάλα
1689 1639 1754 1689 γε

53 1699 167 1771 μὴν
184 1699 361 1767 ὅντως
384 1699 640 1774 αλμυρόν
660 1704 753 1759 καὶ
770 1702 976 1775 πικρὸν
991 1702 1293 1774 γειτόνημα
1306 1724 1319 1735 ·
1352 1703 1619 1773 ἐμπορίας
1642 1722 1752 1772 γαρ
1806 1745 1809 1754 ,

52 1784 147 1839 καὶ
179 1793 567 1856 χρηματισμοῦ
601 1783 694 1841 διὰ
732 1788 1033 1858 καπηλείας
1061 1787 1378 1858 ἐμπιπλᾶσα
1410 1782 1605 1856 αὐτήν,
1635 1783 1753 1856 ἤθη

51 1869 370 1938 παλίμβολα
388 1869 482 1924 καὶ
500 1866 705 1925 ἄπιστα
730 1879 852 1934 ταῖς
878 1878 1081 1939 ψυχαῖς
1108 1870 1452 1939 ἐντίκτουσα,
1483 1866 1665 1939 αὐτήν
1694 1888 1755 1922 τε

51 1946 194 2019 πρὸς
212 1945 392 2021 αὐτὴν
408 1950 515 2023 τὴν
532 1951 699 2007 πόλιν
717 1951 957 2007 ἄπιστον
974 1953 1067 2007 καὶ
1085 1949 1293 2022 ἄφιλον
1317 1962 1467 2007 ποιεῖ
1489 1951 1581 2005 καὶ
1610 1948 1753 2017 πρὸς

51 2027 185 2094 τοὺς
214 2029 424 2096 ἄλλους
456 2029 803 2102 ἀνθρώπους
841 2029 1120 2097 ὡσαύτως.
1175 2031 1545 2103 παραμύθιον
1579 2030 1641 2087 δὲ
1680 2027 1750 2099 δὴ

29 2112 196 2179 -πρός
227 2118 403 2168 ταῦτα
438 2116 531 2169 καὶ
566 2113 631 2169 τὰ
675 2114 976 2185 πάμφορος
1022 2112 1165 2170 εἶναι
1209 2117 1500 2185 κέκτηται,
1524 2122 1745 2185 τραχεῖα
1775 2124 1809 2165 Β

54 2192 116 2248 δὲ
152 2186 298 2249 οὖσα
334 2197 509 2266 δῆλον
543 2192 618 2260 ὥς
642 2193 747 2251 οὐκ
785 2218 859 2251 αν
893 2194 1222 2266 πολύφορός
1257 2216 1317 2251 τε
1354 2202 1439 2269 εἴη
1469 2197 1562 2251 καὶ
1598 2195 1750 2266 πάμ-

51 2295 232 2347 φορος
248 2296 391 2347 aaa·
426 2282 593 2333 τοῦτο
610 2297 720 2347 γαρ
739 2280 958 2349 ἔχουσα,
974 2276 1190 2349 πολλὴν
1207 2269 1548 2348 ἑξαγωγὴν’“
1511 2297 1585 2332 αν
1602 2295 1749 2347 παρ-

50 2359 302 2428 εχομένη,
330 2361 666 2428 νομίσματος
693 2357 978 2456 ἀργυροῦ
979 2360 1072 2415 καὶ
1099 2365 1317 2433 χρυσοῦ
1341 2358 1513 2416 πάλιν
1544 2357 1749 2430 ἀντεμ-

50 2437 295 2495 πίπλαιτ’
317 2461 409 2509 αν,
428 2460 500 2495 ου
478 2432 705 2511 μεῖζον
721 2439 920 2513 κακόν,
941 2438 1018 2507 ὡς
1036 2444 1166 2507 ἔπος
1195 2446 1386 2513 εἰπεῖν,
1417 2439 1576 2498 πόλει
1608 2438 1745 2496 ανθ’

56 2515 187 2583 ἰνὸς
218 2521 284 2575 ἓν
316 2518 488 2578 οὐδὲν
521 2517 597 2578 ἄν
630 2529 877 2595 γίγνοιτο
926 2527 1004 2589 εἰς
1047 2529 1327 2595 γενναίων
1373 2526 1467 2580 καὶ
1516 2528 1750 2579 δικαίων

54 2594 223 2735 Ξῖὦν
236 2605 447 2675 κτῆσιν,
467 2602 542 2671 ως
565 2609 797 2679 ἔφαμεν,
828 2610 880 2664 εἰ
893 2606 1245 2680 μεμνήμεθα,
1267 2609 1331 2664 ἐν
1347 2619 1462 2674 τοῖς
1489 2606 1750 2678 πρόσθεν

123 2700 257 2750 7⁰⁴6-
318 2739 322 2742 A

195 2768 315 2821 KA.
346 2764 507 2827 Ἀλλα
525 2775 875 2873 μεμνήμεθα,
896 2778 987 2835 καὶ
1003 2782 1403 2850 συγχωροῦμεν
1421 2775 1545 2832 τότε
1564 2777 1747 2846 λέγειν

51 2839 201 2918 ἦβᾶς
218 2844 411 2920 ὀρθῶς
427 2852 519 2908 καὶ
544 2854 612 2911 τὰ
630 2862 756 2914 νῦν.
