1976 3172
196 125 304 178 234
796 129 1269 178 ΠΛΑΤΩΝΟΣ

191 258 619 335 λαμβανόμενος
649 262 710 316 ἐν
744 264 982 332 χορείαις
1017 260 1340 333 πρεπόντως
1369 262 1629 336 εὐνόμων
1662 264 1885 335 ἀνδρῶν

197 344 442 397 διατελεῖ.
475 341 577 413 τὴν
589 346 791 398 τοίνυν
810 339 1343 415 ἀμφισβητουμένην
1373 343 1599 417 ὄρχησιν
1623 350 1709 402 δεῖ
1730 354 1886 415 πρῶ-

78 455 86 459 *
138 433 170 475 C
195 444 295 479 τον
312 425 475 496 χωρὶς
494 430 590 495 τῆς
620 423 1114 497 ἀναμφισβητήτου
1151 429 1442 496 διατεμεῖν.
1477 432 1557 493 τίς
1586 422 1694 484 οὖν
1723 427 1883 500 αὕτη,

193 507 392 578 καὶπῇ
421 508 511 561 δεῖ
531 507 695 576 χωρὶς
722 508 942 577 τέμνειν
977 506 1269 578 ἕκατέραν;
1310 506 1415 578 ὅση
1443 509 1547 579 μὲν
1576 515 1802 582 βακχεία
1831 508 1879 565 τ’

195 589 306 644 ἐστὶ
324 591 418 644 καὶ
440 593 555 644 τῶν
575 589 798 655 ταύταις
823 592 1126 660 ἑπομένων,
1147 586 1211 655 ἃς
1231 590 1476 661 Νύμφας
1492 612 1551 646 τε
1579 594 1671 648 καὶ
1695 597 1887 656 Πᾶνας

193 673 287 727 καὶ
323 669 633 742 Σειληνοὺς
671 673 763 727 καὶ
797 671 1094 741 Σατύρους
1129 671 1578 744 ἐπονομάζοντες,
1619 672 1694 738 ὥς
1729 689 1883 744 φασι,

193 759 496 825 μιμοῦνται
515 760 970 827 κατῳνωμένους,
990 757 1116 824 περὶ
1133 755 1463 826 καθαρμούς
1480 776 1539 811 τε
1556 757 1886 821 καὶτελετάς

190 855 346 899 τινας
365 832 809 904 ἀποτελούντων,
823 837 1044 904 ξύμπαν
1057 841 1220 890 τοῦτο
1235 842 1330 905 τῆς
1349 833 1624 907 ὀρχήσεως
1642 835 1702 892 τό
1727 838 1887 907 γένος

194 913 329 971 οὔθ’
358 913 432 981 ὥς
451 914 738 988 εἰρηνικὸν
755 914 888 971 οὔθ’
914 913 987 979 ὡς
1005 915 1307 985 πολεμικὸν
1326 916 1452 972 οὔθ’
1474 917 1506 972 ὅ
1525 923 1580 973 τί
1596 939 1726 974 ποτε
1744 919 1886 990 βού-

196 1005 347 1054 λεται
381 998 579 1072 ῥᾴδιον
616 997 1024 1069 ἀφορίσασθαι·
1065 1000 1418 1068 διορίσασθαι
1448 998 1560 1069 μήν
1588 1021 1682 1069 μοι
1710 1001 1887 1072 ταύτῃ
1974 1039 1976 1051 ,

125 1089 161 1129 D
199 1083 353 1135 δοκεῖ
371 1077 569 1150 σχεδὸν
588 1078 903 1151 ὀρθότατον
921 1077 1057 1134 αὐτὸ
1080 1076 1237 1150 εἶναι,
1257 1082 1421 1151 χωρὶς
1441 1081 1543 1150 μὲν
1562 1086 1883 1151 πολεμικοῦ,

195 1162 360 1231 χωρὶς
378 1161 437 1216 δὲ
461 1164 747 1232 εἰρηνικοῦ
775 1164 979 1225 θέντας
1002 1165 1191 1230 εἰπεῖν,
1223 1157 1296 1225 ὡς
1321 1159 1424 1216 οὐκ
1459 1164 1572 1216 ἔστι
1600 1161 1886 1217 πολιτικὸν

194 1248 360 1298 τοῦτο
376 1250 472 1314 τῆς
489 1240 766 1315 ὀρχήσεως
778 1240 839 1298 τὸ
852 1246 1028 1314 γένος,
1042 1245 1291 1298 ἐνταῦθα
1309 1242 1370 1299 δὲ
1380 1248 1635 1315 κείμενον
1649 1242 1885 1298 ἐάσαντα

194 1333 418 1381 κεῖσθαι
436 1332 545 1380 νῦν
563 1327 652 1381 ἐπὶ
668 1324 730 1381 τὸ
751 1323 1054 1395 πολεμικὸν
1071 1324 1185 1395 ἅμα
1204 1327 1296 1380 καὶ
1313 1325 1596 1396 εἰρηνικὸν
1615 1322 1688 1388 ὡς
1703 1322 1885 1394 ἀναμ-

193 1405 543 1478 φισβητήτως
577 1404 845 1478 ἡμέτερον
874 1402 944 1460 ὂν
975 1408 1268 1460 ἐπανιέναι.
1300 1404 1361 1460 τὸ
1393 1406 1452 1460 δὲ
1481 1411 1575 1478 τῆς
1603 1403 1884 1475 ἀπολέμου

193 1492 424 1560 μούσης,
443 1491 506 1544 ἐν
525 1488 783 1559 ὀρχήσεσι
815 1490 873 1542 δὲ
893 1486 1023 1550 τούς
1048 1507 1106 1542 τε
1126 1484 1299 1551 θεοὺς
1320 1489 1412 1548 καὶ
1439 1485 1571 1551 τοὺς
1594 1508 1708 1541 των
1729 1492 1885 1541 θεῶν

193 1574 394 1641 παῖδας
412 1591 603 1640 τιμων,
627 1572 691 1625 ἓν
711 1591 813 1640 μεν
844 1568 1066 1639 ξύμπαν
1100 1566 1332 1638 γίγνοιτ’
1373 1563 1448 1623 ἀ“ν
1474 1570 1635 1638 γένος
1662 1570 1723 1623 ἐν
1752 1566 1884 1665 δόξῃ

190 1657 295 1706 τοῦ
312 1650 577 1722 πράττειν
597 1643 663 1704 εὖ
686 1647 1041 1720 γιγνόμενον,
1063 1656 1226 1704 τοῦτο
1248 1647 1307 1704 δε
1327 1652 1450 1720 διχῇ
1469 1652 1774 1722 διαιροῖμεν
1794 1629 1882 1718 άν,
1966 1650 1976 1667 “

127 1746 161 1786 Ε
192 1731 254 1788 τὸ
274 1754 377 1803 μεν
397 1735 455 1788 ἐκ
478 1731 671 1787 πόνων
690 1752 864 1786 τινων
882 1728 1059 1786 αὐτοῦ
1077 1731 1169 1786 καὶ
1198 1730 1482 1786 κινδύνων
1509 1729 1885 1801 διαπεφευγό-

192 1835 307 1869 των
326 1818 402 1878 εἰς
421 1811 628 1884 ἀγαθά,
650 1818 865 1884 μείζους
883 1810 1093 1884 ἡδονὰς
1112 1817 1255 1883 ἔχον,
1275 1810 1335 1867 τὸ
1354 1812 1414 1868 δὲ
1431 1819 1546 1867 τῶν
1564 1816 1884 1883 ἔμπροσθεν

193 1894 430 1966 ἀγαθῶν
451 1901 721 1967 σωτηρίας
739 1895 910 1967 οὔσης
929 1899 1019 1951 καὶ
1038 1896 1291 1967 ἐπαύξης,
1318 1899 1624 1969 πραοτέρας
1641 1895 1738 1961 τὰς
1756 1893 1881 1966 ἡδο-

189 1976 293 2042 νάς
311 1980 650 2050 κεκτημένον
668 1981 910 2035 ἐκείνων.
953 1981 1014 2034 ἐν
1040 1977 1098 2034 δὲ
1119 1976 1184 2049 δὴ
1207 1989 1318 2043 τοῖς
1335 1979 1605 2043 τοιούτοις
1637 1997 1749 2032 που
1779 1984 1883 2041 πᾶς
1969 1996 1971 1998 ·

190 2058 498 2131 ἅνθρωπος
532 2057 630 2125 τὰς
664 2060 908 2131 κινήσεις
936 2067 1038 2116 τοῦ
1067 2060 1317 2132 σώματος
1344 2059 1611 2131 μειζόνων
1639 2059 1741 2131 μὲν
1769 2063 1884 2115 τῶν

99 2150 107 2155 ”
188 2139 415 2210 ἡδονῶν
434 2138 624 2196 οὐσῶν
645 2147 877 2213 μείζους,
912 2143 1223 2198 ἐλαττόνων
1252 2145 1311 2197 δὲ
1341 2141 1599 2207 ἐλάττους
1631 2153 1881 2211 κινεῖται,

189 2222 283 2275 καὶ
303 2223 671 2293 κοσμιώτερος
701 2226 803 2294 μὲν
831 2219 912 2279 οόν
941 2222 1078 2292 πρός
1106 2245 1164 2279 τε
1192 2222 1456 2293 ἀνδρείαν
1476 2229 1690 2294 μᾶλλον
1716 2243 1884 2293 γεγυ-

70 2310 161 2361 816
190 2306 504 2374 μνασμένος
532 2303 791 2369 ἐλάττους
811 2299 902 2375 αὖ,
931 2303 1111 2370 δειλὸς
1131 2305 1191 2361 δὲ
1217 2308 1309 2360 καὶ
1339 2303 1691 2375 ἀγύμναστος
1718 2325 1884 2374 γεγο-

190 2383 302 2449 νῶς
320 2381 459 2455 πρὸς
475 2382 536 2439 τὸ
559 2397 873 2454 σωφρονεῖν
901 2390 1117 2454 μείζους
1144 2389 1235 2440 καὶ
1255 2382 1632 2456 σφοδροτέρας
1652 2387 1883 2454 παρέχε-

190 2487 280 2522 ται
299 2465 606 2537 μεταβολὰς
640 2471 737 2536 τῆς
770 2466 1067 2536 κινήσεως·
1105 2464 1247 2530 ὅλως
1266 2467 1326 2520 δὲ
1354 2465 1758 2537 φθεγγόμενος,
1782 2461 1878 2520 εἶτ’

191 2552 253 2604 ἐν
274 2545 441 2622 ςόδαῖς
460 2547 557 2602 εἶτ’
580 2549 642 2602 ἐν
659 2548 863 2618 λόγοις,
883 2545 1117 2619 ἡσυχίαν
1147 2545 1216 2602 οὐ
1245 2546 1394 2602 πάνυ
1417 2546 1652 2612 δυνατὸς
1672 2552 1747 2621 τῷ
1769 2546 1882 2602 σω’-·

192 2629 337 2701 ματί
358 2631 699 2700 παρέχεσθαι
733 2637 863 2697 πᾶς·
905 2628 988 2686 διὸ
1020 2635 1242 2703 μίμησις
1271 2637 1384 2686 τῶν
1413 2634 1732 2702 λεγομένων
1750 2630 1884 2702 σχή-

193 2730 328 2783 μασι
347 2713 618 2784 γενομένη
650 2711 754 2785 τὴν
791 2711 1120 2785 ὀρχηστικὴν
1150 2714 1496 2785 ἐξειργάσατο
1518 2718 1714 2785 τέχνην
1741 2714 1881 2784 ξύμ-

356 2793 377 2804 *
442 2791 457 2811 Ε
527 2796 541 2815 x
652 2789 674 2814 ῗ
1603 2804 1623 2814 u
1799 2800 1804 2803 ⁴
1835 2794 1849 2810 t

921 2793 1294 2817 -----

772 2997 791 3021 Χ
