1976 3172
690 144 1012 195 ΝΟΜΩΝ
1042 137 1093 192 ε’.
1638 138 1742 194 137

44 305 223 357 ροπον
258 289 386 357 βίον
420 280 515 347 ὡς
530 285 645 336 τῶν
679 277 783 351 μὲν
814 276 1286 349 ὑπερβαλλόντων
1321 285 1401 350 τῷ
1430 283 1576 354 φίλω
1609 276 1742 352 ἡμῖν
1773 285 1813 328 Ι)

42 367 388 440 βουλόμεθα,
408 385 526 420 των
542 359 599 419 δ’
620 354 696 417 αὖ
721 370 837 426 τοῖς
863 362 1086 431 ἐχθροῖς
1111 359 1182 415 ου’
1212 361 1557 441 βουλόμεθα.
1596 361 1744 419 πάν-

42 467 140 514 τας
158 448 226 520 δὴ
246 452 336 504 δεῖ
346 450 695 504 διανοεῖσθαι
713 440 846 508 τοὺς
863 446 1022 514 βίους
1038 439 1202 514 ἡμων
1222 439 1295 507 ὥς
1323 444 1386 498 ἐν
1414 441 1629 507 τούτοις
1651 444 1745 499 έν-

42 533 328 602 δεδεμένοι
357 525 656 598 πεφύκασι,
684 525 776 581 καὶ
809 527 918 595 [δεῖ
949 528 1317 593 διανοεῖσθαι]
1351 527 1547 588 ποίους
1578 522 1746 593 φύσει

42 613 394 685 βουλόμεθα·
429 614 481 665 εἰ
515 611 581 665 δέ
603 629 656 664 τι
684 605 836 679 παρὰ
855 614 1030 663 ταῦτα
1049 606 1163 680 α’ρα
1192 606 1379 681 φαμὲν
1408 604 1743 678 βούλεσθαι,

41 698 136 754 διά
162 711 288 753 τινα
316 693 554 765 ἄγνοιαν
581 692 675 748 καὶ
701 688 959 762 ἀπειρίαν
986 696 1101 747 τῶν
1131 688 1314 746 ὅντων
1328 692 1472 761 βίων
1491 685 1634 744 αὐτοὶ
1655 689 1746 744 λέ-

39 798 232 849 γομεν.
1117 812 1122 816 -

181 861 263 914 Vl.
306 861 467 922 Τίνες
485 856 556 928 δὴ
572 858 667 912 καὶ
685 853 850 912 πόσοι
871 857 976 912 εἰσὶ
994 859 1125 927 βίοι,
1147 876 1231 910 ων
1248 856 1376 923 πέρι
1398 856 1487 909 δεῖ
1505 849 1748 924 προελό-

39 963 214 1015 μενον
248 941 310 998 τὸ
349 937 630 1013 βούλητόν
667 960 727 995 τε
762 939 855 995 καὶ
890 937 1167 1009 ἑκούσιον,
1207 933 1526 1009 ἀβούλητόν
1558 954 1619 990 τε
1655 935 1748 990 καὶ

40 1022 312 1081 ἆκούσιον
342 1022 552 1092 ἰδόντα,
574 1026 652 1086 εἰς
674 1020 855 1092 νόμον
891 1020 1074 1093 ἑαυτῷ
1110 1017 1440 1090 ταξάμενον,
1478 1014 1540 1072 τό
1574 1020 1744 1087 φίλον

41 1105 156 1177 ἅμα
174 1106 268 1161 καὶ
294 1103 405 1177 ἡδὺ
436 1106 529 1160 καὶ
558 1102 791 1173 αριστόν
816 1123 875 1158 τε
904 1103 996 1158 καὶ
1021 1101 1322 1157 κάλλιστον
1346 1100 1616 1172 ἑλόμενον
1644 1101 1745 1170 ζῇν
1775 1105 1810 1147 E

43 1187 117 1253 ὡς
151 1184 275 1243 οἷόν
310 1186 360 1242 τ’
398 1187 551 1243 ἐστὶν
585 1184 900 1257 ἄνθρωπον
933 1181 1356 1256 μακαριώτατα;
1396 1183 1647 1253 λέγωμεν
1676 1177 1744 1250 δὴ
1820 1187 1823 1190 ’

40 1269 314 1340 σώφρονμ
331 1272 461 1339 βίον
479 1268 580 1323 ἕνα
599 1266 742 1323 εἶναι
758 1270 851 1323 καὶ
869 1266 1154 1338 φρόνιμον
1170 1267 1271 1321 ἕνα
1290 1267 1381 1322 καὶ
1400 1266 1501 1320 ἕνα
1519 1261 1623 1319 τὸν
1642 1258 1747 1316 ἀν-

39 1355 247 1422 δρεῑον,
267 1353 360 1406 καὶ
377 1347 481 1404 τὸν
504 1345 755 1419 ὑγιεινὸν
774 1348 960 1418 βίον”
926 1368 1028 1402 ενα
1048 1345 1371 1416 ταξώμεθα·
1408 1345 1501 1400 καὶ
1526 1341 1747 1407 τούτοις

40 1427 168 1491 οὖσι
186 1434 475 1504 τέτταρσιν
494 1433 782 1494 ἐναντίους
809 1427 1015 1512 αλλους
1042 1431 1323 1497 τέτταρας,
1355 1426 1599 1496 ἄφρονα,
1633 1429 1748 1481 δει-

39 1516 161 1585 λόν,
181 1513 514 1584 ἀκόλαστον,
534 1510 775 1583 νοσώδη.
810 1508 1082 1582 σώφρονα
1101 1509 1205 1581 μὲν
1225 1529 1333 1564 ουν
1352 1503 1522 1579 βίον“
1499 1529 1528 1562 ο
1547 1505 1747 1576 γιγνώ-

12 1589 13 1596 ¹
41 1597 371 1669 σκωνθήσει
381 1600 567 1668 πρᾶον
583 1595 672 1651 ἐπὶ
689 1593 874 1650 πάντα
891 1590 1032 1650 καὶ’
1001 1595 1267 1665 ηρεμαίας
1285 1590 1388 1662 μὲν
1405 1587 1603 1658 λύπας,
1624 1585 1747 1659 ἠρε-

39 1684 205 1751 μαίας
241 1678 301 1735 δὲ
328 1675 555 1749 ἡδονάς,
584 1674 837 1749 μαλακὰς
867 1675 928 1732 δὲ
954 1678 1254 1747 ἐπιθυμίας
1282 1676 1376 1730 καὶ
1402 1676 1610 1744 ἔρωτας
1639 1667 1744 1725 οὐκ
1777 1675 1865 1722 734

38 1765 295 1832 ἐμμανεῖς
313 1758 721 1832 παρεχόμενον·
758 1758 1071 1815 ἀκόλαστον
1085 1759 1147 1813 δὲ
1165 1754 1305 1824 ὀξὺν
1333 1758 1422 1813 ἐπὶ
1449 1754 1634 1811 πάντα
1654 1751 1747 1809 καὶ

40 1841 293 1915 σφοδρὰς
306 1844 412 1915 μὲν
427 1841 628 1913 λύπας,
648 1839 901 1912 σφοδρὰς
921 1842 982 1896 δὲ
1000 1837 1224 1912 ἡδονάς,
1246 1841 1558 1903 συντόνους
1577 1839 1637 1892 δὲ
1655 1837 1747 1891 καὶ

25 1925 360 2002 ,οἰστρώδεις
386 1927 687 1997 ἐπιθυμίας
716 1946 777 1981 τε
805 1925 899 1981 καὶ
927 1927 1135 1996 ἔρωτας
1165 1920 1240 1988 ὡς
1264 1919 1390 1979 οἷόν
1419 1918 1472 1977 τ’
1504 1923 1747 1991 ἐμμανε-

41 2008 278 2073 στάτους
295 2008 710 2082 παρεχόμενον·
741 2004 1206 2090 ὑπερβαλλούσας
1228 2006 1287 2061 δὲ
1306 2007 1370 2061 ἐν
1395 2025 1500 2074 μεν
1518 2007 1599 2074 τῷ
1631 1999 1748 2056 σώ-

41 2111 215 2188 φρονι
232 2095 336 2164 βίῳ
353 2090 450 2155 τὰς
466 2088 685 2161 ἡδονὰς
694 2109 811 2144 των
828 2084 1185 2161 αχθηδόνων,
1202 2089 1262 2143 ἐν
1283 2085 1343 2142 δὲ
1360 2092 1440 2158 τῷ
1456 2081 1747 2157 ἄκολαστω

38 2195 139 2254 τας
159 2171 340 2238 λύπας
357 2177 471 2228 τῶν
492 2170 724 2244 ἡδονῶν
741 2173 971 2243 μεγέθει
990 2171 1083 2226 καὶ
1102 2168 1309 2240 πλήθει
1336 2168 1430 2224 καὶ
1463 2162 1748 2235 πυκνότη-

41 2266 148 2311 σιν.
186 2252 328 2311 ὅθεν
346 2250 377 2309 6
398 2254 503 2325 μὲν
519 2250 695 2325 ἡδίων
717 2251 852 2325 ἡμῖν
882 2259 997 2309 τῶν
1029 2256 1187 2324 βίων,
1219 2250 1249 2307 6
1279 2249 1339 2307 δὲ
1367 2246 1748 2320 λυπηρότερος

38 2341 95 2407 ἐξ
116 2337 366 2411 ἀνάγκης
383 2343 680 2411 συμβαίνει
707 2359 850 2394 κατα
874 2336 1050 2409 φύσιν
1078 2343 1394 2409 γίγνεσθαι,
1424 2336 1518 2391 καὶ
1546 2333 1648 2390 τόν
1678 2344 1806 2404 γεΒ

41 2421 391 2494 βουλόμενον
407 2417 586 2493 ἡδέως
602 2425 703 2494 ζῇν
721 2417 908 2477 οὐκέτι
937 2420 1186 2491 παρείκει
1213 2418 1411 2475 ἑκόντα
1443 2438 1508 2489 γε
1538 2415 1749 2473 ακολοέ-

19 2512 187 2568 στος
203 2507 321 2576 ζῇν,
341 2500 467 2560 ἄλλ’
488 2500 597 2576 ἤδη
617 2506 790 2577 δῆλον
809 2525 903 2574 ως,
927 2500 1054 2561 εἰτὸ
1073 2507 1186 2559 νῦν
1205 2500 1515 2574 λεγόμενον
1542 2498 1747 2573 ὀρθόν,

12 2585 159 2648 πᾶς
193 2584 249 2683 ἐξ
282 2584 528 2688 ἆνάγκης
557 2585 714 2644 ἄκων
744 2587 895 2644 ἐστὶν
926 2583 1258 2652 ἀκόλαστος·
1295 2581 1332 2657 ἢ
1353 2585 1462 2656 γὰρ
1495 2582 1570 2640 δι’
1601 2581 1748 2656 ἄμα-

11 2681 19 2711 ⁸
45 2659 239 2737 θίανῆ
255 2664 333 2722 δι’
356 2664 656 2740 ἀκράτειαν
684 2666 721 2743 ἢ
750 2667 822 2727 δι’
856 2667 1146 2742 ἀμφότερα
1175 2675 1280 2726 τοῦ
1310 2677 1628 2740 σωφρονεῖν
1652 2669 1746 2722 ἐν·-

11 2754 19 2797 ¹
46 2746 175 2819 θεὴς
199 2768 282 2803 ων
308 2746 422 2822 ‘fi'
397 2770 429 2806 ο
457 2757 564 2819 πᾶς
590 2750 953 2826 ἀνθρώπινος
981 2752 1159 2825 ὄχλος.
1198 2750 1376 2809 ταύτα
1406 2751 1468 2808 δὲ
1493 2750 1618 2819 περὶ
1645 2769 1745 2804 νο·-

45 2829 264 2895 σώδους
292 2850 350 2887 τε
379 2830 529 2889 καὶ’
499 2843 751 2905 υγιεινοῦ
774 2842 903 2910 βίον
934 2839 1276 2908 διανοητέον,
1311 2832 1385 2900 ὥς
1421 2837 1605 2903 ἔχουσι
1641 2828 1745 2901 μὲν
