1976 3172
233 132 301 184 66
696 186 711 194 χ
837 132 1009 179 ΠΛΑ
1027 132 1250 198 Tam)
1265 137 1314 181 Σ

371 269 492 318 ΚΛ.
528 265 720 334 Λέγεις
738 265 798 319 δὲ
821 262 1027 329 πόθεν;

175 357 206 396 Β
379 352 497 402 ΑΘ.
537 343 703 417 Οἶμαι
730 347 831 416 μὲν
861 343 966 414 ἄπο
995 347 1204 417 χρόνον
1232 349 1444 419 μήκους
1467 370 1524 405 τε
1550 351 1641 407 καὶ
1670 349 1916 422 ἀπειρίας

231 428 322 483 καὶ
340 448 455 483 των
472 431 793 498 μεταβολῶν
811 429 872 482 ἐν
889 434 966 502 τῷ
986 428 1232 502 τοιούτω.

373 512 492 564 ΚΛ.
529 513 661 572 Πῶς
681 509 880 577 λέγεις;

174 661 181 666 ⁸
375 595 494 645 ΑΘ.
537 591 697 660 Φέρε,
724 587 824 659 ἀφ’
849 581 920 645 οὗ
937 589 1188 655 πόλειςτ’
1212 594 1315 647 εἰσὶ
1332 593 1423 647 καὶ
1446 590 1739 663 ἄνθρωποι
1758 602 1915 651 πολι-
1974 640 1976 643 .

231 671 538 741 τευόμενοι,
553 669 780 736 δοκεῖς”
743 693 816 726 αν
833 690 965 727 ποτε
976 679 1313 744 κατανοῆσαι
1330 673 1538 746 χρόνου
1552 683 1767 747 πλῆθος
1780 677 1915 733 ὅσον

230 753 488 822 γέγονεν;

373 838 494 888 ΚΛ.
534 829 764 888 Οὔκουν
783 831 983 906 ῥᾴδιόν
1000 854 1064 903 γε
1086 829 1355 906 οὐδαμῶς.

330 946 338 952 ·
373 920 492 970 ΑΘ.
536 913 611 970 Τὸ
631 916 694 970 δέ
708 911 866 984 γενῶς
883 913 1122 971 ἄπλετόν
1139 937 1192 971 τι
1208 919 1300 972 καὶ
1317 917 1602 989 ἀμήχανον
1621 915 1694 975 ὂὶν
1714 926 1826 990 εἴης

372 1002 491 1053 ΚΛ.
528 995 696 1053 Πάνυ
712 998 814 1067 μὲν
833 990 940 1052 οὖν
957 997 1124 1052 τοῦτό
1141 1017 1221 1067 γε.

372 1086 491 1135 ΑΘ.
527 1085 677 1134 Μῶν
696 1071 801 1133 οὗν
821 1075 890 1132 οὐ
906 1083 1098 1148 μυρίαι
1119 1078 1223 1149 μὲν
1241 1079 1329 1134 ἐπὶ
1347 1084 1568 1179 μυρίαις
1594 1078 1726 1151 ἡμῖν
1752 1082 1915 1151 γεγό-

231 1177 360 1217 νασι
388 1160 573 1225 πόλεις
593 1162 655 1216 ἐν
681 1158 860 1234 τούτω
889 1164 969 1235 τῷ
998 1160 1200 1236 χρόνῳ,
1230 1161 1368 1217 κατὰ
1397 1160 1497 1218 τὸν
1525 1160 1698 1219 αὐτὸν
1725 1166 1785 1220 δὲ
1811 1171 1916 1222 τοῦ

175 1252 204 1293 C
234 1245 487 1315 πλήθους
513 1242 683 1313 λόγον
713 1239 818 1299 οὐκ
836 1242 1096 1308 ἐλάττους
1124 1246 1490 1316 ἐφθαρμέναι,
1522 1251 1916 1319 πεπολιτευμέ-

230 1346 324 1380 ναι
353 1323 403 1381 δ’
434 1346 506 1380 αυ
536 1325 716 1389 πασας
731 1323 1004 1390 πολιτείας
1021 1325 1285 1391 πολλάκις
1303 1327 1633 1396 ἑκασταχοῦ;
1673 1330 1765 1383 καὶ
1791 1330 1912 1385 τοτὲ

229 1409 331 1477 μεν
374 1408 429 1472 ἐξ
465 1406 776 1471 ἐλαττόνων
812 1410 1053 1478 μείζους,
1089 1406 1212 1463 τοτὲ
1253 1408 1313 1463 δὲ
1353 1409 1413 1463 ἐκ
1449 1407 1715 1479 μειζόνων
1756 1409 1915 1464 ἐλάτ-

232 1510 378 1559 τους,
415 1490 507 1543 καὶ
534 1493 751 1559 χείρους
770 1490 830 1544 ἐκ
855 1487 1160 1559 βελτιόνων
1185 1488 1448 1560 γεγόνασι
1467 1492 1558 1545 καὶ
1575 1494 1826 1561 βελτίους
1854 1493 1913 1546 ἐκ

233 1568 531 1640 χειρόνῶνς

384 1657 503 1710 ΚΛ.
538 1646 878 1722 Ἀναγκαῖον.

370 1741 488 1791 ΑΘ.
534 1732 749 1804 Ταύτης
768 1730 834 1805 δὴ
855 1734 980 1805 πέρι
998 1731 1274 1804 λάβωμεν,
1296 1736 1346 1788 εί
1363 1736 1694 1804 δυναίμεθα,
1714 1741 1809 1805 τῆς
1827 1756 1914 1805 με·

230 1821 467 1888 ταβολῆς
484 1814 588 1886 τὴν
604 1820 809 1871 αἰτίαν·
839 1814 975 1886 τάχα
1004 1813 1113 1885 γὰρ
1142 1810 1215 1869 ἂν
1246 1821 1376 1879 ἴσως
1407 1818 1630 1880 δείξειεν
1657 1813 1788 1886 ἡμῖν
1812 1814 1915 1885 τὴν

234 1896 461 1966 πρώτην
480 1902 595 1952 τῶν
612 1903 906 1953 πολιτειῶν
921 1899 1141 1966 γένεσιν
1158 1898 1250 1952 καὶ
1267 1894 1581 1967 μετάβασιν.
1908 1933 1914 1939 -

373 1983 491 2035 ΚΛ.
537 1971 623 2033 Εὖ
661 1979 863 2048 λέγεις,
900 1979 991 2033 καὶ
1035 1984 1452 2048 προθυμεῖσθαι
1491 1980 1600 2048 δεῖ,
1638 1978 1698 2032 σὲ
1744 1975 1845 2046 μὲν
1883 1975 1915 2031 ὂ

233 2063 446 2116 διανοεῖ
487 2061 611 2132 περὶ
650 2057 837 2115 αὐτῶν
882 2056 1336 2129 ἀποφαινόμενον
1351 2101 1388 2131 ‚
1406 2056 1547 2130 ἡμᾶς
1581 2051 1640 2115 δὲ
1678 2062 1914 2124 ξυνεπο-

231 2146 447 2212 μένους.
727 2172 734 2186 1

116 2237 200 2283 677
365 2230 482 2278 ΑΘ.
513 2217 627 2293 Αρ’
663 2246 771 2279 ουν
791 2221 927 2294 ὑμῖν
962 2227 1018 2279 οἰ
1041 2226 1264 2280 παλαιοὶ
1295 2222 1454 2294 λόγοι
1474 2221 1745 2294 ἀλήθειαν
1771 2226 1910 2292 ἔχειν

233 2304 359 2362 τινὰ
382 2310 672 2372 δοκοῦσιν;

373 2392 494 2446 ΚΛ.
529 2392 691 2443 Ποῖοι
711 2387 808 2458 δή;

374 2477 493 2527 ΑΘ,
537 2468 612 2525 Τὸ
635 2470 841 2535 πολλὰς
859 2467 1179 2538 ἀνθρώπων
1198 2464 1419 2538 φθορὰς
1435 2468 1724 2535 γεγονέναι
1743 2486 1914 2520 κατα-

235 2560 498 2623 κλυσμοῖς
527 2574 586 2608 τε
610 2555 703 2608 καὶ
733 2553 918 2617 νόσοις
945 2553 1037 2607 καὶ
1061 2549 1248 2615 ἄλλοις
1275 2554 1513 2619 πολλοῖς,
1544 2550 1604 2603 ἐν
1632 2543 1713 2612 οἷς
1732 2546 1912 2619 βραχύ

236 2656 287 2690 τι
305 2642 416 2691 τῶν
436 2633 759 2704 ἀνθρώπων
783 2639 1069 2691 λείπεσθαι
1085 2634 1260 2704 γένος.

380 2722 498 2774 ΚΛ.
532 2717 698 2774 Πάνυ
717 2719 817 2789 μὲν
837 2711 942 2774 οὗν
962 2715 1211 2774 πιθανὸν
1230 2715 1291 2771 τὸ
1311 2717 1566 2770 τοιοῦτον
1594 2720 1707 2769 πᾶν
1729 2716 1908 2768 παντί.
