1976 3172
706 122 1027 173 NOMszN
1062 116 1113 181 ζ.
1290 192 1296 199 x
1668 121 1778 187 229

83 258 311 314 δάσκειν
340 255 823 328 παρακελεύεσθαι
858 263 1000 309 τοῖσι
1030 254 1384 320 διδασκάλοις
1420 254 1553 321 τούς
1576 260 1777 323 παῖδας

80 341 149 397 τά
167 362 225 396 τε
243 338 459 396 τούτων
476 336 707 410 ἐχόμενα
725 337 818 405 καὶ
833 333 1017 406 ὅμοια,
1039 329 1111 390 ὅὶν
1131 334 1241 406 ἄρα
1261 356 1374 392 που
1398 339 1775 412 περιτυγχάνῃ
1801 365 1838 407 Ε

80 428 329 494 ποιητῶν
346 436 410 478 ’τε
429 420 708 492 ποιήματα
723 415 941 484 διεξιών
959 419 1053 472 καὶ
1080 421 1435 490 γεγραμμένα
1463 421 1776 492 καταλογά-

81 510 187 577 δην
213 503 251 577 ἦ
279 506 374 562 καὶ
396 509 571 571 ψιλῶς
604 499 785 566 οὕτως
816 499 957 556 ἄνευ
991 506 1095 555 τοῦ
1127 500 1449 571 γεγράφθαι
1482 501 1775 579 λεγόμενα,

80 587 300 659 ἀδελφά
323 607 437 643 που
465 583 681 642 τούτων
707 589 822 640 τῶν
854 583 1059 654 λόγων,
1088 582 1163 656 μὴ
1183 586 1442 655 μεθιέναι
1459 584 1648 659 τρόπῳ
1669 608 1776 656 μη-

82 674 216 739 δενί,
253 670 573 741 γράφεσθαι
608 668 693 721 δέ·
728 667 820 721 καὶ
857 672 1083 736 πρῶτον
1111 666 1216 737 μὲν
1242 663 1376 731 τούς
1404 665 1776 733 διδασκάλους

78 749 285 815 αὐτοὺς
302 747 635 819 ἀναγκάζειν
652 746 968 818 μανθάνειν
985 748 1078 804 καὶ
1104 749 1370 819 ἐπαινεῖν,
1389 746 1488 814 οὓς
1519 747 1575 805 δ’
1607 745 1679 805 ἄν
1699 748 1774 822 μὴ

78 829 418 905 ἅρέσκῇτοῖν
442 828 812 901 διδασκάλων,
834 829 909 901 μὴ
939 837 1187 902 χρῆσθαι
1215 831 1435 898 τούτοις
1462 844 1773 906 συνεργοῖς,

77 912 178 980 οὓς
197 910 251 970 δ’
282 909 356 970 ἂν
374 920 453 988 τῷ
471 916 691 986 ἐπαίνῳ
717 911 1058 983 συμψήφους
1090 918 1203 986 ἔχῃ,
1233 914 1450 979 τούτοις
1483 913 1775 986 χρώμενον

77 996 210 1064 τούς
221 1001 385 1062 νέους
395 994 586 1062 αὐτοῖς
602 994 973 1067 παραδιδόναι
988 996 1272 1053 διδάσκειν
1281 1019 1338 1054 τε
1352 999 1445 1053 καὶ
1467 997 1771 1054 παιδεύειν.

79 1072 244 1145 οὗτός
261 1101 356 1150 μοι
375 1084 561 1150 μῦθος
572 1081 822 1134 ἐνταῦθα
839 1079 934 1134 καὶ
952 1075 1100 1135 οὕτω
1117 1079 1442 1153 τελευτάτω,
1455 1083 1580 1152 περὶ
1599 1101 1772 1153 γραμ-
1801 1095 1889 1142 812

80 1168 359 1231 ματιστῶν
376 1182 436 1218 τε
458 1162 745 1233 εἰρημένος
764 1158 878 1232 ἅμα
901 1162 994 1217 καὶ
1010 1162 1367 1234 γραμμάτων.

220 1249 339 1299 ΚΛ.
378 1242 535 1299 Κατὰ
570 1244 675 1314 μὲν
708 1240 813 1314 τὴν
854 1240 1164 1314 ὑπόθεσιν,
1205 1239 1253 1300 ὦ
1291 1249 1437 1316 ξένε,
1481 1249 1666 1317 ἔμοιγε
1702 1243 1771 1301 οὐ

78 1325 399 1396 φαινόμεθα
425 1325 583 1389 ε’κτὸς
615 1323 960 1391 πορεύεσθαι
988 1331 1103 1380 τῶν
1138 1322 1532 1383 ὑποτεθέντων
1557 1325 1769 1396 λόγων·

76 1412 129 1464 εί
155 1409 214 1462 δὲ
240 1405 301 1462 τὸ
330 1404 468 1463 ὅλον
493 1412 890 1477 κατορθοῦμεν
910 1401 949 1478 ἢ
966 1405 1061 1477 μή,
1086 1407 1331 1477 χαλεπὸν
1351 1415 1484 1473 ἴσως
1503 1411 1773 1482 διισχυρί-

77 1491 285 1554 ζεσθαι.

218 1576 335 1626 ΑΘ.
381 1569 520 1627 Τότε·
542 1570 672 1644 γάρ,
694 1564 742 1627 ὦ
768 1577 1021 1643 Κλεινία,
1044 1572 1211 1629 τοῦτό
1239 1570 1295 1644 γ’
1320 1569 1456 1630 αὐτὸ
1489 1577 1640 1630 ἔσται
1669 1597 1773 1632 κα-

75 1653 508 1724 ταφανέστερον,
529 1651 604 1720 ὥς
620 1654 784 1727 εἰκός,
804 1653 959 1726 ὅταν,
979 1655 1019 1712 ἃ
1041 1654 1309 1721 πολλάκις
1338 1654 1654 1729 εἰρήκαμεν,
1685 1658 1775 1714 ἐπὶ

75 1737 231 1800 τέλος
249 1734 586 1806 ἀφικώμεθα
605 1736 787 1809 πάσης
804 1743 900 1809 τῆς
918 1736 1171 1805 διεξόδου
1190 1739 1316 1811 περὶ
1335 1739 1544 1811 νόμων.

215 1821 335 1872 ΚΛ.
370 1813 595 1887 Ὀρθως.
1736 1844 1739 1847 ·
1796 1837 1830 1884 Β

218 1901 344 1956 XVI.
382 1905 502 1957 ΑΘ.
534 1893 653 1970 Αρ’
675 1894 782 1957 οὖν
801 1899 871 1958 οὐ
891 1900 1028 1973 μετὰ
1047 1901 1149 1959 τὸν
1178 1901 1597 1975 γραμματιστὴν
1627 1901 1657 1957 ὁ
1686 1924 1776 1988 κι-

76 1978 347 2051 θαριστης
363 1980 500 2052 ημῖν
518 1987 884 2055 προσρητέος·
869 2026 884 2052 ,

218 2066 339 2118 ΚΑ.
385 2067 456 2118 Τί
479 2063 620 2135 mim

220 2148 339 2199 ΑΘ.
384 2148 512 2210 Τοῖς
542 2151 892 2217 κιθαρισταῖς
925 2144 1028 2216 μὲν
1063 2150 1259 2203 τοίνυν
1289 2143 1431 2219 ἡμᾶς
1473 2150 1624 2204 δοκοῦ
1658 2152 1772 2204 τῶν

76 2229 400 2296 ἔμπροσθεν
414 2226 600 2298 λόγων
619 2225 1079 2301 ἀναμνησθέντας
1090 2227 1150 2285 τό
1174 2236 1461 2302 προσῆκον
1476 2241 1657 2302 νεῖμαι
1677 2236 1773 2302 τῆς

75 2327 135 2363 τε
155 2310 511 2375 διδασκαλίας
539 2308 654 2381 ἅμα
681 2313 775 2367 καὶ
802 2310 983 2383 πάσης
1004 2317 1100 2383 τῆς
1127 2314 1251 2380 περὶ
1276 2310 1343 2368 τὰ
1379 2318 1608 2370 τοιαῦτα
1641 2332 1773 2368 παι-

19 2412 21 2448 }
78 2389 337 2455 δεύσεως.

219 2477 340 2528 ΚΛ.
378 2477 572 2530 Ποίων
592 2473 660 2547 δὴ
681 2476 806 2546 πέρι
823 2478 1026 2547 λέγεις;

219 2559 336 2610 ΑΘ.
362 2552 632 2628 Ἕφαμεν,
668 2554 837 2629 οἶμαι,
866 2557 997 2624 τοὺς
1033 2562 1136 2614 τοῦ
1157 2556 1448 2614 Διονύσου
1477 2557 1609 2624 τούς
1647 2560 1770 2630 ἑξη-

79 2633 384 2700 κοντούτας
404 2634 586 2709 ᾠδοὺς
609 2640 991 2712 διαφερόντως
1009 2638 1380 2711 εὐαισθήτους
1399 2643 1517 2696 δεῖν
1542 2643 1771 2712 γεγονέ-

47 2724 55 2730 ’
78 2736 171 2769 ναι
194 2719 325 2784 περί
343 2736 400 2772 τε
426 2716 558 2785 τοὺς
576 2720 833 2795 ῥυθμοὺς
860 2720 1070 2788 καὶτὰς
1092 2727 1205 2778 τῶν
1237 2718 1528 2794 ἁρμονιῶν
1557 2722 1764 2779 συστά-
1795 2737 1829 2780 c

15 2877 17 2885 Α
79 2812 210 2867 σεις,
248 2799 342 2853 ἵνα
360 2795 465 2869 τὴν
482 2805 597 2858 τοῖν
623 2810 808 2875 μελιᾶν
842 2809 1072 2877 μίμησιν
1101 2800 1205 2874 τὴν
1233 2797 1299 2858 εὖ
1337 2805 1428 2859 καὶ
1460 2802 1564 2875 τὴν
1586 2809 1771 2870 κακῶς
