1976 3172
207 124 320 182 222,
817 127 992 176 HAA
1011 129 1295 179 ΤῼΝΟΣ

206 258 410 360 φόβον,
417 278 500 327 γε,
540 262 591 314 εἰ
614 258 789 330 μηδὲν
816 264 1016 331 μεῖζον,
1055 267 1361 333 πολεμίοισι
1393 263 1674 323 δύνασθαι
1709 243 1891 340 παρα-

205 349 355 409 σχεῖν
382 341 444 395 ἐν
465 339 611 438 τάξει
641 344 750 397 τινὶ
785 347 1186 413 κατοφθείσας;
1225 346 1655 418 Σαυρομάτιδας
1675 350 1733 405 δὲ
1764 341 1887 406 οὐδ’

202 414 275 475 ὅὶν
292 442 353 476 το
377 421 643 492 παράπαν
661 423 994 496 τολμήσειαν
1021 425 1370 497 μιμήσασθαι
1403 435 1605 485 τοῦτον
1630 429 1732 487 τὸν
1759 432 1891 502 τρό-

202 521 312 558 πον
342 506 673 576 διαβιοῦσαι,
699 504 850 576 παρά
886 517 1154 578 γυναῖκας
1190 509 1249 565 δὲ
1285 507 1456 576 αὐτας
1487 510 1691 581 ἄνδρες
1727 509 1799 569 ἀν
1834 518 1916 588 αίἱ

134 593 167 636 C
201 583 430 640 ἐκείνων
445 596 708 656 γυναικες
723 598 967 657 φανεῖεν.
1009 588 1166 644 ταῦτ’
1197 582 1304 645 οὖν
1319 587 1479 661 ὑμῶν
1497 590 1628 658 τούς
1647 597 1891 665 νομοθέ-
1918 590 1923 594 ”

146 709 154 712 »
202 687 297 731 τας
315 663 345 722 ὁ
365 667 469 738 μεν
492 669 834 740 βουλόμενος
853 672 1101 727 ἐπαινεῖν
1119 674 1531 729 ἐπαινείτω·τό
1553 674 1607 730 δ’
1629 674 1766 746 ἐμὸν
1785 676 1890 734 οὐκ

95 743 102 751 ’
201 745 425 813 άλλως
400 747 472 804 α“ν
500 757 747 822 λεχθείη·
773 756 962 808 τέλεον
995 752 1104 826 γὰρ
1137 756 1228 810 καὶ
1260 752 1382 826 οὐχὶ
1410 754 1619 827 ἥμισυν
1649 760 1766 813 δεῖν
1789 757 1891 814 τὸν

200 831 517 900 νομοθέτην
536 830 693 900 εἶναι,
713 831 775 887 τὸ
796 837 951 903 θῆλυ
979 837 1083 903 μὲν
1111 833 1345 905 ἀφιέντα
1372 843 1599 911 τρυφᾷν
1628 840 1719 895 καὶ
1749 837 1889 895 ἀνα-

200 914 411 966 λίσκειν
430 909 711 976 διαίταις’
680 911 927 978 ατάκτως
943 914 1252 984 χρώμενον,
1285 923 1388 972 τοῦ
1416 919 1528 973 δὲ’
1503 919 1738 989 άρρενος
1770 923 1889 976 ἐπι-

200 997 531 1064 μεληθέντα,
559 997 756 1059 τελέως
777 995 976 1065 σχεδὸν
1002 992 1334 1067 εὐδαίμονος
1362 994 1533 1068 ἥμισυ
1563 1004 1690 1069 βίου
1718 1024 1888 1059 κατα-

201 1078 410 1131 λείπειν
428 1074 550 1131 ἀντὶ
570 1079 865 1132 διπλασίου
883 1082 951 1148 τῇ
969 1077 1145 1134 πόλει.

344 1167 475 1216 ΜΕ.
521 1165 591 1216 Τί
617 1159 915 1232 δράσομεν,
953 1185 995 1218 ω
1024 1167 1284 1230 Κλεινία;
1321 1160 1421 1219 τὸν
1458 1165 1617 1230 ξένον
1653 1164 1890 1236 ἐάσομεν

200 1241 304 1314 τὴν
321 1242 595 1314 Σπάρτην
611 1240 747 1315 ἡμῖν
766 1242 916 1299 ου’τω
935 1247 1336 1318 καταδραμεῖν·
1321 1287 1336 1312 ,

135 1336 170 1376 D
343 1332 465 1383 ΚΛ.
501 1332 642 1382 Ναί·
682 1327 979 1397 δεδομένης
1008 1348 1115 1396 γαρ
1150 1326 1303 1383 αὐτω
1338 1331 1645 1425 παρρησίας
1680 1331 1886 1413 ἐατέον,

197 1409 300 1473 ε’ως
317 1431 390 1464 αν
410 1411 784 1478 διεξέλθωμεν
801 1407 982 1478 πάντη
1003 1410 1207 1473 ίκανως
1223 1430 1354 1474 τους
1373 1409 1596 1480 νόμους.

339 1495 470 1545 ΜΕ.
503 1486 719 1559 Ὀρθῶς
738 1489 928 1558 λέγεις.

337 1573 470 1626 XII'I.
508 1575 628 1625 ΑΘ.
671 1568 903 1626 Οὐκοῦν
931 1592 998 1625 τα
1028 1591 1164 1641 μετα
1195 1577 1367 1627 ταῦτα
1386 1570 1492 1642 ἤδη
1522 1570 1721 1642 σχεδὸν
1750 1571 1887 1641 έμόν

196 1657 500 1723 πειρᾶσθαι
519 1651 775 1722 φράζειν,

336 1741 455 1791 ΚΛ.
486 1740 618 1799 Πως
633 1731 742 1804 γὰρ
763 1733 857 1797 οὕ;

338 1823 459 1873 ΑΘ.
497 1819 591 1881 Τίς
610 1815 677 1886 δὴ
699 1813 904 1885 τρόπος
923 1814 1251 1887 ἀνθρώποις
1266 1816 1497 1888 γίγνοιτ’
1521 1815 1594 1874 ἄν
1613 1823 1714 1873 τοῦ
1734 1823 1881 1889 βίου,
1961 1869 1968 1875 .

196 1896 306 1954 οἶσι
343 1895 410 1952 τὰ
443 1896 546 1967 μὲν
570 1892 843 1967 ἀναγκαῖα
874 1903 955 1968 εἰή
978 1902 1460 1970 κατεσκευασμένα
1492 1900 1700 1970 μέτρια,
1727 1898 1793 1954 τὰ
1821 1898 1882 1955 δὲ
1963 1921 1966 1923 ’

195 1985 308 2036 τῶν
326 1983 538 2050 τεχνῶν
559 1977 746 2045 ἄλλοις
765 1983 1203 2054 παραδεδομένα,
1224 1987 1484 2055 γεωργίαι
1513 1985 1572 2038 δὲ
1591 1985 1883 2054 ἐκδεδομέ-

131 2078 164 2118 Ε
193 2085 286 2118 ναι
305 2062 527 2127 δούλοις
546 2060 804 2136 ἀπαρχὴν
819 2067 933 2119 ταῖν
950 2065 1010 2120 ἐκ
1039 2070 1136 2135 τῆς
1154 2071 1254 2136 γῆς
1277 2063 1647 2121 ἀποτελοῦσιν
1678 2067 1882 2137 ἱκανην

194 2143 517 2214 ἀνθρώποις
562 2149 693 2212 §offan
727 2150 986 2218 κοσμίως,
1022 2151 1269 2213 ξυσσίτια
1306 2147 1365 2203 δὲ
1399 2149 1882 2219 κατεσκευασμένα
1961 2169 1963 2175 ’

193 2234 276 2296 εἴη
302 2229 465 2296 χωρὶς
493 2230 594 2297 μὲν
629 2227 697 2283 τὰ
732 2232 848 2284 τῶν
877 2227 1120 2300 ἀνδρῶν,
1141 2228 1305 2300 ἐγγὺς
1335 2226 1387 2284 δ’
1419 2229 1650 2300 ἐχόμενα
1677 2226 1744 2284 τὰ
1770 2233 1883 2284 τῶν

192 2305 380 2372 αὐτοῖς
399 2313 636 2379 οἰκείων,
653 2314 870 2366 παίδων
887 2331 946 2367 τε
965 2310 1080 2381 ἅμα
1097 2316 1346 2381 θηλειῶν
1363 2313 1455 2366 καὶ
1483 2317 1597 2366 τῶν
1627 2313 1882 2380 μητέρων

194 2386 407 2455 αὐταῖς·
460 2388 692 2461 ἄρχουσι
737 2394 797 2446 δὲ
833 2393 927 2447 καὶ
971 2389 1269 2462 ἀρχούσαις
1315 2399 1398 2460 εἴη
1434 2393 1880 2460 προστεταγμένα

192 2473 349 2530 λύειν
368 2478 553 2528 ταῦτα
582 2471 829 2538 ἑκάστοις
864 2473 931 2527 τὰ
967 2476 1214 2537 ξυσσίτια
1249 2471 1430 2527 πάντα
1464 2469 1602 2527 καθ’
1644 2469 1880 2542 ἑκάστην

191 2552 405 2626 ἡμέραν
424 2556 810 2626 θεασαμένους
834 2553 926 2610 καὶ
944 2552 1162 2618 ἰδόντας
1189 2550 1293 2624 τὴν
1323 2550 1605 2624 διαγωγὴν
1632 2550 1735 2623 τὴν
1763 2556 1882 2607 τῶν

191 2638 482 2708 ξυσσίτων,
503 2633 637 2707 μετὰ
658 2635 908 2692 δὲταῦτα
935 2639 1262 2699 σπείσαντας
1293 2633 1395 2689 τόν
1423 2655 1481 2689 τε
1516 2632 1757 2705 ἄρχοντα
1786 2636 1879 2689 καὶ

76 2730 162 2780 807
187 2716 324 2785 τούς
340 2716 561 2789 ἄλλους,
582 2712 664 2784 οἷς
681 2713 755 2774 ἂν
772 2718 1018 2791 τυγχάνῃ
1034 2725 1188 2784 θεοῖς
1205 2715 1238 2788 ἡ
1261 2716 1381 2773 τότε
1399 2715 1501 2782 νύξ
1519 2737 1577 2771 τε
1595 2718 1686 2773 καὶ
1703 2713 1878 2786 ἡμέρα

191 2802 595 2874 καθιερωμένη,
616 2798 754 2858 κατὰ
774 2794 948 2858 ταῦτα
964 2798 1139 2867 οὕτως
1157 2802 1344 2857 οἴκαδε
1364 2796 1731 2870 πορεύεσθαι;
1763 2807 1876 2861 τοῖς
1941 2825 1944 2832 ·
