1976 3172
237 203 342 257 114
856 204 1370 251 ΠΛΛΤῼΝΟΣ·

374 341 492 391 ΛΘ.
515 334 725 400 ’Όντως
741 334 869 407 γάρ,
900 327 946 390 ὦ
975 332 1207 407 ἄριστοι,
1239 341 1544 393 πολιτειῶν,
1562 317 1830 408 μετέχετε·
1862 336 1927 404 ἃς

236 417 295 474 δὲ
317 413 684 488 ὠνομάκαμεν
703 422 830 487 νῦν,
852 414 956 472 οὐκ
987 417 1092 473 εΐσὶ
1119 419 1402 487 πολιτεῖαι,
1432 418 1651 474 πόλεων
1681 419 1740 475 δὲ
1769 419 1926 490 οἰκή-

233 506 345 564 σεις
377 499 797 568 δεσποζομένων
831 519 890 553 τε
921 502 1014 555 καὶ
1042 502 1442 555 δουλευουσῶν
1457 503 1683 571 μέρεσιν
1712 502 1926 556 ἑαυτῶν

117 590 205 636 713
233 583 358 650 τισί,
374 579 436 635 τό
456 585 558 635 τοῦ
578 577 853 635 δεσπότου
884 579 943 636 δὲ
972 580 1172 652 ἑκάστη
1195 580 1670 652 προσαγορεύεται
1696 580 1922 649 κράτος·

229 664 371 732 χρῆν
403 656 455 716 δ’
478 667 630 730 εἴπερ
650 657 710 716 τὸ
733 659 994 716 τοιούτου
1018 661 1125 733 τὴν
1142 661 1307 718 πόλιν
1323 665 1436 718 ἔδει
1464 662 1925 734 ἐπονομάζεσθαι,

228 739 288 798 τὸ
321 748 424 798 τοῦ
445 739 671 813 άληθῶς
689 748 804 797 τῶν
821 742 921 798 τὸν
950 749 1094 798 νοῦν
1122 743 1364 814 ἐχόντων
1394 744 1756 812 δεσπόζοντος
1783 748 1926 801 θεοῦ

231 821 410 894 ὄνομα
429 827 708 893 λέγεσθαι.

371 909 491 959 ΚΛ.
538 910 631 968 Τίς
651 902 704 958 δ’
740 901 770 958 ὁ
793 904 959 971 θεός;

373 991 492 1041 ΑΘ.
519 977 639 1053 Ἆρ’
673 978 781 1040 οὖν
799 983 967 1058 μύθῳ
994 987 1198 1057 σμικρά
1227 986 1283 1057 γ’
1309 991 1388 1043 ἔτι
1419 992 1848 1061 προσχρηστέον,
1880 992 1929 1044 εἰ

230 1071 503 1139 μέλλομεν
524 1069 769 1137 ἐμμελῶς
788 1085 905 1131 πως
926 1069 1168 1138 δηλῶσαι
1185 1066 1247 1123 τὸ
1268 1075 1376 1125 νῦν
1395 1072 1783 1141 ἐρωτώμενον;

372 1154 490 1204 ΚΛ.
526 1147 691 1204 Πάνυ
710 1149 813 1219 μὲν
833 1142 954 1204 οὖν.

372 1234 455 1285 VI.
495 1238 614 1288 ΑΘ.
653 1228 883 1287 Οὐκοῦν
913 1229 1015 1302 χρὴ
1038 1230 1213 1303 ταύτῃ
1245 1235 1403 1305 δρᾷν.
1441 1238 1557 1288 τῶν
1584 1254 1693 1305 γαρ
1723 1231 1791 1304 δὴ
1821 1234 1927 1289 πό-

162 1327 195 1367 Β
234 1320 396 1384 λεων,
419 1304 501 1368 ὦν
520 1316 805 1384 ἔμπροσθε
823 1335 924 1379 τας
952 1314 1295 1385 ξυνοικήσεις
1323 1314 1648 1387 διήλθομεν,
1678 1319 1756 1372 ἔτι
1786 1335 1928 1386 προ·
1973 1337 1976 1340 ·

230 1398 361 1465 τέρα
379 1394 596 1451 τούτων
611 1396 876 1467 πάμπολυ
897 1400 1115 1467 λέγεταί
1130 1417 1210 1461 τις
1230 1393 1369 1466 ἀρχή
1398 1417 1458 1451 τε
1478 1398 1569 1452 καὶ
1594 1404 1804 1468 οἴκησις
1832 1419 1927 1467 γε-

228 1480 456 1548 γονέναι
491 1479 578 1533 ἐπὶ
604 1477 835 1544 Κρόνου
869 1476 1005 1548 μάλ’
1041 1474 1340 1548 εὐδαίμων,
1379 1469 1444 1548 ἧς
1481 1481 1694 1549 μίμημα
1723 1478 1925 1549 ἔχουσά

230 1561 380 1614 ἐστιν
400 1556 515 1629 ἥτις
533 1564 646 1613 τῶν
667 1565 777 1614 νῦν
795 1557 991 1629 ἄριστα
1012 1562 1253 1615 οἰκεῖ-ται.

371 1645 490 1696 ΚΛ.
535 1638 757 1711 Σφό,δρ’
801 1640 899 1712 ἄν,
945 1638 1018 1705 ὠς
1065 1639 1230 1711 ἔοικ’,
1278 1648 1360 1711 εἴη
1411 1642 1535 1708 περὶ
1581 1639 1751 1709 αὐτῆς
1799 1642 1927 1695 δέον

231 1720 476 1778 ἀκούειν.

375 1811 509 1861 ΑΘ..
531 1803 676 1876 Ἐμοὶ
697 1810 842 1876 γοῦν
862 1810 1144 1878 φαίνεται·
1186 1804 1270 1861 διὸ
1294 1806 1385 1863 καὶ
1405 1803 1731 1878 παρήγαγον
1750 1803 1927 1877 αὐτὴν

232 1892 309 1952 εἰς
326 1887 388 1943 τὸ
410 1891 582 1958 μέσον
599 1898 713 1953 τοῖς
730 1887 930 1959 λόγοις.
1958 1900 1963 1902 ’

371 1974 492 2026 ΚΛ.
524 1967 837 2038 Ὀρθότατά
854 1993 916 2042 γε
947 1974 1124 2042 δρῶν·
1159 1972 1252 2027 καὶ
1279 1970 1380 2027 τόν
1402 1991 1465 2041 γε
1496 1971 1615 2042 ἑξῆς
1645 1973 1926 2039 περαίνων

172 2068 202 2110 C
233 2048 306 2109 ἂν
322 2057 533 2125 μῦθον,
553 2059 706 2122 εἴπερ
736 2053 1036 2125 προσήκων
1056 2054 1185 2124 ε’στί,
1207 2051 1342 2124 μάλ’
1364 2049 1552 2124 ὀρθῶς
1573 2049 1644 2108 ἂν
1663 2055 1890 2122 ποιοίης.

374 2144 494 2194 ΑΘ.
534 2141 824 2208 Δραστέον
862 2135 935 2203 ὡς
971 2139 1169 2208 λέγετε.
1226 2137 1419 2209 φήμην
1450 2142 1645 2193 τοίνυν
1681 2138 1924 2208 παραδε-

235 2225 481 2293 δέγμεθα
500 2228 597 2292 τῆς
614 2228 730 2277 τῶν
749 2221 874 2277 τότε
896 2227 1167 2293 μακαρίας
1194 2225 1349 2292 ζωῆς,
1384 2217 1456 2285 ὡς
1485 2218 1719 2290 ἄφθονά
1747 2240 1806 2274 τε
1834 2219 1927 2274 καὶ

236 2302 519 2374 αὐτόματα
539 2302 722 2358 πάντα
747 2302 907 2374 εἶχεν,
938 2300 970 2373 ἡ
994 2302 1052 2359 δὲ
1081 2301 1299 2358 τούτων
1329 2304 1472 2356 αἰτία
1499 2303 1714 2370 λέγεται
1743 2297 1927 2355 τοιάδε

232 2406 339 2450 τις·
377 2382 709 2456 γιγνώσκων
734 2382 763 2439 ὁ
795 2383 1018 2453 Κρόνος
1047 2383 1172 2454 ἄρα,
1201 2382 1460 2450 καθάπερ
1487 2379 1643 2451 ἡμεῖς
1672 2378 1923 2453 διεληλύ-
1973 2406 1976 2417 ·

233 2475 436 2538 θαμεν,
453 2463 531 2531 ,ὡς
549 2464 875 2537 ἀνθρωπεία
894 2465 1061 2535 φύσις
1079 2463 1309 2533 οὐδεμία
1329 2462 1492 2532 ἱκανὴ
1510 2461 1575 2516 τὰ
1590 2459 1925 2531 ἀνθρώπινα
1971 2485 1976 2512 ι

237 2552 525 2604 διοικοῦσα
547 2544 907 2619 αὐτοκράτωρ
928 2545 1109 2600 πάντα
1132 2545 1206 2616 μὴ
1238 2541 1340 2614 οὐχ
1348 2542 1576 2616 ὕβρεώς
1599 2563 1659 2597 τε
1688 2544 1780 2598 καὶ
1799 2538 1920 2597 άδι-

235 2636 356 2696 κίας
394 2637 765 2730 μεστοῦσθαι,
788 2626 947 2685 ταῦτ’
987 2621 1094 2685 οὖν
1135 2627 1534 2699 διανοούμενος
1570 2629 1763 2697 ἐφίστη
1800 2623 1936 2680 τότε·
1974 2629 1976 2635 ”

164 2728 200 2768 D
235 2714 493 2787 βασιλέας
516 2734 574 2768 τε
591 2715 684 2769 καὶ
712 2711 982 2783 ἄρχοντας
1009 2721 1126 2775 ταῖς
1145 2709 1370 2767 πόλεσιν
1387 2707 1546 2781 ἡμων
1566 2706 1670 2764 οὐκ
1691 2705 1925 2774 ἀνθρώ-
1945 2718 1967 2742 ’π

235 2815 392 2867 πους,
414 2792 551 2850 ἄλλα
571 2796 770 2865 γένους
787 2796 1077 2865 θειοτέρου
1093 2814 1152 2849 τε
1171 2795 1263 2849 καὶ
1292 2792 1601 2865 ἀμείνονος,
1632 2794 1945 2862 δαίμονας·

237 2874 359 2937 οἷον
397 2884 506 2933 νῦν
540 2874 693 2949 ἡμεῖς
731 2881 951 2950 δρωμεν
978 2887 1089 2943 τοῖς
1123 2880 1399 2948 ποιμνίοις
1428 2877 1520 2932 καὶ
1553 2871 1704 2930 ὅσων
1730 2870 1946 2944 ῆμεροίὶ
