1976 3172
247 222 350 276 116
861 229 1335 278 ΠΛΑΤΩΝΟΣ
1375 215 1389 223 ‘

246 361 438 427 φέρον,
458 355 608 423 ὅπως
627 355 779 428 ἄρξει
797 380 855 415 τε
885 358 970 415 ἀεὶ
997 362 1088 416 καὶ
1117 360 1189 432 μὴ
1220 362 1680 434 καταλυθήσεται,
1711 366 1802 418 καὶ
1830 362 1929 419 τὸν

245 438 573 508 φύσεινὸρον
592 445 694 495 τοῦ
714 443 932 497 δικαίου
953 444 1218 512 λέγεσθαι
1236 441 1497 499 κάλλισθ’
1523 442 1716 508 οὕτως.

387 527 506 578 ΚΛ.
541 526 699 589 Ile-293

386 609 503 659 AQ.
526 601 644 659 Ὅτι
662 603 724 660 τὸ
743 609 846 660 τοῦ
864 610 1180 675 κρείττονος
1198 606 1479 699 ξυμφέρον
1499 607 1626 662 ε’στί.

386 689 505 740 ΚΛ.
545 683 676 755 Ae'y’
710 690 788 741 ἔτι
806 691 1162 758 σαφέστερον.

386 771 506 821 ΑΘ.
533 757 676 821 Ὧδε.
709 772 923 823 τίθεται
950 767 1017 838 δή
1038 787 1167 838 που,
1195 774 1348 868 φασί,
1379 771 1509 833 τοὺς
1536 769 1744 840 νόμους
1773 772 1834 824 ἐν
1863 771 1928 839 τῇ

249 847 405 903 πόλει
425 845 683 901 ἑκάστοτε
702 845 764 903 τὸ
786 854 1048 919 κρατοῦν.
1085 852 1119 921 ἡ
1144 851 1278 921 γάρ;

385 930 502 982 KA.
535 924 765 1026 ’Λληθῆῗ
763 931 949 998 λέγεις.

182 1020 219 1060 D
387 1014 506 1064 AQ.
535 1001 650 1078 Αρ’
692 1011 801 1081 οὐν
835 1017 956 1079 οἴει,
994 1015 1149 1080 φασί,
1188 1010 1319 1065 ποτὲ
1349 1015 1528 1082 δῆμον
1555 1013 1858 1084 νικήσαντα
1893 1009 1928 1081 ἤ

243 1111 369 1146 τινα
396 1094 676 1146 πολιτείαν
712 1090 888 1162 ἄλλην
924 1088 961 1162 ἢ
997 1093 1090 1147 καὶ
1116 1090 1398 1160 τύραννον
1423 1093 1705 1163 θήσεσθαι
1732 1094 1929 1149 ἑκόντα

241 1170 384 1241 πρὸς
403 1171 539 1227 ἄλλο
571 1193 623 1227 τι
658 1178 886 1241 πρῶτον
916 1174 1126 1244 νόμους
1153 1168 1191 1243 ἦ
1219 1171 1281 1229 τὸ
1313 1176 1602 1244 συμφέρον
1632 1174 1808 1248 ἑαυτῷ
1835 1179 1930 1244 τῆς

245 1250 414 1325 ἀρχῆς
431 1258 533 1309 τοῦ
559 1257 779 1324 μένειν;

383 1341 503 1390 ΚΛ.
538 1341 668 1400 Πῶς
684 1334 793 1406 γὰρ
819 1327 943 1403 ἄν;’

383 1422 502 1472 ΑΘ.
545 1417 775 1473 Οὐκοῦν
790 1420 881 1474 καὶ
901 1417 961 1483 ὃς
980 1416 1050 1473 ἄν
1070 1423 1242 1476 ταῦτα
1261 1417 1325 1472 τόι
1345 1420 1576 1472 τεθέντα
1595 1421 1925 1488 παραβαίνῃ,

243 1497 468 1554 κολάσει
487 1495 515 1555 ὁ
534 1501 772 1568 θέμενος
793 1496 865 1564 ὡς
883 1497 1203 1569 ἀδικοῦντα,
1226 1502 1408 1554 δίκαια
1441 1497 1580 1554 εἶναι
1610 1496 1763 1553 ταῦτ’
1797 1500 1928 1553 ἐπο-

244 1580 528 1652 νομάζων;

385 1668 504 1720 KA.
528 1661 709 1718 Ἕοικε
728 1667 888 1733 γοῦν.

385 1750 501 1800 ΑΘ.
548 1743 720 1800 Ταῦτ’
758 1741 848 1814 ἄρ’
884 1740 967 1800 ἀεὶ
1003 1745 1094 1799 καὶ
1118 1742 1265 1800 οὕτω
1294 1745 1386 1801 καὶ
1414 1742 1586 1816 ταύτῃ
1622 1743 1684 1799 τὸ
1715 1746 1927 1800 δίκαιον

241 1821 317 1881 ’ἂν
334 1829 461 1897 ἔχοι.

383 1912 502 1962 KA.
546 1909 689 1978 Φησὶ
711 1912 853 1977 γοῦν
873 1899 1035 1972 οὗτος
1053 1906 1081 1962 ὁ
1105 1909 1281 1978 λόγος.

181 2003 216 2043 Ε
389 1993 508 2043 ΑΘ.
533 1987 687 2044 Ἔστι
704 1986 813 2061 γὰρ
833 1993 998 2045 τοῦτο
1021 1991 1084 2045 ἓν
1101 1993 1332 2046 ἐκείνων
1348 1994 1464 2045 τῶν
1483 1986 1806 2059 ἀξιωμάτων
1825 1984 1927 2055 άρ-

241 2073 340 2147 χῆς
363 2070 504 2140 πέρι.

383 2157 503 2206 ΚΛ.
539 2154 732 2206 Ποίων
751 2151 823 2222 δή
834 2175 847 2216 ;

383 2237 500 2285 ΑΘ.
545 2236 674 2286 Τῶν
705 2229 741 2286 ἂ
768 2233 893 2287 τότε
922 2233 1358 2302 ἐπεσκοποῦμεν,
1385 2236 1538 2296 τίνας
1555 2236 1723 2286 τίνων
1740 2229 1929 2302 ἄρχειν

242 2314 337 2366 δεῖ.
376 2313 470 2365 καὶ
492 2312 672 2382 ἐφάνη
693 2312 760 2382 δὴ
780 2313 979 2381 γονέας
996 2317 1098 2383 μὲν
1125 2313 1394 2384 ἐκγόνων,
1415 2313 1702 2383 νεωτέρων
1721 2310 1779 2366 δὲ
1803 2329 1926 2381 πρε-

242 2394 564 2462 σβυτέρους,
601 2398 895 2460 γενναίους
931 2394 992 2449 δὲ
1028 2394 1300 2466 ἀγεννῶν,
1339 2399 1438 2450 καὶ·
1477 2392 1652 2463 συχνοὶ
1688 2393 1822 2447 ἄττα
1852 2386 1929 2462 ἦν

242 2471 376 2542 ἄλλ’,
399 2477 449 2528 εἰ
463 2473 809 2545 μεμνήμεθα,
830 2477 922 2529 καὶ
936 2474 1171 2545 ἐμπόδια
1190 2477 1348 2546 ἕτερα
1366 2477 1618 2544 ἑτέροισι·
1639 2475 1731 2527 καὶ
1750 2470 1817 2542 δὴ
1836 2474 1929 2527 καὶ

128 2569 213 2616 715
242 2555 305 2608 ἓν
322 2548 397 2624 ἦν
417 2552 603 2611 αὐτῶν
629 2559 813 2625 τοῦτο,
845 2557 939 2610 καὶ
959 2559 1171 2626 ἔφαμέν
1187 2573 1298 2609 που
1316 2553 1455 2610 κατὰ
1475 2553 1652 2624 φύσιν
1668 2553 1767 2608 τὸν
1785 2558 1928 2608 Πίν-

244 2634 464 2707 δαρον’
439 2634 597 2707 α’γειν
616 2640 944 2694 δικαιοῦντα
963 2635 1027 2693 τὰ
1043 2638 1378 2710 βιαιότατον,
1403 2635 1478 2703 ὡς
1497 2635 1685 2707 φάναι.

384 2723 503 2771 KA.
543 2723 675 2789 Ναί,
694 2716 854 2774 ταυτ’
877 2713 954 2790 ἧν
973 2716 1008 2775 ἃ
1025 2717 1147 2775 τότε
1173 2720 1383 2790 ἐλέχθη.

384 2804 502 2855 ΛΘ.
535 2799 749 2856 Σκόπει
768 2803 834 2872 δὴ
858 2804 1108 2872 ποτέροις
1126 2799 1316 2858 τισὶν’
1289 2824 1323 2873 η
1345 2801 1503 2867 πόλις
1520 2799 1652 2873 ἡμῖν
1679 2802 1790 2857 ἐστὶ
1818 2783 1976 2910 noc-5
