1976 3172
267 143 372 194 202
878 144 1362 198 ΠΛΑΤΩΝΟΣ

267 279 482 331 ἐννοεῖν
499 273 600 347 χρὴ
620 276 748 332 τόδε
765 262 900 347 παρ’
921 274 1124 348 αὐτοῖς,
1147 275 1221 342 ῶς
1241 276 1429 332 ἅπασα
1440 278 1585 350 ψυχὴ
1601 284 1814 351 δείμασι
1827 285 1948 348 ξυν-

266 365 406 413 οῦσα
436 360 497 413 ἐκ
527 359 673 414 νέων
703 365 914 429 μᾶλλον
942 354 1014 415 ἀν
1032 357 1122 415 διά
1153 358 1349 431 φόβων
1369 362 1599 426 ἐθίζοιτο
1628 367 1945 432 γίγνεσθαι·

264 447 429 496 τοῦτο
450 443 514 496 δέ
529 458 641 495 που
660 446 767 506 πᾶς
790 437 863 496 ἀν
881 446 1016 513 φαίη
1047 445 1249 507 δειλίας
1281 440 1536 514 ἄσκησιν,
1557 442 1682 500 ἀλλ’
1712 444 1815 501 οὐκ
1846 445 1949 502 ἀν·-

267 525 452 590 δρείας
468 528 776 594 γίγνεσθαι.

314 640 315 643 =
407 610 525 660 KA.
563 611 695 671 Πῶς
711 607 820 676 γὰρ
842 603 937 671 οὕς

406 692 525 742 ΑΘ.
569 685 643 742 T&
676 688 740 743 δέ
767 708 831 757 γε
858 689 1111 743 ἐναντίον
1130 684 1387 756 ἀνδρείας
1406 682 1477 742 ἀν
1497 698 1703 759 φαῖμεν
1722 691 1781 744 ἐκ
1804 691 1947 745 νέων

207 774 240 816 C
267 764 442 831 εὐθύς
463 767 799 843 ἐπιτήδευμα
831 766 972 824 εἶναι
1002 766 1063 824 τὰ
1085 774 1252 840 νικᾷν
1280 767 1346 824 τά
1372 768 1786 838 προσπίπτονθ’
1817 768 1950 841 ἡμῖν

266 847 493 917 δείματά
511 867 571 901 τε
590 849 678 901 καὶ
702 845 930 917 φόβους.

405 932 525 998 KA.
558 925 783 998 Ὀρθῶς.

411 1015 527 1065 ΑΘ.
553 1006 652 1065 Ἓν
670 1007 737 1080 δὴ
767 1011 859 1065 καὶ
889 1014 1054 1065 τοῦτο
1085 1013 1162 1075 εἰς
1190 1015 1369 1080 ψυχῆς
1397 1010 1598 1082 μόριον
1621 1011 1814 1082 ἀρετῆς
1849 1011 1952 1083 τὴν

264 1098 378 1147 τῶν
389 1097 672 1157 παντελῶς
683 1095 900 1147 παίδων
918 1090 1302 1164 γυμναστικὴν
1320 1095 1380 1148 έν
1399 1103 1516 1157 ταῖς
1535 1091 1783 1163 κινήσεσι
1813 1096 1952 1164 μέγα

265 1171 398 1244 ἡμῖν
418 1179 614 1244 φῶμεν
633 1173 1064 1246 ξυμβάλλεσθαι.

406 1260 525 1310 ΚΛ.
561 1254 728 1309 Πάνυ
747 1253 849 1326 μὲν
871 1249 991 1311 οὖν.

408 1343 526 1392 ΑΘ.
565 1338 676 1391 Καὶ
694 1334 807 1408 μὴν
824 1337 888 1393 τό
906 1359 970 1408 γε
981 1335 1057 1409 μὴ
1081 1337 1359 1392 δύσκολον
1377 1340 1438 1393 ἐν
1457 1345 1607 1410 ψυχῇ
1626 1340 1717 1394 καὶ
1735 1337 1797 1394 τὸ
1819 1339 1950 1404 δύς-

266 1425 438 1474 κολον
458 1416 526 1473 οὐ
546 1417 785 1489 σμικρὸν
814 1418 1015 1488 μόριον
1044 1416 1308 1488 εὐψυχίας
1337 1421 1430 1474 καὶ
1458 1423 1798 1489 κακοψυχίας
1824 1419 1950 1474 ἑκά-

266 1520 431 1571 τερον
452 1497 789 1569 γιγνόμενον
808 1496 1039 1569 γίγνοιτ’
1064 1498 1148 1554 ἀν.

406 1584 524 1637 ΚΛ.
557 1585 688 1642 Πῶς
708 1576 761 1632 δ’
786 1577 880 1644 οὕς
1028 1580 1032 1583 ’

196 1669 233 1710 D
407 1666 528 1716 ΛΘ.
571 1664 708 1715 Τίνα
727 1652 833 1714 οὖν
852 1655 926 1714 ἀν
943 1659 1155 1730 τρόπον
1173 1657 1351 1725 εὐθύς
1370 1658 1637 1731 ἐμφύοιθ’
1661 1658 1793 1732 ἡμῖν
1811 1656 1951 1715 ὁπό-

267 1761 431 1810 τερον
465 1742 838 1813 βουληθεῖμεν
871 1745 947 1812 τςό
986 1751 1248 1811 νεογενεῖ,
1288 1741 1514 1811 φράζειν
1557 1739 1624 1812 δὴ
1663 1743 1949 1811 πειρατέον

269 1821 419 1888 ὅπως
433 1845 514 1888 τις
534 1824 625 1878 καὶ
649 1820 788 1878 καθ’
811 1821 948 1878 ὅσον
967 1821 1194 1894 εὐπορεῖ
1205 1822 1434 1879 τούτων.

408 1910 527 1960 ΚΛ.
561 1909 690 1968 Πῶς
706 1904 814 1975 γὰρ
834 1902 905 1959 οὔ
916 1929 930 1971 ;

408 1989 493 2041 111.
532 1991 651 2042 ΑΘ.
688 1989 846 2057 Λέγω
867 1984 934 2056 δὴ
953 1986 1015 2041 τό
1044 2005 1107 2055 γε
1135 1984 1265 2055 παρ’
1296 1983 1429 2056 ἡμῖν
1458 1985 1653 2055 δόγμα,
1686 1981 1758 2047 ὡς
1785 1981 1820 2054 ἡ
1850 1986 1951 2054 μὲν

269 2067 454 2140 τρυφὴ
491 2065 736 2124 δύσκολα
765 2068 857 2123 καὶ
885 2066 1166 2138 ἀκράχολα
1193 2069 1286 2123 καὶ
1314 2069 1537 2138 σφόδρα
1564 2063 1670 2120 ἀπὸ
1703 2071 1951 2136 σμικρῶν

269 2149 576 2220 κινούμενα
594 2147 662 2205 τὰ
681 2154 795 2205 τῶν
825 2152 971 2205 νέων
999 2148 1116 2220 ἤθη
1145 2147 1522 2219 ἀπεργάζεται,
1552 2145 1615 2202 τὸ
1648 2146 1707 2202 δὲ
1737 2145 1950 2201 τούτων

269 2232 540 2300 ἐναντίον,
555 2230 597 2301 ’ἥ
614 2252 672 2286 τε
691 2229 912 2303 σφοδρὰ
933 2233 1024 2287 καὶ
1043 2229 1209 2302 ἀγρία
1232 2231 1519 2299 δούλωσις,
1548 2225 1842 2292 ταπεινοὺς
1861 2229 1973 2282 καὶ»

270 2311 677 2386 ἀνελευθέρους
698 2314 790 2368 καὶ
809 2314 1245 2383 μισανθρώπους
1272 2318 1512 2367 ποιοῦσα
1541 2309 1952 2378 ἀνεπιτηδείους

269 2395 560 2458 ξυνοίκους
578 2389 843 2447 ἀποτελεῖ.

202 2483 235 2523 Ε
411 2479 530 2529 ΚΛ.
569 2478 701 2538 Πῶς
721 2467 828 2528 οὖν
852 2470 917 2543 δὴ
938 2471 1040 2541 χρὴ
1067 2471 1133 2526 τὰ
1151 2472 1312 2540 μήπω
1335 2475 1526 2540 φωνῆς
1544 2471 1793 2534 ξυνιέντα
1814 2466 1951 2536 μηδὲ

270 2561 518 2622 παιδείας
536 2561 632 2628 τῆς
650 2555 819 2627 ἄλλης
838 2552 1046 2611 δυνατοὶ
1066 2554 1340 2629 γεύεσθαί
1361 2574 1446 2609 πω
1474 2557 1697 2623 τρέφειν
1724 2549 1826 2622 τὴν
1844 2551 1953 2606 πό-

270 2648 359 2695 λιν
378 2637 629 2705 ἅπασαν;

409 2727 528 2776 ΑΘ.
559 2714 690 2775 Ὧδέ
723 2739 861 2785 πως·
901 2713 1254 2790 φθέγγεσθαί
1288 2737 1397 2772 που
1434 2713 1567 2786 μετὰ
1603 2720 1738 2786 βοῆς
1774 2711 1950 2777 εὐθὺς

269 2807 384 2857 πᾶν
403 2809 570 2858 εἴωθε
587 2800 648 2857 τό
669 2801 1038 2873 γεννώμενον,
1060 2802 1150 2856 καὶ
1169 2799 1270 2869 οὐχ
1289 2798 1484 2870 ἥκιστα
1505 2796 1566 2852 τὸ
1586 2801 1699 2851 τῶν
1719 2792 1950 2863 ἀνθρώ-
