1976 3172
228 115 332 169 286
506 94 507 100 '
848 116 1321 163 ΠΛΑΤΩΝΟΣ

106 262 193 307 861
227 249 417 321 μάτων
444 251 660 319 μείζους
687 245 788 312 τὰς
809 251 999 318 ζημίας
1017 246 1296 318 θήσομεν,
1325 255 1439 305 τῶν
1465 249 1516 304 δ’
1549 251 1834 319 ἐλάττους;
1868 252 1906 324 ἢ

222 327 449 385 πάντων
478 331 534 394 ἐξ
564 335 701 399 ἴσης,
733 349 808 394 ως
829 325 933 383 οὐκ
962 326 1143 383 ὄντων
1170 326 1524 400 ἀδικημάτων
1551 329 1612 387 τὸ
1645 333 1906 403 παράπαν

219 410 516 475 ἕκουσίων;

358 497 477 547 ΚΛ.
513 489 728 561 Ὀρθως
744 492 932 561 μέντοι
948 492 1138 560 λέγεις,
1161 513 1201 546 ω
1225 495 1370 557 ξένε·
1403 497 1494 549 καὶ
1525 495 1742 560 τούτοις
1763 494 1828 566 δὴ
1854 503 1908 552 τί

216 573 538 645 χρησόμεθα
557 584 669 636 τοῖς
687 576 797 626 νῦν
815 575 1157 642 λεγομένοιςς

356 662 475 711 ΑΘ.
511 659 711 718 Καλῶς
734 652 892 726 ἤρου.
941 661 1163 725 πρῶτον
1193 657 1295 726 μὲν
1327 661 1520 729 τοίνυν
1554 656 1742 725 αὐτοῖς
1776 659 1903 716 τόδε
1943 711 1948 715 .

213 735 564 806 χρησώμεθα.

353 821 472 871 ΚΛ.
519 813 591 869 Τὰ
616 826 808 881 ποῖον;
1502 885 1514 888 -

351 899 432 950 VI.
468 900 587 950 ΑΘ.
623 892 1112 966 Ἀναμνησθῶμεν,
1144 895 1216 960 ὡς
1237 901 1552 968 ἔμπροσθεν
1569 908 1678 957 νῦν
1706 899 1773 972 δὴ
1800 923 1901 956 κα-

211 985 320 1043 λως
344 979 623 1048 ἐλέγομεν,
644 974 730 1030 ότι
749 974 959 1044 περὶτὰ
977 980 1160 1033 δίκαια
1190 985 1274 1053 εἴη
1306 981 1601 1052 παμπόλλη
1631 1004 1712 1047 τις
1740 981 1899 1053 ἡμων

209 1061 419 1132 ταραχή
439 1082 496 1117 τε
517 1061 610 1116 καὶ
626 1058 978 1130 ἀσυμφωνία,
1015 1065 1181 1116 τοῦτο
1202 1061 1263 1117 δὲ
1290 1061 1556 1133 λαβόντες
1575 1062 1744 1119 πάλιν
1764 1067 1899 1134 ἐρω-

151 1160 184 1201 Β
214 1165 399 1215 τωμεν
426 1139 572 1214 ημᾶς
600 1139 833 1206 αὐτούς·
868 1135 962 1213 αρ’
998 1135 1105 1198 οὖν
1132 1145 1260 1215 περὶ
1286 1141 1390 1215 τὴν
1422 1145 1638 1201 τούτων
1663 1143 1901 1218 ἀπορίαν

208 1224 316 1282 οὔτ’
342 1222 950 1296 ἐξευπορήσαντεςούτε
971 1225 1364 1297 διορισάμενοι,
1384 1230 1441 1282 τί
1458 1225 1573 1283 ποτ’
1593 1229 1709 1284 ἐστὶ
1727 1235 1900 1283 ταῦτα

207 1306 461 1379 ἀλλήλων
500 1308 857 1378 διαφέροντα,
892 1303 927 1361 ὁὶ
959 1305 1026 1377 δὴ
1064 1304 1203 1362 κατὰ
1241 1306 1421 1373 πάσας
1446 1306 1546 1373 τὰς
1573 1307 1759 1374 πόλεις
1786 1307 1897 1365 ὑπὸ

208 1394 539 1460 νομοθετῶν
556 1387 786 1443 πάντων
805 1393 919 1442 τῶν
950 1386 1174 1443 πώποτε
1200 1393 1520 1459 γενομένων
1540 1387 1614 1453 ὥς
1643 1390 1746 1445 δύο
1777 1394 1896 1461 εἴδη

205 1476 321 1526 τῶν
350 1467 708 1539 ἀδικημάτων
745 1466 898 1537 ὅντα,
927 1468 995 1523 τὰ
1030 1467 1133 1538 μὲν
1165 1469 1408 1540 ἑκούσια,
1439 1469 1506 1524 τὰ
1545 1469 1604 1525 δὲ
1640 1469 1893 1541 ἀκούσια,

205 1552 381 1623 ταύτῃ
409 1552 501 1606 καὶ
529 1556 939 1620 νομοθετεῖται·
984 1547 1013 1604 ὁ
1044 1551 1104 1605 δὲ
1125 1548 1258 1621 παρ’
1288 1546 1448 1621 ἡμῶν
1470 1556 1581 1606 νῦν
1609 1550 1675 1622 δὴ
1706 1554 1897 1623 ῥηθεὶς

205 1633 386 1703 λόγος,
409 1630 595 1699 ὥσπερ
618 1629 767 1700 παρὰ
796 1634 943 1685 θεοῦ
959 1635 1192 1701 λεχθείς,
1213 1638 1485 1688 τοσοῦτον
1516 1632 1695 1704 μόνον
1723 1631 1896 1691 εἰπών

204 1714 590 1782 ἀπαλλάξεται,
620 1712 753 1777 δοὺς
791 1715 851 1768 δὲ
885 1710 1092 1768 οὐδένα
1127 1713 1319 1786 λόγον,
1340 1712 1430 1784 ,ὡς
1467 1714 1656 1787 ὀρθῶς
1692 1724 1893 1788 εἴρηκε,

147 1815 179 1858 c
210 1794 720 1867 κατανομοθετήσει
743 1792 874 1850 τινὰ.
899 1794 1139 1864 τρόπους
1178 1793 1285 1852 οὐκ
1313 1799 1478 1867 ἔστιν,
1507 1794 1648 1853 ἀλλὰ
1678 1796 1893 1869 ἀνάγκη

202 1899 320 1944 πως
357 1883 532 1934 ταῦτα
567 1881 888 1948 ἔμπροσθεν
911 1882 1014 1932 τοῦ
1049 1886 1378 1948 νομοθετεῖν
1415 1880 1657 1949 δηλῶσαι
1693 1879 1797 1935 δύο
1834 1900 1893 1935 τε

202 1959 339 2017 ὄντα
369 1962 463 2016 καὶ
491 1957 596 2030 τὴν
626 1954 908 2029 διαφορὰν
944 1956 1216 2030 ἀλλήλων,
1238 1962 1349 2031 ἵνα,
1381 1957 1516 2015 ὅταν
1545 1961 1782 2035 ἑκατέρω
1813 1983 1894 2028 τις

201 2041 305 2113 τὴν
334 2047 496 2114 δίκην
525 2043 764 2113 ἐπιτιθῇ,
796 2047 903 2106 πᾶς
933 2043 1294 2113 ἐπακολουθῇ
1313 2052 1427 2107 τοῖς
1455 2045 1770 2113 λεγομένοις
1799 2046 1893 2099 καὶ

202 2122 439 2189 δυνατὸς
466 2116 506 2196 ᾗ
526 2122 592 2179 τό
621 2144 679 2179 τε
707 2123 1033 2194 πρεπόντως
1064 2122 1232 2180 τεθὲν
1257 2120 1371 2196 ἁμῇ
1400 2125 1468 2194 γέ
1488 2143 1566 2197 πη
1587 2135 1772 2195 κρῖναι
1799 2126 1893 2180 καὶ

201 2202 262 2260 v&
287 2205 378 2275 μή

345 2292 461 2341 ΚΛ.
500 2293 702 2352 Καλως
733 2286 868 2359 ἡμῖν
898 2296 1085 2359 φαινει
1111 2290 1309 2359 λέγειν,
1342 2311 1384 2344 ω
1415 2290 1557 2354 ξένε·
1599 2291 1758 2343 δυοῖν
1780 2287 1888 2357 γὰρ

200 2369 446 2439 θάτερον
463 2365 607 2440 ἡμας
632 2371 829 2439 χρεών,
860 2366 897 2439 ἦ
923 2370 997 2440 μὴ
1029 2371 1210 2439 λέγειν
1237 2392 1313 2434 ως
1344 2370 1527 2424 πάντα
1554 2366 1790 2423 ἀκούσια
1819 2367 1888 2423 τά

201 2446 576 2522 ἀδικήματα,’
549 2474 584 2522 η
605 2457 769 2506 τοῦτο
783 2447 865 2515 ὥς
892 2449 1080 2521 ὀρθως
1109 2458 1319 2521 εἴρηται
1349 2455 1572 2521 πρῶτον
1603 2451 1887 2520 διορίσαν-

137 2550 172 2590 D
202 2554 300 2599 τας
330 2536 589 2604 δηλῶσαι.
1830 2604 1833 2606 v

343 2622 462 2671 ΑΘ.
506 2613 747 2670 Τούτοιν
760 2618 957 2670 τοίνυν
970 2624 1094 2670 τοῖν
1118 2616 1278 2669 δυοῖν
1305 2611 1368 2668 τὸ
1401 2611 1501 2684 μὲν
1525 2612 1629 2668 οὐκ
1649 2610 1886 2670 ἀνεκτὸν

201 2699 321 2769 ἐμοὶ
338 2695 558 2762 πάντως
577 2717 688 2753 που
703 2702 1014 2769 γίγνεσθαι,
1034 2696 1096 2753 τό
1115 2717 1177 2767 γε
1198 2694 1264 2766 δὴ
1285 2693 1356 2767 μὴ
1379 2699 1558 2766 λέγειν
1578 2694 1754 2760 οὕτως
1774 2693 1884 2751 οἰό-

203 2803 372 2853 μενον
392 2783 535 2851 ἕχειυ
562 2778 819 2851 τάληθέςμ
862 2780 931 2836 οὐ
958 2781 1066 2852 γάρ
1100 2775 1171 2836 ἂν
1198 2779 1436 2850 νόμιμον
1465 2777 1589 2835 οὐδ’
1620 2777 1778 2835 ὅσιον
1812 2773 1883 2832 ἂν
