<?xml version="1.0" encoding="UTF-8"?>
<!DOCTYPE html PUBLIC "-//W3C//DTD XHTML 1.0 Transitional//EN"
    "http://www.w3.org/TR/xhtml1/DTD/xhtml1-transitional.dtd">
<html xmlns="http://www.w3.org/1999/xhtml" xml:lang="en" lang="en">
 <head>
  <title>
</title>
<meta http-equiv="Content-Type" content="text/html;charset=utf-8" />
  <meta name='ocr-system' content='tesseract 3.04.00' />
  <meta name='ocr-capabilities' content='ocr_page ocr_carea ocr_par ocr_line ocrx_word'/>
</head>
<body>
  <div class='ocr_page' id='page_1' title='image "./dialogisecumdumt05platuoft_0108.png"; bbox 0 0 1976 3172; ppageno 0'>
   <div class='ocr_carea' id='block_1_1' title="bbox 240 143 1326 199">
    <p class='ocr_par' dir='ltr' id='par_1_1' title="bbox 240 143 1326 199">
     <span class='ocr_line' id='line_1_1' title="bbox 240 143 1326 199; baseline -0.006 -1"><span class='ocrx_word' id='word_1_1' title='bbox 240 146 307 199; x_wconf 88' lang='lat'><strong><em>76</em></strong></span> <span class='ocrx_word' id='word_1_2' title='bbox 858 143 1326 192; x_wconf 76' lang='grc' dir='ltr'><strong><em>ΠΛΑΤῼΝΟΣ</em></strong></span> 
     </span>
    </p>
   </div>
   <div class='ocr_carea' id='block_1_2' title="bbox 126 273 1926 2873">
    <p class='ocr_par' dir='ltr' id='par_1_2' title="bbox 237 273 1923 429">
     <span class='ocr_line' id='line_1_2' title="bbox 237 273 1923 350; baseline 0.001 -17"><span class='ocrx_word' id='word_1_3' title='bbox 237 277 292 349; x_wconf 86' lang='grc' dir='ltr'><strong><em>γ’</em></strong></span> <span class='ocrx_word' id='word_1_4' title='bbox 315 273 516 347; x_wconf 81' lang='grc' dir='ltr'><strong><em>ἐστὶνὴ</em></strong></span> <span class='ocrx_word' id='word_1_5' title='bbox 543 277 604 331; x_wconf 85' lang='grc' dir='ltr'><strong><em>ἐκ</em></strong></span> <span class='ocrx_word' id='word_1_6' title='bbox 634 281 885 348; x_wconf 73' lang='grc' dir='ltr'><strong><em>θερινῶν</em></strong></span> <span class='ocrx_word' id='word_1_7' title='bbox 914 280 989 341; x_wconf 83' lang='grc' dir='ltr'><strong><em>εἰς</em></strong></span> <span class='ocrx_word' id='word_1_8' title='bbox 1017 276 1083 331; x_wconf 75' lang='grc' dir='ltr'><strong><em>τοὶ</em></strong></span> <span class='ocrx_word' id='word_1_9' title='bbox 1111 275 1392 347; x_wconf 77' lang='grc' dir='ltr'><strong><em>χειμερινὰ</em></strong></span> <span class='ocrx_word' id='word_1_10' title='bbox 1420 282 1521 332; x_wconf 85' lang='grc' dir='ltr'><strong><em>τοῦ</em></strong></span> <span class='ocrx_word' id='word_1_11' title='bbox 1549 284 1694 333; x_wconf 82' lang='grc' dir='ltr'><strong><em>θεοῦ</em></strong></span> <span class='ocrx_word' id='word_1_12' title='bbox 1722 300 1923 350; x_wconf 84' lang='grc' dir='ltr'><strong><em>τρεπο-</em></strong></span> 
     </span>
     <span class='ocr_line' id='line_1_3' title="bbox 239 361 427 429; baseline -0.016 -14"><span class='ocrx_word' id='word_1_13' title='bbox 239 361 427 429; x_wconf 85' lang='grc' dir='ltr'><strong><em>μένου.</em></strong></span> 
     </span>
    </p>

    <p class='ocr_par' dir='ltr' id='par_1_3' title="bbox 378 436 1498 512">
     <span class='ocr_line' id='line_1_4' title="bbox 378 436 1498 512; baseline 0.001 -18"><span class='ocrx_word' id='word_1_14' title='bbox 378 445 498 495; x_wconf 87' lang='grc' dir='ltr'><strong><em>ΑΘ.</em></strong></span> <span class='ocrx_word' id='word_1_15' title='bbox 533 437 653 510; x_wconf 81' lang='grc' dir='ltr'><strong><em>Χρὴ</em></strong></span> <span class='ocrx_word' id='word_1_16' title='bbox 677 436 744 509; x_wconf 79' lang='grc' dir='ltr'><strong><em>δὴ</em></strong></span> <span class='ocrx_word' id='word_1_17' title='bbox 763 445 954 510; x_wconf 84' lang='grc' dir='ltr'><strong><em>ταῦτα,</em></strong></span> <span class='ocrx_word' id='word_1_18' title='bbox 978 436 1228 512; x_wconf 25' lang='grc' dir='ltr'><strong><em>ὦςιέοικε,</em></strong></span> <span class='ocrx_word' id='word_1_19' title='bbox 1255 451 1498 495; x_wconf 80' lang='grc' dir='ltr'><strong><em>σκοπεῖν.</em></strong></span> 
     </span>
    </p>

    <p class='ocr_par' dir='ltr' id='par_1_4' title="bbox 377 515 974 591">
     <span class='ocr_line' id='line_1_5' title="bbox 377 515 974 591; baseline -0.003 -15"><span class='ocrx_word' id='word_1_20' title='bbox 377 526 508 576; x_wconf 89' lang='grc' dir='ltr'><strong><em>ΜΕ.</em></strong></span> <span class='ocrx_word' id='word_1_21' title='bbox 546 520 713 585; x_wconf 69' lang='grc' dir='ltr'><strong><em>Πάνυ</em></strong></span> <span class='ocrx_word' id='word_1_22' title='bbox 733 521 834 591; x_wconf 82' lang='grc' dir='ltr'><strong><em>μὲν</em></strong></span> <span class='ocrx_word' id='word_1_23' title='bbox 854 515 974 575; x_wconf 77' lang='grc' dir='ltr'><strong><em>οὗν.</em></strong></span> 
     </span>
    </p>

    <p class='ocr_par' dir='ltr' id='par_1_5' title="bbox 237 601 1922 762">
     <span class='ocr_line' id='line_1_6' title="bbox 377 601 1922 678; baseline 0.001 -20"><span class='ocrx_word' id='word_1_24' title='bbox 377 609 496 668; x_wconf 89' lang='grc' dir='ltr'><strong><em>ΑΘ.</em></strong></span> <span class='ocrx_word' id='word_1_25' title='bbox 533 602 843 673; x_wconf 75' lang='grc' dir='ltr'><strong><em>Γενώμεθα</em></strong></span> <span class='ocrx_word' id='word_1_26' title='bbox 859 601 924 673; x_wconf 79' lang='grc' dir='ltr'><strong><em>δὴ</em></strong></span> <span class='ocrx_word' id='word_1_27' title='bbox 946 613 1062 667; x_wconf 89' lang='grc' dir='ltr'><strong><em>ταῖς</em></strong></span> <span class='ocrx_word' id='word_1_28' title='bbox 1081 605 1346 667; x_wconf 79' lang='grc' dir='ltr'><strong><em>διανοίαις</em></strong></span> <span class='ocrx_word' id='word_1_29' title='bbox 1377 605 1437 658; x_wconf 83' lang='grc' dir='ltr'><strong><em>ἐν</em></strong></span> <span class='ocrx_word' id='word_1_30' title='bbox 1463 609 1542 677; x_wconf 75' lang='grc' dir='ltr'><strong><em>τῷ</em></strong></span> <span class='ocrx_word' id='word_1_31' title='bbox 1575 603 1699 659; x_wconf 87' lang='grc' dir='ltr'><strong><em>τότε</em></strong></span> <span class='ocrx_word' id='word_1_32' title='bbox 1719 603 1922 678; x_wconf 79' lang='grc' dir='ltr'><strong><em>χρόνῳ,</em></strong></span> 
     </span>
     <span class='ocr_line' id='line_1_7' title="bbox 237 681 1921 769; baseline 0.001 -29"><span class='ocrx_word' id='word_1_33' title='bbox 237 681 327 740; x_wconf 91' lang='grc' dir='ltr'><strong><em>ότε</em></strong></span> <span class='ocrx_word' id='word_1_34' title='bbox 364 687 731 755; x_wconf 79' lang='grc' dir='ltr'><strong><em>Λακεδαίμων</em></strong></span> <span class='ocrx_word' id='word_1_35' title='bbox 775 688 877 755; x_wconf 78' lang='grc' dir='ltr'><strong><em>μὲν</em></strong></span> <span class='ocrx_word' id='word_1_36' title='bbox 922 685 1015 739; x_wconf 80' lang='grc' dir='ltr'><strong><em>καὶ</em></strong></span> <span class='ocrx_word' id='word_1_37' title='bbox 1043 683 1247 756; x_wconf 73' lang='grc' dir='ltr'><strong><em>’Ἄργος</em></strong></span> <span class='ocrx_word' id='word_1_38' title='bbox 1289 686 1379 740; x_wconf 88' lang='grc' dir='ltr'><strong><em>καὶ</em></strong></span> <span class='ocrx_word' id='word_1_39' title='bbox 1414 685 1686 769; x_wconf 83' lang='grc' dir='ltr'><strong><em>Μεσσήνη</em></strong></span> <span class='ocrx_word' id='word_1_40' title='bbox 1726 688 1819 743; x_wconf 84' lang='grc' dir='ltr'><strong><em>καὶ</em></strong></span> <span class='ocrx_word' id='word_1_41' title='bbox 1855 708 1921 741; x_wconf 92' lang='grc' dir='ltr'><strong><em>τα</em></strong></span> 
     </span>
    </p>

    <p class='ocr_par' dir='ltr' id='par_1_6' title="bbox 178 764 1925 1162">
     <span class='ocr_line' id='line_1_8' title="bbox 178 764 1917 865; baseline 0.001 -45"><span class='ocrx_word' id='word_1_42' title='bbox 178 775 213 815; x_wconf 92' lang='lat' dir='ltr'><strong>D</strong></span> <span class='ocrx_word' id='word_1_43' title='bbox 241 786 376 834; x_wconf 90' lang='grc' dir='ltr'><strong><em>μετα</em></strong></span> <span class='ocrx_word' id='word_1_44' title='bbox 400 766 617 822; x_wconf 85' lang='grc' dir='ltr'><strong><em>τούτων</em></strong></span> <span class='ocrx_word' id='word_1_45' title='bbox 625 765 920 865; x_wconf 80' lang='grc' dir='ltr'><strong><em>ὑποχείρια</em></strong></span> <span class='ocrx_word' id='word_1_46' title='bbox 940 777 1051 831; x_wconf 88' lang='grc' dir='ltr'><strong><em>τοῖς</em></strong></span> <span class='ocrx_word' id='word_1_47' title='bbox 1070 767 1367 836; x_wconf 87' lang='grc' dir='ltr'><strong><em>προγόνοις</em></strong></span> <span class='ocrx_word' id='word_1_48' title='bbox 1384 764 1560 836; x_wconf 81' lang='grc' dir='ltr'><strong><em>ὑμῶν,</em></strong></span> <span class='ocrx_word' id='word_1_49' title='bbox 1593 769 1635 820; x_wconf 78' lang='grc' dir='ltr'><em>ὠ</em></span> <span class='ocrx_word' id='word_1_50' title='bbox 1657 771 1917 837; x_wconf 86' lang='grc' dir='ltr'><strong><em>Μέγιλλε,</em></strong></span> 
     </span>
     <span class='ocr_line' id='line_1_9' title="bbox 240 846 1921 918; baseline 0.001 -17"><span class='ocrx_word' id='word_1_51' title='bbox 240 850 444 911; x_wconf 75' lang='grc' dir='ltr'><strong><em>ἱκανῶς</em></strong></span> <span class='ocrx_word' id='word_1_52' title='bbox 481 846 857 916; x_wconf 82' lang='grc' dir='ltr'><strong><em>ἐγεγόνει·τό</em></strong></span> <span class='ocrx_word' id='word_1_53' title='bbox 905 847 964 903; x_wconf 78' lang='grc' dir='ltr'><strong><em>δε</em></strong></span> <span class='ocrx_word' id='word_1_54' title='bbox 1002 846 1070 918; x_wconf 79' lang='grc' dir='ltr'><strong><em>δὴ</em></strong></span> <span class='ocrx_word' id='word_1_55' title='bbox 1113 846 1247 917; x_wconf 77' lang='grc' dir='ltr'><strong><em>μετὰ</em></strong></span> <span class='ocrx_word' id='word_1_56' title='bbox 1287 853 1450 903; x_wconf 88' lang='grc' dir='ltr'><strong><em>τοῦτο</em></strong></span> <span class='ocrx_word' id='word_1_57' title='bbox 1495 851 1684 913; x_wconf 80' lang='grc' dir='ltr'><strong><em>ἔδοξεν</em></strong></span> <span class='ocrx_word' id='word_1_58' title='bbox 1720 848 1921 916; x_wconf 82' lang='grc' dir='ltr'><strong><em>αὐτοῖς,</em></strong></span> 
     </span>
     <span class='ocr_line' id='line_1_10' title="bbox 241 926 1925 1001; baseline 0.002 -19"><span class='ocrx_word' id='word_1_59' title='bbox 241 926 314 992; x_wconf 75' lang='grc' dir='ltr'><strong><em>σός</em></strong></span> <span class='ocrx_word' id='word_1_60' title='bbox 338 949 400 997; x_wconf 88' lang='grc' dir='ltr'><strong><em>γε</em></strong></span> <span class='ocrx_word' id='word_1_61' title='bbox 419 931 631 998; x_wconf 81' lang='grc' dir='ltr'><strong><em>λέγεται</em></strong></span> <span class='ocrx_word' id='word_1_62' title='bbox 651 927 714 984; x_wconf 73' lang='grc' dir='ltr'><strong><em>’τό</em></strong></span> <span class='ocrx_word' id='word_1_63' title='bbox 734 933 838 984; x_wconf 84' lang='grc' dir='ltr'><strong><em>τοῦ</em></strong></span> <span class='ocrx_word' id='word_1_64' title='bbox 854 929 1064 999; x_wconf 84' lang='grc' dir='ltr'><strong><em>μύθου,</em></strong></span> <span class='ocrx_word' id='word_1_65' title='bbox 1091 937 1248 1001; x_wconf 84' lang='grc' dir='ltr'><strong><em>τριχῇ</em></strong></span> <span class='ocrx_word' id='word_1_66' title='bbox 1274 928 1336 984; x_wconf 81' lang='grc' dir='ltr'><strong><em>τὸ</em></strong></span> <span class='ocrx_word' id='word_1_67' title='bbox 1368 929 1685 1000; x_wconf 73' lang='grc' dir='ltr'><strong><em>στράτευμα</em></strong></span> <span class='ocrx_word' id='word_1_68' title='bbox 1717 933 1925 985; x_wconf 84' lang='grc' dir='ltr'><strong><em>διανεί-</em></strong></span> 
     </span>
     <span class='ocr_line' id='line_1_11' title="bbox 238 1008 1923 1090; baseline 0.001 -26"><span class='ocrx_word' id='word_1_69' title='bbox 238 1031 447 1090; x_wconf 83' lang='grc' dir='ltr'><strong><em>μαντας</em></strong></span> <span class='ocrx_word' id='word_1_70' title='bbox 464 1020 610 1081; x_wconf 91' lang='grc' dir='ltr'><strong><em>τρεῖς</em></strong></span> <span class='ocrx_word' id='word_1_71' title='bbox 627 1008 813 1075; x_wconf 85' lang='grc' dir='ltr'><strong><em>πόλεις</em></strong></span> <span class='ocrx_word' id='word_1_72' title='bbox 830 1013 1172 1078; x_wconf 80' lang='grc' dir='ltr'><strong><em>κατοικίζειν,</em></strong></span> <span class='ocrx_word' id='word_1_73' title='bbox 1193 1009 1412 1082; x_wconf 77' lang='grc' dir='ltr'><strong><em>’Ἀργος,</em></strong></span> <span class='ocrx_word' id='word_1_74' title='bbox 1444 1011 1769 1082; x_wconf 82' lang='grc' dir='ltr'><strong><em>Μεσσήνην,</em></strong></span> <span class='ocrx_word' id='word_1_75' title='bbox 1805 1016 1923 1065; x_wconf 87' lang='grc' dir='ltr'><strong><em>Λα-</em></strong></span> 
     </span>
     <span class='ocr_line' id='line_1_12' title="bbox 237 1095 552 1162; baseline 0 -16"><span class='ocrx_word' id='word_1_76' title='bbox 237 1095 552 1162; x_wconf 79' lang='grc' dir='ltr'><strong><em>κεδαίμονα.</em></strong></span> 
     </span>
    </p>

    <p class='ocr_par' dir='ltr' id='par_1_7' title="bbox 379 1165 974 1242">
     <span class='ocr_line' id='line_1_13' title="bbox 379 1165 974 1242; baseline -0.002 -16"><span class='ocrx_word' id='word_1_77' title='bbox 379 1178 508 1226; x_wconf 90' lang='grc' dir='ltr'><strong><em>ΜΕ.</em></strong></span> <span class='ocrx_word' id='word_1_78' title='bbox 547 1170 714 1226; x_wconf 73' lang='grc' dir='ltr'><strong><em>Πάνυ</em></strong></span> <span class='ocrx_word' id='word_1_79' title='bbox 732 1171 835 1242; x_wconf 76' lang='grc' dir='ltr'><strong><em>μὲν</em></strong></span> <span class='ocrx_word' id='word_1_80' title='bbox 853 1165 974 1227; x_wconf 76' lang='grc' dir='ltr'><strong><em>οὖν.</em></strong></span> 
     </span>
    </p>

    <p class='ocr_par' dir='ltr' id='par_1_8' title="bbox 238 1250 1922 1489">
     <span class='ocr_line' id='line_1_14' title="bbox 378 1250 1921 1326; baseline -0.001 -18"><span class='ocrx_word' id='word_1_81' title='bbox 378 1259 497 1308; x_wconf 90' lang='grc' dir='ltr'><strong><em>ΑΘ.</em></strong></span> <span class='ocrx_word' id='word_1_82' title='bbox 533 1254 643 1308; x_wconf 84' lang='grc' dir='ltr'><strong><em>Καὶ</em></strong></span> <span class='ocrx_word' id='word_1_83' title='bbox 674 1250 933 1323; x_wconf 80' lang='grc' dir='ltr'><strong><em>βασιλεὺς</em></strong></span> <span class='ocrx_word' id='word_1_84' title='bbox 968 1252 1070 1323; x_wconf 79' lang='grc' dir='ltr'><strong><em>μὲν</em></strong></span> <span class='ocrx_word' id='word_1_85' title='bbox 1098 1250 1337 1325; x_wconf 72' lang='grc' dir='ltr'><strong><em>’Ἄργους</em></strong></span> <span class='ocrx_word' id='word_1_86' title='bbox 1378 1253 1625 1326; x_wconf 84' lang='grc' dir='ltr'><strong><em>Τήμενος</em></strong></span> <span class='ocrx_word' id='word_1_87' title='bbox 1659 1257 1921 1324; x_wconf 79' lang='grc' dir='ltr'><strong><em>ἐγίγνετο,</em></strong></span> 
     </span>
     <span class='ocr_line' id='line_1_15' title="bbox 238 1333 1922 1409; baseline -0.002 -19"><span class='ocrx_word' id='word_1_88' title='bbox 238 1335 543 1409; x_wconf 84' lang='grc' dir='ltr'><strong><em>Μεσσήνης</em></strong></span> <span class='ocrx_word' id='word_1_89' title='bbox 562 1333 620 1389; x_wconf 82' lang='grc' dir='ltr'><strong><em>δε</em></strong></span> <span class='ocrx_word' id='word_1_90' title='bbox 636 1334 1019 1406; x_wconf 80' lang='grc' dir='ltr'><strong><em>Κρεσφόντης,</em></strong></span> <span class='ocrx_word' id='word_1_91' title='bbox 1045 1339 1458 1407; x_wconf 78' lang='grc' dir='ltr'><strong><em>Λακεδαίμονος</em></strong></span> <span class='ocrx_word' id='word_1_92' title='bbox 1478 1335 1537 1392; x_wconf 75' lang='grc' dir='ltr'><strong><em>δὲ</em></strong></span> <span class='ocrx_word' id='word_1_93' title='bbox 1551 1342 1812 1406; x_wconf 80' lang='grc' dir='ltr'><strong><em>Προκλῆς</em></strong></span> <span class='ocrx_word' id='word_1_94' title='bbox 1831 1335 1922 1390; x_wconf 85' lang='grc' dir='ltr'><strong><em>καὶ</em></strong></span> 
     </span>
     <span class='ocr_line' id='line_1_16' title="bbox 238 1415 620 1489; baseline 0 -18"><span class='ocrx_word' id='word_1_95' title='bbox 238 1415 620 1489; x_wconf 79' lang='grc' dir='ltr'><strong><em>Εὐρυσθένης.</em></strong></span> 
     </span>
    </p>

    <p class='ocr_par' dir='ltr' id='par_1_9' title="bbox 379 1497 923 1568">
     <span class='ocr_line' id='line_1_17' title="bbox 379 1497 923 1568; baseline 0 -15"><span class='ocrx_word' id='word_1_96' title='bbox 379 1505 510 1555; x_wconf 89' lang='grc' dir='ltr'><strong><em>ΜΕ.</em></strong></span> <span class='ocrx_word' id='word_1_97' title='bbox 549 1503 680 1564; x_wconf 80' lang='grc' dir='ltr'><strong><em>Πῶς</em></strong></span> <span class='ocrx_word' id='word_1_98' title='bbox 697 1497 804 1568; x_wconf 80' lang='grc' dir='ltr'><strong><em>γὰρ</em></strong></span> <span class='ocrx_word' id='word_1_99' title='bbox 826 1498 923 1566; x_wconf 82' lang='grc' dir='ltr'><strong><em>ού;</em></strong></span> 
     </span>
    </p>

    <p class='ocr_par' dir='ltr' id='par_1_10' title="bbox 379 1576 1925 1651">
     <span class='ocr_line' id='line_1_18' title="bbox 379 1576 1925 1651; baseline -0.001 -16"><span class='ocrx_word' id='word_1_100' title='bbox 379 1587 495 1636; x_wconf 89' lang='grc' dir='ltr'><strong><em>ΛΘ.</em></strong></span> <span class='ocrx_word' id='word_1_101' title='bbox 535 1581 647 1635; x_wconf 87' lang='grc' dir='ltr'><strong><em>Καὶ</em></strong></span> <span class='ocrx_word' id='word_1_102' title='bbox 673 1580 876 1645; x_wconf 79' lang='grc' dir='ltr'><strong><em>πάντες</em></strong></span> <span class='ocrx_word' id='word_1_103' title='bbox 905 1576 972 1650; x_wconf 83' lang='grc' dir='ltr'><strong><em>δὴ</em></strong></span> <span class='ocrx_word' id='word_1_104' title='bbox 1002 1579 1217 1645; x_wconf 80' lang='grc' dir='ltr'><strong><em>τούτοις</em></strong></span> <span class='ocrx_word' id='word_1_105' title='bbox 1247 1578 1473 1651; x_wconf 74' lang='grc' dir='ltr'><strong><em>ὤμοσαν</em></strong></span> <span class='ocrx_word' id='word_1_106' title='bbox 1493 1582 1549 1634; x_wconf 80' lang='lat' dir='ltr'><strong><em>oc</em></strong></span> <span class='ocrx_word' id='word_1_107' title='bbox 1563 1577 1686 1635; x_wconf 89' lang='grc' dir='ltr'><strong><em>τότε</em></strong></span> <span class='ocrx_word' id='word_1_108' title='bbox 1706 1577 1925 1650; x_wconf 86' lang='grc' dir='ltr'><strong><em>βοηθή-</em></strong></span> 
     </span>
    </p>

    <p class='ocr_par' dir='ltr' id='par_1_11' title="bbox 176 1660 1556 1733">
     <span class='ocr_line' id='line_1_19' title="bbox 176 1660 1556 1733; baseline 0.004 -21"><span class='ocrx_word' id='word_1_109' title='bbox 176 1672 209 1712; x_wconf 90' lang='grc' dir='ltr'><strong><em>Ε</em></strong></span> <span class='ocrx_word' id='word_1_110' title='bbox 241 1676 377 1733; x_wconf 90' lang='grc' dir='ltr'><strong><em>σειν,</em></strong></span> <span class='ocrx_word' id='word_1_111' title='bbox 398 1660 496 1717; x_wconf 79' lang='grc' dir='ltr'><strong><em>ἐάν</em></strong></span> <span class='ocrx_word' id='word_1_112' title='bbox 514 1683 594 1726; x_wconf 87' lang='grc' dir='ltr'><strong><em>τις</em></strong></span> <span class='ocrx_word' id='word_1_113' title='bbox 613 1660 717 1732; x_wconf 86' lang='grc' dir='ltr'><strong><em>τὴν</em></strong></span> <span class='ocrx_word' id='word_1_114' title='bbox 736 1666 1020 1732; x_wconf 88' lang='grc' dir='ltr'><strong><em>βασιλείαν</em></strong></span> <span class='ocrx_word' id='word_1_115' title='bbox 1036 1660 1223 1717; x_wconf 78' lang='grc' dir='ltr'><strong><em>αὐτῶν</em></strong></span> <span class='ocrx_word' id='word_1_116' title='bbox 1240 1664 1556 1733; x_wconf 82' lang='grc' dir='ltr'><strong><em>διαφθείρῃ.</em></strong></span> 
     </span>
    </p>

    <p class='ocr_par' dir='ltr' id='par_1_12' title="bbox 382 1742 783 1813">
     <span class='ocr_line' id='line_1_20' title="bbox 382 1742 783 1813; baseline 0 -15"><span class='ocrx_word' id='word_1_117' title='bbox 382 1749 512 1799; x_wconf 90' lang='grc' dir='ltr'><strong><em>ΜΕ.</em></strong></span> <span class='ocrx_word' id='word_1_118' title='bbox 558 1748 625 1798; x_wconf 90' lang='grc' dir='ltr'><strong><em>Τί</em></strong></span> <span class='ocrx_word' id='word_1_119' title='bbox 643 1742 783 1813; x_wconf 85' lang='grc' dir='ltr'><strong><em>μήν;</em></strong></span> 
     </span>
    </p>

    <p class='ocr_par' dir='ltr' id='par_1_13' title="bbox 237 1818 1926 2222">
     <span class='ocr_line' id='line_1_21' title="bbox 381 1818 1921 1893; baseline -0.005 -12"><span class='ocrx_word' id='word_1_120' title='bbox 381 1825 498 1882; x_wconf 89' lang='grc' dir='ltr'><strong><em>ΑΘ.</em></strong></span> <span class='ocrx_word' id='word_1_121' title='bbox 532 1830 792 1882; x_wconf 88' lang='grc' dir='ltr'><strong><em>Βασιλεία</em></strong></span> <span class='ocrx_word' id='word_1_122' title='bbox 812 1824 871 1880; x_wconf 82' lang='grc' dir='ltr'><strong><em>δε</em></strong></span> <span class='ocrx_word' id='word_1_123' title='bbox 898 1825 1242 1893; x_wconf 83' lang='grc' dir='ltr'><strong><em>καταλύεται,</em></strong></span> <span class='ocrx_word' id='word_1_124' title='bbox 1267 1847 1309 1879; x_wconf 86' lang='grc' dir='ltr'><em>ω</em></span> <span class='ocrx_word' id='word_1_125' title='bbox 1338 1823 1477 1893; x_wconf 84' lang='grc' dir='ltr'><strong><em>πρὸς</em></strong></span> <span class='ocrx_word' id='word_1_126' title='bbox 1500 1822 1653 1893; x_wconf 89' lang='grc' dir='ltr'><strong><em>Διός,</em></strong></span> <span class='ocrx_word' id='word_1_127' title='bbox 1676 1818 1707 1893; x_wconf 80' lang='grc' dir='ltr'><strong><em>ἦ</em></strong></span> <span class='ocrx_word' id='word_1_128' title='bbox 1702 1819 1825 1876; x_wconf 89' lang='grc' dir='ltr'><strong><em>καί</em></strong></span> <span class='ocrx_word' id='word_1_129' title='bbox 1841 1841 1921 1883; x_wconf 91' lang='grc' dir='ltr'><strong><em>τις</em></strong></span> 
     </span>
     <span class='ocr_line' id='line_1_22' title="bbox 239 1898 1924 1978; baseline -0.005 -15"><span class='ocrx_word' id='word_1_130' title='bbox 239 1907 377 1978; x_wconf 79' lang='grc' dir='ltr'><strong><em>ἀρχὴ</em></strong></span> <span class='ocrx_word' id='word_1_131' title='bbox 408 1906 629 1962; x_wconf 74' lang='grc' dir='ltr'><strong><em>πώποτε</em></strong></span> <span class='ocrx_word' id='word_1_132' title='bbox 667 1905 948 1976; x_wconf 83' lang='grc' dir='ltr'><strong><em>κατελύθη</em></strong></span> <span class='ocrx_word' id='word_1_133' title='bbox 984 1912 1104 1976; x_wconf 77' lang='grc' dir='ltr'><strong><em>μῶν</em></strong></span> <span class='ocrx_word' id='word_1_134' title='bbox 1140 1903 1255 1960; x_wconf 82' lang='grc' dir='ltr'><strong><em>ὑπό</em></strong></span> <span class='ocrx_word' id='word_1_135' title='bbox 1283 1926 1452 1960; x_wconf 87' lang='grc' dir='ltr'><strong><em>τινων</em></strong></span> <span class='ocrx_word' id='word_1_136' title='bbox 1483 1904 1668 1960; x_wconf 77' lang='grc' dir='ltr'><strong><em>ἄλλων</em></strong></span> <span class='ocrx_word' id='word_1_137' title='bbox 1695 1898 1731 1973; x_wconf 78' lang='grc' dir='ltr'><strong><em>ἦ</em></strong></span> <span class='ocrx_word' id='word_1_138' title='bbox 1761 1905 1924 1971; x_wconf 75' lang='grc' dir='ltr'><strong><em>σφῶν</em></strong></span> 
     </span>
     <span class='ocr_line' id='line_1_23' title="bbox 241 1985 1924 2060; baseline -0.004 -17"><span class='ocrx_word' id='word_1_139' title='bbox 241 1987 452 2054; x_wconf 75' lang='grc' dir='ltr'><strong><em>αύτῶνς</em></strong></span> <span class='ocrx_word' id='word_1_140' title='bbox 484 1985 521 2060; x_wconf 76' lang='grc' dir='ltr'><em>ἢ</em></span> <span class='ocrx_word' id='word_1_141' title='bbox 541 1992 651 2051; x_wconf 78' lang='grc' dir='ltr'><strong><em>νῦν</em></strong></span> <span class='ocrx_word' id='word_1_142' title='bbox 671 1986 737 2059; x_wconf 78' lang='grc' dir='ltr'><strong><em>δὴ</em></strong></span> <span class='ocrx_word' id='word_1_143' title='bbox 758 2010 859 2059; x_wconf 90' lang='grc' dir='ltr'><strong><em>μεν</em></strong></span> <span class='ocrx_word' id='word_1_144' title='bbox 888 1985 1078 2058; x_wconf 79' lang='grc' dir='ltr'><strong><em>ὀλίγον</em></strong></span> <span class='ocrx_word' id='word_1_145' title='bbox 1103 1991 1422 2058; x_wconf 80' lang='grc' dir='ltr'><strong><em>ἔμπροσθεν</em></strong></span> <span class='ocrx_word' id='word_1_146' title='bbox 1452 1986 1668 2049; x_wconf 88' lang='grc' dir='ltr'><strong><em>τούτοις</em></strong></span> <span class='ocrx_word' id='word_1_147' title='bbox 1696 2003 1924 2054; x_wconf 84' lang='grc' dir='ltr'><strong><em>περιτυ-</em></strong></span> 
     </span>
     <span class='ocr_line' id='line_1_24' title="bbox 237 2064 1926 2141; baseline -0.003 -16"><span class='ocrx_word' id='word_1_148' title='bbox 237 2070 426 2140; x_wconf 91' lang='grc' dir='ltr'><strong><em>χόντες</em></strong></span> <span class='ocrx_word' id='word_1_149' title='bbox 443 2081 556 2136; x_wconf 90' lang='grc' dir='ltr'><strong><em>τοῖς</em></strong></span> <span class='ocrx_word' id='word_1_150' title='bbox 583 2070 768 2141; x_wconf 80' lang='grc' dir='ltr'><strong><em>λόγοις</em></strong></span> <span class='ocrx_word' id='word_1_151' title='bbox 797 2069 943 2126; x_wconf 81' lang='grc' dir='ltr'><strong><em>οὕτω</em></strong></span> <span class='ocrx_word' id='word_1_152' title='bbox 961 2067 1118 2126; x_wconf 86' lang='grc' dir='ltr'><strong><em>ταῦτ’</em></strong></span> <span class='ocrx_word' id='word_1_153' title='bbox 1147 2072 1417 2140; x_wconf 85' lang='grc' dir='ltr'><strong><em>ἐτίθεμεν,</em></strong></span> <span class='ocrx_word' id='word_1_154' title='bbox 1441 2076 1550 2124; x_wconf 83' lang='grc' dir='ltr'><strong><em>νῦν</em></strong></span> <span class='ocrx_word' id='word_1_155' title='bbox 1584 2065 1635 2123; x_wconf 79' lang='grc' dir='ltr'><strong><em>δ’</em></strong></span> <span class='ocrx_word' id='word_1_156' title='bbox 1672 2064 1926 2136; x_wconf 85' lang='grc' dir='ltr'><strong><em>ἐπιλελή-</em></strong></span> 
     </span>
     <span class='ocr_line' id='line_1_25' title="bbox 241 2162 449 2222; baseline 0.01 -17"><span class='ocrx_word' id='word_1_157' title='bbox 241 2162 449 2222; x_wconf 86' lang='grc' dir='ltr'><strong><em>σμεθα;</em></strong></span> 
     </span>
    </p>

    <p class='ocr_par' dir='ltr' id='par_1_14' title="bbox 383 2234 826 2297">
     <span class='ocr_line' id='line_1_26' title="bbox 383 2234 826 2297; baseline 0.005 -11"><span class='ocrx_word' id='word_1_158' title='bbox 383 2239 511 2287; x_wconf 89' lang='grc' dir='ltr'><strong><em>ΜΕ.</em></strong></span> <span class='ocrx_word' id='word_1_159' title='bbox 547 2234 657 2287; x_wconf 83' lang='grc' dir='ltr'><strong><em>Καὶ</em></strong></span> <span class='ocrx_word' id='word_1_160' title='bbox 685 2240 826 2297; x_wconf 65' lang='lat' dir='ltr'><strong><em>ute-393</em></strong></span> 
     </span>
    </p>

    <p class='ocr_par' dir='ltr' id='par_1_15' title="bbox 233 2307 1926 2546">
     <span class='ocr_line' id='line_1_27' title="bbox 380 2307 1926 2384; baseline -0.003 -17"><span class='ocrx_word' id='word_1_161' title='bbox 380 2319 498 2367; x_wconf 92' lang='grc' dir='ltr'><strong><em>ΑΘ.</em></strong></span> <span class='ocrx_word' id='word_1_162' title='bbox 542 2311 769 2382; x_wconf 83' lang='grc' dir='ltr'><strong><em>Οὐκοῦν</em></strong></span> <span class='ocrx_word' id='word_1_163' title='bbox 787 2319 896 2368; x_wconf 82' lang='grc' dir='ltr'><strong><em>νῦν</em></strong></span> <span class='ocrx_word' id='word_1_164' title='bbox 924 2313 992 2384; x_wconf 77' lang='grc' dir='ltr'><strong><em>δὴ</em></strong></span> <span class='ocrx_word' id='word_1_165' title='bbox 1013 2319 1225 2384; x_wconf 78' lang='grc' dir='ltr'><strong><em>μᾶλλον</em></strong></span> <span class='ocrx_word' id='word_1_166' title='bbox 1251 2310 1679 2383; x_wconf 86' lang='grc' dir='ltr'><strong><em>βεβαιωσόμεθα</em></strong></span> <span class='ocrx_word' id='word_1_167' title='bbox 1717 2307 1778 2370; x_wconf 79' lang='grc' dir='ltr'><strong><em>τὸ</em></strong></span> <span class='ocrx_word' id='word_1_168' title='bbox 1809 2330 1926 2364; x_wconf 89' lang='grc' dir='ltr'><strong><em>τοι-</em></strong></span> 
     </span>
     <span class='ocr_line' id='line_1_28' title="bbox 240 2387 1922 2467; baseline -0.005 -17"><span class='ocrx_word' id='word_1_169' title='bbox 240 2402 435 2450; x_wconf 83' lang='grc' dir='ltr'><strong><em>οῦτον·</em></strong></span> <span class='ocrx_word' id='word_1_170' title='bbox 475 2394 862 2465; x_wconf 86' lang='grc' dir='ltr'><strong><em>περιτυχόντες</em></strong></span> <span class='ocrx_word' id='word_1_171' title='bbox 889 2394 996 2467; x_wconf 80' lang='grc' dir='ltr'><strong><em>γὰρ</em></strong></span> <span class='ocrx_word' id='word_1_172' title='bbox 1030 2399 1209 2464; x_wconf 78' lang='grc' dir='ltr'><strong><em>ἔργοις</em></strong></span> <span class='ocrx_word' id='word_1_173' title='bbox 1238 2395 1577 2462; x_wconf 84' lang='grc' dir='ltr'><strong><em>γενομένοις,</em></strong></span> <span class='ocrx_word' id='word_1_174' title='bbox 1615 2387 1688 2453; x_wconf 76' lang='grc' dir='ltr'><strong><em>ὥς</em></strong></span> <span class='ocrx_word' id='word_1_175' title='bbox 1725 2394 1922 2459; x_wconf 85' lang='grc' dir='ltr'><strong><em>ἔοικεν,</em></strong></span> 
     </span>
     <span class='ocr_line' id='line_1_29' title="bbox 233 2467 1926 2546; baseline -0.005 -14"><span class='ocrx_word' id='word_1_176' title='bbox 233 2478 326 2532; x_wconf 65' lang='grc' dir='ltr'><strong><em>’ἐπὶ</em></strong></span> <span class='ocrx_word' id='word_1_177' title='bbox 345 2474 446 2531; x_wconf 82' lang='grc' dir='ltr'><strong><em>τὸν</em></strong></span> <span class='ocrx_word' id='word_1_178' title='bbox 466 2474 640 2531; x_wconf 80' lang='grc' dir='ltr'><strong><em>αὐτὸν</em></strong></span> <span class='ocrx_word' id='word_1_179' title='bbox 657 2474 828 2546; x_wconf 91' lang='grc' dir='ltr'><strong><em>λόγον</em></strong></span> <span class='ocrx_word' id='word_1_180' title='bbox 855 2475 1222 2546; x_wconf 88' lang='grc' dir='ltr'><strong><em>ἐληλύθαμεν,</em></strong></span> <span class='ocrx_word' id='word_1_181' title='bbox 1256 2470 1394 2528; x_wconf 72' lang='grc' dir='ltr'><strong><em>ὥστε</em></strong></span> <span class='ocrx_word' id='word_1_182' title='bbox 1419 2468 1487 2527; x_wconf 85' lang='grc' dir='ltr'><strong><em>οὐ</em></strong></span> <span class='ocrx_word' id='word_1_183' title='bbox 1521 2470 1646 2539; x_wconf 87' lang='grc' dir='ltr'><strong><em>περὶ</em></strong></span> <span class='ocrx_word' id='word_1_184' title='bbox 1670 2467 1839 2529; x_wconf 79' lang='grc' dir='ltr'><strong><em>κενόν</em></strong></span> <span class='ocrx_word' id='word_1_185' title='bbox 1870 2491 1926 2523; x_wconf 91' lang='grc' dir='ltr'><strong><em>τι</em></strong></span> 
     </span>
    </p>

    <p class='ocr_par' dir='ltr' id='par_1_16' title="bbox 126 2550 1923 2873">
     <span class='ocr_line' id='line_1_30' title="bbox 126 2550 1922 2629; baseline -0.005 -16"><span class='ocrx_word' id='word_1_186' title='bbox 126 2574 212 2620; x_wconf 77' lang='grc'><strong><em>684</em></strong></span> <span class='ocrx_word' id='word_1_187' title='bbox 239 2557 542 2629; x_wconf 82' lang='grc' dir='ltr'><strong><em>ζητήσομεν</em></strong></span> <span class='ocrx_word' id='word_1_188' title='bbox 577 2558 676 2613; x_wconf 85' lang='grc' dir='ltr'><strong><em>τὸν</em></strong></span> <span class='ocrx_word' id='word_1_189' title='bbox 715 2555 887 2613; x_wconf 83' lang='grc' dir='ltr'><strong><em>αὐτὸν</em></strong></span> <span class='ocrx_word' id='word_1_190' title='bbox 924 2556 1110 2627; x_wconf 85' lang='grc' dir='ltr'><strong><em>λόγον,</em></strong></span> <span class='ocrx_word' id='word_1_191' title='bbox 1147 2551 1284 2610; x_wconf 78' lang='grc' dir='ltr'><strong><em>ἀλλὰ</em></strong></span> <span class='ocrx_word' id='word_1_192' title='bbox 1320 2555 1445 2622; x_wconf 83' lang='grc' dir='ltr'><strong><em>περὶ</em></strong></span> <span class='ocrx_word' id='word_1_193' title='bbox 1475 2551 1707 2623; x_wconf 89' lang='grc' dir='ltr'><strong><em>γεγονός</em></strong></span> <span class='ocrx_word' id='word_1_194' title='bbox 1743 2572 1801 2605; x_wconf 92' lang='grc' dir='ltr'><strong><em>τε</em></strong></span> <span class='ocrx_word' id='word_1_195' title='bbox 1829 2550 1922 2605; x_wconf 87' lang='grc' dir='ltr'><strong><em>καὶ</em></strong></span> 
     </span>
     <span class='ocr_line' id='line_1_31' title="bbox 243 2636 1923 2737; baseline -0.005 -43"><span class='ocrx_word' id='word_1_196' title='bbox 243 2642 369 2709; x_wconf 79' lang='grc' dir='ltr'><strong><em>ἕχον</em></strong></span> <span class='ocrx_word' id='word_1_197' title='bbox 389 2636 675 2709; x_wconf 78' lang='grc' dir='ltr'><strong><em>ἀλήθειαν.</em></strong></span> <span class='ocrx_word' id='word_1_198' title='bbox 695 2641 888 2709; x_wconf 85' lang='grc' dir='ltr'><strong><em>γέγονε</em></strong></span> <span class='ocrx_word' id='word_1_199' title='bbox 908 2636 984 2737; x_wconf 76' lang='grc' dir='ltr'><strong><em>δη</em></strong></span> <span class='ocrx_word' id='word_1_200' title='bbox 996 2637 1151 2693; x_wconf 83' lang='grc' dir='ltr'><strong><em>τάδε·</em></strong></span> <span class='ocrx_word' id='word_1_201' title='bbox 1181 2642 1451 2708; x_wconf 88' lang='grc' dir='ltr'><strong><em>βασιλεῖαι</em></strong></span> <span class='ocrx_word' id='word_1_202' title='bbox 1468 2643 1612 2703; x_wconf 90' lang='grc' dir='ltr'><strong><em>τρεῖς</em></strong></span> <span class='ocrx_word' id='word_1_203' title='bbox 1629 2637 1923 2703; x_wconf 87' lang='grc' dir='ltr'><strong><em>βασιλευο-</em></strong></span> 
     </span>
     <span class='ocr_line' id='line_1_32' title="bbox 242 2714 1920 2792; baseline -0.005 -18"><span class='ocrx_word' id='word_1_204' title='bbox 242 2723 432 2791; x_wconf 85' lang='grc' dir='ltr'><strong><em>με’ναις</em></strong></span> <span class='ocrx_word' id='word_1_205' title='bbox 459 2720 654 2776; x_wconf 87' lang='grc' dir='ltr'><strong><em>πόλεσι</em></strong></span> <span class='ocrx_word' id='word_1_206' title='bbox 683 2731 918 2792; x_wconf 89' lang='grc' dir='ltr'><strong><em>τριτταῖς</em></strong></span> <span class='ocrx_word' id='word_1_207' title='bbox 939 2719 1166 2790; x_wconf 88' lang='grc' dir='ltr'><strong><em>ω’μοσαν</em></strong></span> <span class='ocrx_word' id='word_1_208' title='bbox 1194 2715 1453 2788; x_wconf 88' lang='grc' dir='ltr'><strong><em>αλλήλαις</em></strong></span> <span class='ocrx_word' id='word_1_209' title='bbox 1484 2714 1750 2785; x_wconf 82' lang='grc' dir='ltr'><strong><em>εκάτεραι,</em></strong></span> <span class='ocrx_word' id='word_1_210' title='bbox 1781 2732 1920 2767; x_wconf 90' lang='grc' dir='ltr'><strong><em>κατα</em></strong></span> 
     </span>
     <span class='ocr_line' id='line_1_33' title="bbox 242 2792 1921 2873; baseline -0.005 -17"><span class='ocrx_word' id='word_1_211' title='bbox 242 2801 456 2873; x_wconf 87' lang='grc' dir='ltr'><strong><em>νόμους</em></strong></span> <span class='ocrx_word' id='word_1_212' title='bbox 471 2823 570 2867; x_wconf 85' lang='grc' dir='ltr'><strong><em>ους</em></strong></span> <span class='ocrx_word' id='word_1_213' title='bbox 597 2806 792 2858; x_wconf 83' lang='grc' dir='ltr'><strong><em>ἔθεντο</em></strong></span> <span class='ocrx_word' id='word_1_214' title='bbox 824 2809 927 2857; x_wconf 83' lang='grc' dir='ltr'><strong><em>τοῦ</em></strong></span> <span class='ocrx_word' id='word_1_215' title='bbox 953 2822 1010 2856; x_wconf 89' lang='grc' dir='ltr'><strong><em>τε</em></strong></span> <span class='ocrx_word' id='word_1_216' title='bbox 1047 2801 1233 2873; x_wconf 79' lang='grc' dir='ltr'><strong><em>ἄρχειν</em></strong></span> <span class='ocrx_word' id='word_1_217' title='bbox 1262 2802 1353 2856; x_wconf 83' lang='grc' dir='ltr'><strong><em>καὶ</em></strong></span> <span class='ocrx_word' id='word_1_218' title='bbox 1382 2798 1650 2869; x_wconf 78' lang='grc' dir='ltr'><strong><em>ἄρχεσθαι</em></strong></span> <span class='ocrx_word' id='word_1_219' title='bbox 1679 2792 1921 2862; x_wconf 87' lang='grc' dir='ltr'><strong><em>κοινούς,</em></strong></span> 
     </span>
    </p>
   </div>
  </div>
 </body>
</html>
