1976 3172
226 155 334 219 198'
842 167 1019 214 ΠΛΑ
1037 166 1320 215 ΤΩΝΟΣ

223 298 354 365 τούς
371 303 561 371 γραφῇ
582 298 843 362 τεθέντας
859 297 1086 370 νόμους,
1099 301 1161 355 ἐν
1174 309 1285 364 τοῖς
1305 283 1553 372 σμικροῖς
1566 303 1658 358 καὶ
1678 315 1909 369 πυκνοῖς

161 393 191 434 C
223 384 570 438 ἐθισθέντων
605 385 719 434 τοῖν
757 377 1080 450 ἀνθρώπων
1117 393 1487 452 παρανομεῖν·
1530 381 1669 439 ὥστε
1705 382 1908 456 ἀπορία

223 464 325 534 μὲν
343 463 468 532 περὶ
487 459 626 517 αὐτοὶ
647 468 993 532 νομοθετεῖν,
1016 467 1182 535 σιγᾷν
1212 462 1272 519 δὲ
1291 460 1586 520 ἀδύνατον.
1616 462 1652 520 ἃ
1671 466 1905 536 δὲλέγω,

224 549 469 617 δηλῶσαι
503 546 791 612 πειρατέον
826 538 949 599 οἷον
983 546 1244 614 δείγματα
1273 545 1626 616 ἐξενεγκόντα
1659 551 1734 612 εἰς
1765 553 1906 618 φῶς·
1964 543 1976 549 ἡ

223 633 331 683 νῦν
348 626 456 697 γὰρ
477 628 793 697 λεγομένοις
811 628 956 681 ἔοικε
982 625 1123 681 κατά
1141 647 1193 681 τι
1211 626 1420 692 σκότος.

365 713 485 763 ΚΛ.
518 705 886 779 Ἀληθέστατα
906 711 1092 779 λέγεις.

363 794 479 843 ΛΘ,
523 786 753 844 Οὐκοῦν
779 785 865 842 ὅτι
891 788 995 857 μὲν
1022 788 1247 859 στόματα
1275 791 1365 845 καὶ
1393 787 1572 861 ψυχὰς
1595 790 1698 862 τήν
1716 811 1779 860 γε
1810 788 1909 862 ὀρ-
1972 803 1976 825 ³

222 869 338 941 θὴν
374 868 596 932 πάντως
633 871 720 922 δεῖ
742 866 961 938 τροφὴν
990 869 1292 938 φαίνεσθαι
1320 876 1637 944 δυναμένην
1669 870 1742 937 ὥς
1771 872 1910 927 κάλ-
1972 912 1976 914 -

224 960 382 1008 λιστα
413 950 506 1006 καὶ
542 947 740 1019 ἄριστα
773 949 1176 1020 ἐξεργάζεσθαι,
1208 957 1372 1007 τοῦτο
1401 956 1502 1023 μὲν
1532 952 1721 1025 ὀρθῶς
1757 962 1908 1026 εἴρη-
1973 980 1976 983 ⁴

228 1037 322 1089 ταί
340 1052 466 1088 που.
952 1029 969 1035 “

364 1119 482 1169 ΚΛ.
530 1115 598 1168 Τί
614 1112 754 1184 ‘mm

154 1219 188 1259 1)
362 1203 477 1251 ΑΘ.
518 1195 764 1266 Σώματα
795 1189 863 1251 δὲ’
889 1194 1172 1263 κάλλιστα,
1207 1192 1373 1266 οἶμαι,
1403 1192 1466 1251 τό
1499 1216 1562 1265 γε
1590 1192 1906 1252 ἁπλούστα-

221 1300 337 1347 τον,
376 1274 449 1342 ὡς
484 1274 766 1347 ὀρθότατα
797 1279 883 1333 δεῖ
915 1280 1058 1332 νέων
1094 1274 1279 1332 ὄντων
1306 1274 1484 1343 εὐθὺς
1514 1278 1764 1348 φύεσθαι
1793 1284 1908 1334 τῶν
1962 1287 1964 1291 ’

225 1363 453 1416 παίδων.

362 1446 481 1496 ΚΛ.
518 1438 683 1494 Πάνυ
702 1441 805 1510 μὲν
824 1432 944 1494 οὖν.

363 1529 480 1578 ΑΘ.
524 1526 593 1576 Τί
609 1524 698 1587 δέ;
729 1520 856 1576 τόδε
875 1519 979 1577 οὐκ
999 1525 1319 1592 ἐννοοῦμεν,
1344 1518 1466 1592 ὦςὴ
1487 1521 1676 1591 πρώτη
1697 1521 1904 1590 βλάστη

222 1604 426 1669 παντὸς
446 1601 590 1669 ζώου
616 1601 760 1658 πολὺ
785 1607 1009 1675 μεγίστη
1041 1606 1131 1659 καὶ
1162 1607 1383 1674 πλείστη
1415 1602 1631 1673 φύεται,
1657 1600 1793 1656 ὥστε
1817 1602 1907 1656 καὶ

224 1692 341 1757 ἔριν
370 1691 592 1749 πολλοῖς
611 1686 936 1755 παρέσχηκε,
965 1683 1037 1756 μὴ
1070 1690 1361 1755 γίγνεσθαι
1389 1683 1456 1739 τά
1485 1682 1541 1754 γ’
1575 1680 1907 1755 ἀνθρώπινα
1971 1727 1973 1730 .

222 1769 367 1839 μήκη
405 1766 664 1843 διπλάσια
690 1763 798 1821 ἀπὸ
829 1768 991 1823 πέντε
1028 1770 1167 1824 ε’τών
1202 1769 1264 1824 ἐν
1300 1777 1412 1832 τοῖς
1449 1773 1657 1830 λοιποῖς
1696 1773 1906 1822 εἴκοσιν

222 1855 400 1907 ἔτεσιν
422 1846 798 1919 αὐξανόμενα;

361 1935 480 1985 KA.
515 1928 740 2001 Ἀληθῆ.
824 1964 825 1968 =
1972 1983 1976 2002 ἰ

363 2018 480 2068 ΑΘ.
521 2016 594 2066 Τί
609 2004 740 2078 οὖν;
760 2009 933 2082 πολλὴ
956 2010 1093 2083 αὔξη
1118 2010 1254 2067 ὅταν
1273 2012 1498 2083 ἐπιρρέῃ
1525 2009 1715 2066 πόνων
1743 2010 1906 2079 χωρὶς
1972 2013 1976 2034 ³

109 2110 194 2157 789
224 2099 446 2150 πολλῶν
456 2094 556 2151 ’καὶ
578 2095 924 2166 συμμέτρων,
946 2092 1049 2150 οὐκ
1074 2101 1248 2165 ἴσμεν,
1270 2091 1356 2149 ὅτι
1374 2097 1545 2165 μυρία
1563 2089 1704 2148 κακὰ
1725 2093 1784 2146 ἐν
1796 2101 1907 2156 τοῖς

225 2176 475 2246 στόμασιν
495 2174 775 2242 άποτελεῖ;

362 2261 481 2311 ΚΛ.
518 2256 686 2312 Πάνυ
706 2279 783 2327 γε.

363 2343 481 2392 ΑΘ.
524 2335 754 2393 Οὐκοῦν
787 2338 910 2394 τότε
946 2342 1115 2395 δεῖται
1156 2345 1426 2394 πλείστων
1453 2337 1662 2406 πόνων,
1700 2337 1835 2393 ὅταν
1870 2334 1904 2406 ἡ

225 2423 447 2489 πλείστη
468 2417 645 2489 τροφὴ
669 2423 1068 2489 προσγίγνηται
1085 2431 1198 2483 τοῖς
1217 2418 1479 2488 σώμασιν.
1532 2439 1535 2442 ·

365 2496 482 2556 ΚΛ.
525 2504 596 2555 Τί
615 2502 766 2570 δῆτα,
789 2493 833 2555 ὦ
853 2501 971 2566 ξένε
981 2524 994 2566 ;
1026 2494 1063 2570 ἦ
1077 2510 1195 2563 τοῖς
1222 2498 1347 2568 ἄρτι
1366 2498 1625 2568 γεγονόσι
1655 2498 1745 2552 καὶ
1766 2517 1908 2551 νεω-

225 2584 408 2647 τάτοις
426 2582 635 2648 πόνους
656 2586 941 2647 πλείστους
962 2580 1363 2652 προστάξομεν;

366 2671 483 2721 ΛΘ.
527 2661 801 2735 Ου’δαμιός
819 2685 900 2734 γε,
930 2662 1054 2720 ἀλλ’
1085 2667 1163 2719 ἔτι
1191 2665 1282 2719 καὶ
1312 2662 1588 2732 πρότερον
1615 2671 1727 2726 τοῖς
1755 2658 1909 2724 ἐντὸς

223 2751 336 2801 τῶν
355 2742 541 2801 αὐτῶν
560 2748 811 2818 μητέρων
828 2747 1201 2816 τρεφομένοις.
