1976 3172
236 117 342 171 434
855 115 1067 161 ΕΠΙΝ
1083 76 1333 161 οΜῑΣ.’

240 250 381 307 ὅθεν
402 248 521 320 ἱερὰ
541 246 716 323 πολλὰ
738 250 964 302 πολλῶν
982 247 1195 316 γέγονε,
1215 246 1282 302 τὰ
1304 247 1362 303 δὲ
1383 248 1688 320 γενήσεται,
1710 251 1925 305 τούτων

243 331 470 388 πάντων
491 330 814 400 νομοθέτης,
847 326 996 393 ὅστις
1025 335 1166 383 νοῦν
1193 332 1448 400 κέκτηται
1471 332 1562 386 καὶ
1586 329 1685 386 τὸν
1713 331 1926 403 βραχύ-

242 433 425 482 τατον,
459 409 662 475 οὔποτε
697 410 769 480 μη
804 409 1054 481 τολμήσῃ
1090 415 1438 479 καινοτομῶν
1464 407 1551 466 ἐπὶ
1579 415 1923 483 θεοσέβειαν,

175 510 209 550 D
237 493 355 566 ἥτις
374 491 447 565 μὴ
470 492 641 562 σαφὲς
661 494 767 561 ἔχει
786 511 855 561 τι,
878 491 1072 559 τρέψαι
1091 488 1254 544 πόλιν
1285 490 1512 546 ἑαυτοῦ·
1552 497 1641 547 καὶ
1661 490 1774 564 μὴν
1796 491 1920 549 οὐδ’

240 568 322 631 ῶν
343 571 622 645 ὁιποέτριος
640 573 811 643 νόμος
831 579 1011 642 εἴρηκε
1042 572 1166 642 περὶ
1195 577 1417 627 θυσιῶν
1435 571 1799 644 ἄποκωλύσει,
1821 597 1929 645 μην·
1958 619 1966 622 .

242 657 344 712 δὲν
360 655 420 710 τὸ
442 653 707 723 παράπαν
727 654 902 723 είδῶς,
927 651 1112 724 ῶσπερ
1131 650 1259 708 οὐδ’
1282 649 1351 708 ὂν
1372 654 1614 710 δυνατὸν
1641 658 1842 712 εἰδέναι
1860 661 1926 726 τῇ

243 741 427 806 θνητῇ
451 733 618 804 φύσει
636 740 749 788 τῶν
767 733 1038 788 τοιούτων
1058 737 1196 805 πέρι.
1226 736 1359 800 τοὺς
1379 734 1491 790 63³¹
1457 758 1633 801 οντως
1662 734 1794 808 ἡμιν
1814 747 1927 806 φα-

245 812 444 885 νεροὺς
473 814 636 876 ὄντας
664 811 839 875 θεους
872 806 962 880 αρ’
998 810 1098 882 οὐχ
1129 812 1296 878 αὐτὸς
1314 814 1518 883 λόγος’
1497 821 1604 886 ε’χει
1632 820 1928 882 κακίστους

242 895 382 955 εἶναι
401 892 533 959 τοὺς
551 891 624 964 μὴ
643 897 959 963 τολμῶντας
978 890 1202 961 λέγειν’
1173 903 1306 962 ημῖν
1331 896 1422 950 καὶ
1443 896 1723 991 φανεροὺς
1749 908 1925 953 ποιεῖν

241 974 644 1047 ἆνοργιαστους
661 994 719 1028 τε
745 970 910 1037 όντας
930 974 1150 1044 ετέρους
1169 972 1341 1039 θεοὺς
1361 975 1453 1030 καὶ
1486 997 1645 1046 τιμας
1669 975 1740 1046 μὴ
1772 981 1924 1047 δεχο-

240 1061 442 1130 μένους
463 1055 561 1121 τὰς
579 1053 968 1126 προσηκούσας
987 1054 1200 1122 αύτοῖς;
1237 1063 1348 1111 νῦν
1368 1059 1429 1112 δὲ
1446 1055 1512 1128 δὴ
1534 1062 1819 1129 ξυμβαίνει
1838 1081 1928 1128 γι-

179 1152 212 1194 Ε
240 1140 518 1211 γνόμενον
537 1136 652 1209 ἅμα
669 1135 730 1193 τὸ
752 1142 1025 1209 τοιοῦτον,
1048 1132 1167 1193 οἷον
1185 1133 1259 1193 ἄν
1278 1145 1333 1194 εἴ
1345 1142 1478 1194 ποτέ
1493 1159 1574 1204 τις
1591 1137 1751 1211 ἡμῶν
1767 1138 1928 1211 ἥλιον

240 1223 279 1295 ἢ
307 1223 549 1294 σελήνην
578 1221 833 1320 ἑωρακώς
850 1214 923 1291 ἦν
953 1223 1317 1291 γιγνομένους
1354 1221 1676 1291 ἐφορῶντας
1707 1243 1766 1276 τε
1786 1219 1930 1293 ἡμᾶς

241 1325 469 1375 παντας,
491 1306 582 1359 καὶ
602 1301 676 1374 μὴ
708 1306 908 1401 ἔφραζε
934 1300 1171 1367 δυνατὸς
1198 1301 1279 1357 ῶν
1308 1321 1383 1375 πῃ
1412 1301 1659 1373 φραζειν,
1683 1311 1841 1375 τιμῆς
1869 1325 1927 1358 τε

241 1385 508 1458 ἀμοίρους
527 1384 693 1450 όντας
715 1383 846 1455 ἅμα,
867 1386 957 1439 καὶ
977 1383 1051 1455 μὴ
1072 1382 1453 1453 προύθυμεῑτο
1473 1382 1539 1438 τό
1552 1404 1614 1452 γε
1635 1381 1811 1439 αὑτοῦ
1827 1387 1926 1455 με’-

162 1481 171 1496 *
241 1492 339 1541 ρος
358 1474 434 1534 εἰς
453 1473 675 1539 ἔντιμον
693 1467 880 1538 χῶραν
899 1477 1234 1537 καταφανεῖς
1252 1465 1405 1535 ὅῖγων
1427 1463 1630 1529 αὐτους
1661 1465 1850 1537 ἕορτας
1867 1487 1925 1520 τε

240 1561 426 1615 αυτοις
443 1549 737 1648 γίγνεσθαι
756 1558 935 1603 ποιεῖν
955 1550 1048 1602 καὶ
1066 1554 1287 1615 θυσίας,
1311 1543 1850 1617 ἄποῇμβανόμενόν
1867 1568 1926 1602 τε

239 1632 446 1704 χρόνον
465 1629 716 1707 ἑκαστοις
737 1628 1007 1700 μειζόνων
1026 1649 1084 1684 τε
1103 1630 1195 1684 καὶ
1213 1626 1523 1683 ἐλαττόνων
1542 1627 1850 1692 πολλακις’
1823 1648 1925 1682 ενι-

122 1731 210 1779 986
240 1719 449 1769 αυτῶν
455 1710 611 1790 ω’ρας
648 1713 946 1780 διανέμειν,
982 1702 1072 1778 ἆρ’
1106 1706 1210 1763 οὐκ
1245 1705 1316 1763 ἂν
1346 1707 1514 1774 κακὸς
1545 1711 1721 1783 ἑαυτῷ
1751 1717 1808 1764 τε
1838 1710 1926 1764 καὶ

239 1795 388 1868 ἄλλω
405 1798 484 1848 τῶ
503 1792 871 1863 γιγνώσκοντι
889 1790 1187 1860 λεγόμενός
1216 1793 1278 1846 ἐν
1307 1794 1431 1862 δίκῃ
1461 1790 1744 1856 ξυνεδόκει
1773 1793 1924 1860 λέγε·
1967 1789 1976 1799 “

239 1882 377 1933 σθαι
398 1871 523 1930 ποτ’
545 1872 644 1940 ἅν;

379 1962 497 2013 ΚΛ.
538 1961 669 2020 Πῶς
688 1953 796 2026 γὰρ
817 1952 940 2024 ούκ,
967 1975 1008 2009 ω
1030 1955 1176 2020 ξένε;
1198 1951 1454 2017 κακιστος
1471 1954 1572 2023 μὲν
1591 1944 1712 2006 οὖν.

380 2029 498 2094 ΑΘ.
540 2043 719 2093 Τοῦτο
741 2041 951 2107 τοίνυν,
975 2029 1019 2092 ῶ
1045 2040 1273 2091 Κλεινία
1294 2039 1438 2106 φίλε,
1458 2034 1582 2102 περι
1602 2031 1695 2103 έμε
1712 2038 1820 2088 νῦν
1839 2054 1927 2102 για

202 2135 204 2137 ’
240 2118 522 2190 γνόμενὸν
542 2126 663 2174 ἴσθι
681 2123 954 2189 φανερῶς.

382 2204 502 2256 ΚΛ.
539 2204 669 2264 Πῶς
688 2201 888 2268 λέγεις;

382 2284 464 2334 ΙΧ.
504 2287 621 2336 ΑΘ.
644 2280 788 2335 Ἴστε
807 2277 950 2335 ὀκτώ
971 2279 1234 2350 δυνάμεις
1253 2285 1367 2334 τῶν
1386 2280 1509 2347 περὶ
1527 2275 1662 2332 ὅλον
1681 2274 1928 2348 οὐρανὸν

242 2366 536 2432 γεγονυίας
556 2359 800 2430 ἀδελφὰς
820 2360 1093 2429 ἀλλήλων,
1110 2353 1192 2415 ῶν
1210 2360 1547 2429 καθεώρακα
1560 2359 1689 2427 έγῶ·
1713 2360 1803 2412 καὶ
1825 2354 1926 2410 οὐ-

244 2440 340 2496 δὲν
358 2442 496 2511 μέγα
529 2443 961 2510 διαπέπραγμαι·
1002 2439 1199 2511 ῥᾴδιον
1227 2441 1335 2508 γὰρ
1365 2440 1457 2493 καὶ
1483 2440 1671 2508 ἑτέρω·
1709 2436 1926 2491 τούτων

181 2537 214 2578 Β
248 2521 299 2578 δ’
325 2524 427 2578 εἰσὶ
445 2532 588 2592 τρεῖς
607 2512 786 2590 αὗται,
818 2524 913 2591 μία
932 2519 1227 2590 μὲνὴλίου,
1259 2524 1354 2590 μία
1370 2519 1445 2575 χδὲ
1474 2516 1723 2589 σελήνης,
1748 2523 1844 2588 μία
1866 2513 1927 2574 δὲ

243 2612 357 2662 τῶν
377 2603 643 2661 ἀπλανῶν
657 2603 896 2674 ἄστρων,
913 2597 994 2660 ῶν
1009 2602 1368 2675 ἐμνήσθημεν
1386 2599 1576 2671 ὀλίγον
1589 2604 1923 2670 ἔμπροσθεν·

244 2685 407 2745 πέντε
437 2687 497 2743 δὲ
532 2688 727 2757 ἕτεραι.
775 2686 978 2752 ταύτας
1016 2684 1082 2757 δὴ
1113 2683 1290 2749 πάσας
1309 2685 1399 2739 καὶ
1430 2683 1664 2747 τούτους
1698 2680 1829 2745 τοὺς
1867 2686 1927 2736 ἐν

244 2770 531 2826 ταύταισιν
550 2778 656 2827 εἴτε
675 2767 879 2836 αὐτοὺς
898 2769 1082 2834 ἰόντας
1099 2774 1205 2824 εἴτε
1235 2768 1576 2838 φερομένους
1604 2767 1667 2821 ἐν
1695 2764 1929 2835 ὀχήμασι

1360 2922 1387 2929 x
