1976 3172
696 106 1015 157 ΝΟΜῼΝ
1048 99 1118 153 θ’.
1653 99 1758 153 295

27 290 29 294 Α
75 252 169 316 τῆς
188 249 371 315 φυγῆς
391 244 650 315 ἑκατέρω,
670 243 906 311 πέμπειν
923 237 1113 294 αὐτων
1141 242 1402 304 δικαστας
1430 236 1647 300 δώδεκα
1673 236 1763 292 ἐπὶ

75 324 205 391 τοὺς
228 323 402 394 ὅρους
431 330 530 395 τῆς
551 320 751 394 χώρας,
781 321 1149 390 ἐσκεμμένους
1179 321 1240 375 ἐν
1265 326 1342 393 τῷ
1372 317 1555 392 χρόνω
1582 315 1764 390 τούτω

75 405 170 472 τὰς
202 413 318 462 τῶν
345 403 649 476 φυγόντων
677 401 901 472 πράξεις
932 403 1012 456 ἔτι
1039 403 1401 471 σαφέστερον,
1433 402 1527 456 καὶ
1555 405 1650 470 τῆς
1674 403 1763 455 αι’-ἱ

75 492 207 553 δοῦς
223 509 282 543 τε
307 488 435 555 πέρι
452 486 546 542 καὶ
573 486 879 553 καταδοχῆς
904 480 1122 538 τούτων
1151 477 1413 545 δικαστὰς
1441 485 1759 551 γίγνεσθαι·

74 569 204 634 τοὺς
221 568 282 626 δὲ
302 561 378 623 αὔ
391 578 503 633 τοῖς
521 570 870 623 δικασθεῖσιν
889 559 999 618 ὑπὸ
1031 569 1144 618 τῶν
1173 561 1445 618 τοιούτων
1476 558 1771 631 ἀρχόντων

72 652 340 722 ἐμμένειν.
377 648 477 707 ἐὰν
503 645 556 703 δ’
593 639 763 711 αὖθίς
789 664 922 700 ποτε
952 641 1246 700 κατελθών
1274 639 1538 714 ὁπότερος
1562 638 1760 696 αὐτοῖν
1792 655 1880 703 868

69 730 326 801 ἡττηθεὶς
359 727 500 800 ὀργῇ
536 727 715 800 πράξῃ
743 724 952 783 ταύτὸν
968 733 1153 797 τοῦτο,
1173 724 1375 797 φυγὼν
1409 726 1601 796 μηκέτι
1630 744 1762 778 καττ

68 814 227 883 έλθῃ,
248 809 539 867 κατελθών
558 809 618 866 δὲ
638 807 777 866 κατὰ
811 807 914 880 τὴν
942 814 1043 864 τοῦ
1070 810 1233 875 ξένου
1251 805 1442 879 ἄφιξιν
1461 805 1636 878 ταύτῃ
1655 826 1764 861 πα-

18 882 21 890 ⁸
69 893 258 963 σχέτω.
296 890 505 948 δοῦλον
522 889 553 948 ὁ
574 895 791 955 κτείνας
810 891 1013 946 ἑαυτοῦ
1040 889 1143 961 μὲν
1170 885 1542 960 καθηράσθω,
1572 887 1673 944 ἐὰν
1704 889 1764 943 δὲ
1793 944 1806 949 ,

69 970 366 1045 ἀλλότριον
398 980 587 1047 θυμω,
625 977 792 1044 διπλῇ
822 970 884 1027 τὸ
921 971 1129 1043 βλάβος
1160 971 1425 1029 ἐκτισάτω
1454 975 1532 1045 τῷ
1562 991 1762 1041 κεκτη-

70 1057 235 1129 μένω.
283 1053 434 1120 οστις
464 1052 519 1110 δ’
552 1051 627 1110 ἀν
653 1075 770 1110 των
798 1050 1247 1109 ἀποκτεινάντων
1276 1052 1506 1109 πάντων
1533 1053 1607 1125 μὴ
1639 1057 1760 1108 πεί-

69 1144 239 1207 θηται
256 1141 333 1210 τῷ
353 1135 528 1210 νόμω,
545 1132 674 1192 ἀλλ’
706 1132 1028 1232 ἀκάθαρτος
1057 1157 1139 1191 ων
1162 1132 1378 1206 ἀγοράν
1406 1155 1464 1190 τε
1488 1135 1580 1190 καὶ
1609 1126 1761 1189 ἆθλα

69 1220 159 1274 καὶ
179 1217 246 1273 τὰ
264 1217 405 1273 ἄλλα
423 1214 545 1288 ίερά
563 1221 822 1289 μιαίνῃ,ο
792 1214 1185 1288 ὁβουλόμενος
1201 1217 1302 1273 τόν
1319 1237 1379 1272 τε
1396 1215 1758 1284 ἐπιτρέποντα
1785 1234 1824 1276 Β

9 1303 12 1312 ’
69 1319 184 1354 των
205 1298 609 1369 προσηκόντων
626 1304 707 1372 τῷ
724 1297 1111 1369 τελευτήσαντι
1128 1295 1333 1354 καὶτὸν
1355 1296 1759 1354 ἀποκτείναντα

67 1383 144 1445 είς
162 1383 325 1451 δίκην
342 1377 688 1450 καταστήσας
706 1378 807 1450 τήν
825 1383 1122 1435 διπλασίαν
1148 1379 1444 1451 χρημάτων
1462 1377 1520 1435 τε
1538 1381 1762 1435 καὶτῶν

67 1460 255 1519 ἄλλων
273 1458 527 1532 πράξεων
551 1458 902 1530 ἀναγκαζέτω
922 1459 1185 1531 πράττειν
1203 1481 1262 1515 τε
1290 1461 1384 1515 καὶ
1413 1461 1667 1530 ἐκτίνειν,
1696 1457 1758 1515 τὰ

0 1559 7 1609 j
69 1542 129 1599 δὲ
149 1547 375 1613 ἔκτισμα
390 1540 561 1607 αὐτὸς
579 1538 731 1616 αὐτῷ
750 1546 1060 1613 κομιζέσθω
1079 1538 1218 1597 κατὰ
1239 1540 1340 1597 τόν
1358 1540 1552 1612 νόμον.
1588 1539 1686 1595 ἐὰν
1701 1543 1766 1596 δέ

0 1615 1 1634 ’
67 1645 148 1690 τις
164 1629 335 1697 θυμῷ
352 1626 552 1689 δοῦλος
579 1623 857 1694 δεσπότην
872 1621 1048 1679 αὑτοῦ
1066 1629 1272 1695 κτείνῃ,
1291 1620 1422 1689 τοὺς
1440 1621 1762 1694 προσήκον-

68 1727 165 1771 τας
184 1711 288 1760 τοῦ
306 1704 736 1776 τελευτήσαντος
756 1707 1077 1777 χρωμένους
1094 1712 1172 1781 τῷ
1189 1710 1466 1762 κτείναντι
1481 1711 1671 1777 χρείαν
1688 1702 1760 1776 ἣν

0 1839 1 1847 ,
68 1781 141 1841 ὃν
169 1787 423 1856 ἐθέλωσι,
456 1785 603 1858 πλὴν
628 1790 854 1860 μηδαμῇ
885 1790 1148 1860 μηδαμῶς
1176 1792 1545 1859 ζωγροῦντας,
1574 1795 1759 1844 καθα-
1796 1799 1825 1841 C

0 1860 2 1949 ξ
67 1864 204 1936 ρούς
222 1864 364 1922 εἶναι
377 1887 389 1898 ·
426 1864 527 1923 ἐὰν
546 1870 606 1923 δὲ
625 1867 799 1925 ἄλλον
816 1891 897 1935 τις
917 1873 1118 1935 δοῦλος
1137 1869 1442 1943 ἐλεύθερον
1460 1868 1759 1940 ἀποκτείνῃ

66 1952 257 2022 θυμῷ,
279 1948 707 2020 παραδιδόντων
718 1953 777 2007 οἰ
791 1952 1051 2008 δεσπόται
1068 1951 1168 2009 τὸν
1188 1956 1397 2010 δοῦλον
1413 1962 1525 2016 τοῖς
1545 1949 1755 2021 προσή-

66 2045 230 2086 κουσι
247 2036 351 2087 τοῦ
367 2031 815 2104 τελευτήσαντος,
837 2035 896 2088 οἰ
918 2034 978 2088 δὲ
1010 2035 1064 2099 ἐξ
1093 2032 1341 2105 ἀνάγκης
1367 2035 1469 2104 μὲν
1495 2041 1760 2088 θανατω-

68 2109 291 2166 σάντων
309 2109 412 2166 τὸν
438 2111 736 2183 δράσαντα,
756 2112 945 2188 τρόπω
971 2112 1031 2170 δὲ
1060 2106 1108 2189 ᾦ
1134 2137 1206 2170 αν
1235 2115 1523 2171 ἐθέλωσιν.
1561 2112 1661 2171 ἐὰν
1679 2116 1758 2184 δέ,

67 2216 98 2248 ο
135 2199 382 2265 γίγνεται
407 2197 527 2266 μέν,
562 2192 810 2271 ὀλιγάκις
833 2197 909 2267 δέ,
941 2193 1032 2252 διά
1074 2194 1271 2269 θυμὸν
1304 2195 1486 2269 πατὴρ
1515 2192 1552 2268 ἢ
1579 2195 1758 2269 μήτηρ

67 2270 248 2331 υίόν’“
210 2298 244 2347 η
265 2278 552 2373 θυγατέρα
573 2277 860 2376 πληγαῖς”
822 2301 856 2350 η
877 2300 986 2335 τινι
1013 2278 1200 2355 τρόπω
1229 2283 1391 2355 βιαίω
1422 2285 1626 2351 κτείνῃ,
1655 2298 1759 2334 κα-

65 2355 300 2428 θάρσεις
316 2356 420 2428 μὲν
437 2356 535 2424 τὰς
563 2357 735 2425 αὐτάς
762 2370 875 2426 τοῖς
906 2358 1094 2427 αλλοις
1119 2366 1499 2431 καθαίρεσθαι
1520 2361 1612 2417 καὶ
1644 2361 1758 2416 ἐνι-

68 2457 273 2505 αυτους
289 2450 435 2511 τρεῖς
452 2436 823 2513 ἀπενιαυτεῖν,
843 2441 1239 2499 κατελθόντων
1269 2441 1330 2500 δὲ
1357 2464 1473 2500 των
1495 2442 1752 2499 κτεινάν-
1785 2454 1818 2494 D

69 2536 184 2572 των
201 2515 644 2579 ἀπαλλάττεσθαι
661 2524 899 2595 γυναῖκά
918 2545 977 2581 τε
1001 2521 1100 2580 ἀπ’
1121 2521 1329 2594 ἀνδρὸς
1349 2527 1440 2581 καὶ
1460 2523 1560 2581 τὸν
1579 2522 1757 2595 ἄνδρα

72 2595 183 2653 ἇπό
203 2601 485 2676 γυναικός,
513 2605 607 2660 καὶ
630 2604 707 2676 μή
747 2603 871 2661 ποτ’
907 2610 987 2662 ἔτι
1023 2613 1186 2678 κοινῇ
1227 2603 1755 2678 παιδοποιήσασθαι,

69 2681 206 2751 μηδὲ
227 2683 512 2747 ξυνέστιον
536 2678 616 2743 ὧν
632 2691 868 2759 ἔκγονον
893 2686 930 2759 ἢ
947 2686 1197 2759 ἀδελφὸν
1218 2686 1553 2759 ἀπεστέρηκε
1571 2695 1726 2760 γίγνε

69 2767 213 2819 σθαί
244 2783 375 2821 ποτε
412 2765 549 2839 μηδὲ
582 2771 859 2828 κοινωνόν
893 2772 1087 2843 ἱερῶν·
1123 2766 1152 2826 ὁ
1193 2772 1253 2827 δὲ
1281 2767 1502 2842 ἀσεβῶν
1539 2792 1597 2827 τε
1633 2770 1759 2841 περὶ
