1976 3172
248 83 354 137 258
410 92 425 110 “
855 83 1340 133 ΠΛΑΤΩΝΟΣ

249 219 426 289 φύσιν
445 221 586 273 ἰδεῖν
605 216 933 287 ἀναγκαῖον,
953 221 1004 273 εἰ
1022 219 1205 288 μέλλει
1215 238 1296 283 τις
1315 223 1488 273 ταῦτα
1507 215 1695 288 ὀρθῶς
1715 223 1942 293 διανοη-

246 291 554 370 θήσεσθαι·
593 297 698 354 δύο
717 295 825 368 γὰρ
847 296 983 355 ὅντα
1008 295 1148 354 αὐτὰ
1171 301 1263 354 καὶ
1282 301 1338 366 ἐξ
1367 300 1579 371 ἀμφοῖν
1598 307 1786 372 τρίτον
1804 301 1940 359 ἄλλο

248 380 392 446 εἶδος
437 383 500 436 ἓν
537 380 715 452 ὄνομα
751 381 1056 453 περιλαβὸν
1102 388 1289 438 πᾶσαν
1335 381 1574 455 ἀπορίαν
1610 384 1702 439 καὶ
1739 383 1943 440 σκότον

249 460 624 533 ἀπεργάζεται.

389 550 506 600 ΚΛ.
548 548 707 610 Πως;

250 683 254 691 ,
387 630 470 680 VI.
511 633 631 683 ΑΘ.
672 630 848 682 Φίλον
867 629 972 697 μέν
991 646 1105 682 που
1117 625 1438 698 καλοῦμεν”
1417 626 1612 699 όμοιον
1633 627 1803 702 ὁμοίω
1825 624 1937 684 κατ’

248 706 454 778 ἀρετὴν
488 710 580 763 καὶ
615 706 742 764 ἴσον
777 716 899 783 ἴσῳ,
931 714 1100 780 φίλον
1131 707 1183 765 δ’
1219 713 1292 766 αὐ
1324 712 1412 766 καὶ
1445 712 1507 767 τό
1542 710 1812 782 δεόμενον
1839 715 1942 766 τοῦ

247 789 715 859 πεπλουτηκότος,
735 793 993 846 ἐναντίον
1021 788 1092 846 ὂν
1121 813 1197 861 τω
1228 794 1404 863 γένει·
1445 792 1582 849 όταν
1602 794 1706 850 ὃὲ“
1678 792 1943 864 εκοὶτερον

246 875 501 941 γίγνηται
521 870 797 941 σφοδρόν,
819 874 996 940 ἔρωτα
1015 873 1444 944 ἐπονομάζομεν.

184 971 217 1012 Β
324 967 330 972 ’
389 957 508 1008 ΚΛ.
544 949 771 1021 Ὀρθῶς.

385 1038 505 1088 ΑΘ.
545 1037 709 1087 Φιλία
745 1035 940 1087 τοίνυν
974 1029 1010 1102 ἡ
1047 1033 1152 1102 μὲν
1187 1031 1297 1088 ἀπὸ
1346 1036 1616 1089 ἐναντίων
1660 1033 1814 1106 δεινὴ
1851 1038 1944 1092 καὶ

245 1114 412 1186 ἀγρία
430 1115 522 1170 καὶ
539 1113 601 1170 τὸ
621 1111 820 1170 κοινὸν
849 1111 919 1169 ού
940 1114 1209 1179 πολλάκις
1237 1117 1439 1185 ἔχουσα
1459 1117 1522 1171 ἐν
1549 1114 1702 1188 ἡμῖν,
1731 1113 1766 1187 ἡ
1798 1114 1850 1171 δ’
1883 1119 1942 1172 ἐκ

244 1202 359 1253 τῶν
388 1193 598 1268 ὁμοίων
628 1194 835 1269 ἥμερός
869 1217 928 1252 τε
964 1197 1059 1252 καὶ
1088 1197 1248 1269 κοινὴ
1283 1197 1375 1253 διὰ
1405 1202 1559 1270 βίου·
1597 1196 1759 1271 μικτὴ
1792 1199 1851 1255 δὲ
1881 1201 1942 1255 ἐκ

245 1279 465 1335 τούτων
492 1282 768 1351 γενομένη
804 1286 1029 1349 πρῶτον
1055 1279 1160 1350 μὲν
1192 1288 1541 1350 καταμαθεῖν
1572 1278 1641 1336 οὐ
1671 1283 1854 1354 ῥᾳδία,
1891 1285 1949 1335 τί

245 1382 380 1417 ποτε
414 1361 664 1434 βούλοιτ’
705 1358 779 1417 ἀν
816 1359 966 1434 αὑτῷ
1004 1363 1270 1431 γενέσθαι
1307 1361 1407 1417 τὸν
1442 1367 1631 1431 τρίτον
1656 1363 1835 1432 ἔρωτά
1862 1384 1943 1426 τις

244 1448 385 1515 ἔχων
402 1450 622 1513 τοῦτον,
642 1446 829 1498 ἔπειτα
853 1447 930 1507 εἰς
948 1440 1280 1501 τούναντίον
1299 1439 1390 1497 ὑπ’
1413 1439 1624 1514 ἀμφοῖν
1646 1441 1942 1513 ἑλκόμενος

245 1523 460 1596 ἀπορεῖ,
490 1531 594 1580 τοῦ
624 1523 727 1596 μὲν
760 1524 1092 1589 κελεύοντος
1118 1531 1215 1595 τῆς
1244 1523 1394 1592 ὥρας
1422 1523 1718 1595 ἅπτεσθαι,
1749 1529 1850 1580 τοῦ
1882 1525 1942 1580 δὲ

244 1605 709 1677 ἀπαγορεύοντος.
759 1604 789 1660 ὁ
827 1604 930 1676 μὲν
965 1604 1073 1675 γάρ
1108 1609 1210 1660 τοῦ
1248 1605 1503 1676 σώματος
1536 1608 1684 1677 ἐρῶν
1717 1606 1809 1661 καὶ
1846 1611 1943 1676 τῆς

186 1705 218 1746 C
249 1688 397 1760 ὥρας
414 1687 672 1757 καθάπερ
694 1685 916 1759 ὀπώρας
934 1694 1144 1742 πεινῶν
1173 1689 1563 1759 ἐμπλησθῆναι
1594 1687 1940 1758 παρακελεύ-

243 1792 359 1827 εται
397 1771 604 1844 ἑαυτῷ,
647 1769 813 1842 τιμὴν
858 1767 1129 1840 οὐδεμίαν
1165 1766 1465 1840 ἀπονέμων
1510 1775 1587 1840 τῷ
1630 1776 1727 1840 τῆς
1764 1775 1942 1841 ψυχῆς

241 1851 371 1923 ἤθει
389 1857 492 1907 τοῦ
518 1853 827 1923 ἐρωμένου·
859 1847 889 1906 ὁ
921 1850 980 1906 δὲ
1005 1849 1290 1920 πάρεργον
1317 1854 1420 1922 μὲν
1441 1849 1547 1922 τὴν
1564 1856 1667 1906 τοῦ
1688 1851 1942 1921 σώματος

242 1937 548 2005 ἐπιθυμίαν
565 1937 724 2004 ἔχων,
743 1932 894 2002 ὁρῶν
914 1933 974 1989 δὲ
1001 1940 1215 2004 μᾶλλον
1243 1929 1280 2004 ἢ
1303 1936 1450 2005 ἐρῶν
1477 1939 1545 2006 τῇ
1572 1940 1742 2005 ψυχῇ,
1775 1932 1939 1988 δεόν-

243 2038 350 2082 τως
386 2023 483 2087 τῆς
518 2022 698 2087 ψυχῆς
726 2013 1146 2087 ἐπιτεθυμηκώς
1170 2014 1340 2087 ὕβριν
1364 2014 1565 2086 ἥγηται
1591 2014 1696 2085 τὴν
1722 2016 1848 2082 περὶ
1875 2013 1936 2069 τὸ

246 2105 404 2170 σῶμα
441 2104 544 2154 τοῦ
581 2098 833 2170 σώματος
870 2099 1218 2170 πλησμονήν,
1257 2095 1318 2167 τὸ
1358 2103 1592 2168 σῶφρον
1629 2098 1806 2153 δὲκαὶ
1834 2093 1940 2151 ἀν-

246 2184 434 2251 δρεῖον
470 2184 563 2237 καὶ
599 2182 1012 2252 μεγαλοπρεπὲς
1056 2181 1150 2237 καὶ
1193 2179 1255 2234 τὸ
1294 2179 1576 2251 φρόνιμον
1611 2178 1941 2249 αἰδούμενος

242 2260 355 2333 ἅμα
373 2264 465 2318 καὶ
480 2263 782 2334 σεβόμενος
800 2262 1065 2335 ἁγνεύειν
1078 2260 1164 2319 ἀεὶ
1175 2259 1309 2334 μεθ’
1332 2260 1670 2332 ἁγνεύοντος
1686 2267 1791 2318 τοῦ
1808 2262 1955 2328 εἴρω-ι

182 2365 216 2406 D
244 2345 419 2416 μένου
445 2343 691 2416 βούλοιτ’
729 2342 828 2399 ἄν·
867 2342 896 2400 ὁ
927 2345 987 2399 δὲ
1015 2347 1230 2414 μιχθεὶς
1269 2346 1323 2409 ἐξ
1355 2342 1569 2413 ἀμφοῖν
1592 2347 1773 2411 τρίτος
1800 2344 1938 2408 ἔρως

243 2420 409 2491 οὗτός
429 2424 544 2482 ἐσθ’
567 2423 635 2481 ὂν
647 2430 760 2481 νῦν
779 2426 1194 2496 διεληλύθαμεν
1207 2422 1280 2488 ὥς
1296 2429 1499 2495 τρίτον.
1521 2423 1704 2478 ὅντων
1724 2421 1783 2477 δὲ
1801 2419 1936 2475 τού-

242 2530 356 2564 των
382 2507 669 2564 τοσούτων
687 2507 928 2579 πότερον
948 2505 1198 2571 ἅπαντας
1229 2509 1316 2561 δεῖ
1340 2504 1579 2560 κωλύειν
1609 2502 1711 2559 τὸν
1738 2503 1936 2574 νόμον,

244 2589 581 2662 ἀπείργοντα
606 2590 680 2663 μὴ
712 2595 1009 2662 γίγνεσθαι
1036 2593 1097 2645 ἐν
1123 2585 1273 2660 ἡμῖν,
1305 2585 1342 2659 ἢ
1372 2590 1562 2658 δῆλον,
1591 2583 1676 2642 ὅτι
1706 2583 1806 2641 τὸν
1834 2585 1937 2655 μὲν

242 2669 440 2743 ἀρετῆς
459 2672 594 2728 ὄντα
614 2673 705 2729 καὶ
724 2671 826 2728 τὸν
843 2673 975 2728 νέον
1005 2674 1391 2742 ἐπιθυμοῦντα
1412 2666 1484 2733 ὡς
1503 2666 1731 2740 ἄριστον
1749 2673 1935 2736 γίγνε-

243 2762 378 2811 σθαι
405 2755 737 2828 βουλοίμεθ’
759 2753 833 2811 ἂν
850 2753 982 2828 ἡμῖν
1006 2759 1068 2811 ἐν
1085 2761 1152 2826 τῇ
1168 2753 1325 2810 πόλει
1343 2756 1563 2823 ἐνεῖναι,
1582 2751 1713 2816 τοὺς
1733 2753 1791 2805 δὲ
1812 2748 1934 2819 δύο,
