1976 3172
250 130 357 184 240
769 108 774 114 ’
870 135 1350 196 ΠΛΑΤῼΝΟΣ

382 271 511 321 ΑΘ.
541 258 660 336 Αρ’
681 258 788 322 οὖν
807 265 876 323 οὐ
897 271 1053 324 δοκεῖ
1066 285 1153 345 σοι
1173 275 1347 326 ταῦτα
1367 268 1509 327 εἶναι
1528 272 1711 328 πάντα
1735 294 1935 346 μετρη-

249 346 316 403 τὰ
335 345 475 417 πρὸς
496 346 739 419 ὅίλληλας

393 435 512 488 ΚΛ.
549 435 681 486 Ναί.

390 518 511 569 ΑΘ.
550 512 753 583 Μῆκός
769 533 847 582 τε,
867 510 1035 584 οἶμαι,
1062 511 1203 586 πρὸς
1225 520 1414 586 μῆκος,
1444 517 1536 572 καὶ
1566 517 1772 584 πλάτος
1802 517 1938 589 πρὸς
1970 588 1973 589 ⁷

132 613 222 659 820
253 595 478 667 πλάτος,
497 596 588 652 καὶ
607 595 790 667 βάθος
810 592 1071 661 ὡσαύτως
1091 595 1338 653 δυνατὸν
1357 596 1496 655 εἶναι
1516 611 1740 674 μετρεῖν
1755 600 1936 673 φύσει.

391 682 510 735 ΚΛ.
549 677 790 750 Σφόδρα
808 699 888 748 γε.

391 767 509 817 ΑΘ.
546 765 620 816 Εἰ
652 758 706 816 δ’
757 764 871 816 ἔστι
905 761 1041 832 μήτε
1078 763 1300 835 σφόδρα
1335 765 1471 838 μήτε
1510 765 1688 838 ἠρέμα
1726 765 1937 822 δυνατὰ

251 846 391 910 ἔνια,
413 839 554 896 άλλά
571 840 640 895 τὰ
659 844 779 911 μέν,
800 841 868 896 τὰ
903 844 965 897 δὲ
995 843 1091 914 μή,
1112 843 1187 900 ’σὺ
1214 847 1275 901 δὲ
1309 847 1492 904 πάντα
1523 846 1661 919 ἡγεῖ,
1689 855 1807 914 πῶς
1835 855 1939 905 οἰέι

251 921 391 992 πρὸς
409 928 582 978 ταῦτα
609 925 947 987 διακεῖσθαι;

393 1011 511 1061 ΚΛ.
553 1012 748 1076 Δῆλον
769 1004 854 1063 ὅτι
877 1006 1120 1077 φαύλως.

392 1095 512 1145 ΑΘ.
557 1094 628 1148 Τί
652 1088 703 1146 δ’
728 1083 830 1158 αὗ;
868 1091 1044 1163 μῆκός
1072 1112 1130 1147 τε
1160 1093 1253 1148 καὶ
1279 1093 1485 1159 πλάτος
1514 1092 1655 1164 πρὸς
1682 1096 1881 1166 βάθος,
1906 1093 1941 1167 ἦ

251 1171 456 1238 πλάτος
474 1193 533 1227 τε
558 1174 653 1229 καὶ
680 1180 855 1246 μῆκος
883 1172 1024 1244 πρὸς
1055 1173 1285 1247 ἄλληλα,
1323 1169 1418 1248 ἆρ’
1458 1173 1528 1233 οὐ
1564 1177 1943 1249 διανοούμεθα

252 1257 380 1327 περὶ
397 1261 572 1311 ταῦτα
600 1254 779 1323 οὕτως
801 1254 1066 1328 1’Ἐλληνες
1097 1257 1319 1330 πάντες,
1352 1256 1430 1325 ῶς
1460 1260 1671 1316 δυνατά
1705 1262 1818 1317 ἐστι
1845 1281 1943 1332 με-

253 1348 508 1411 τρεῖσθαι
526 1340 667 1409 πρὸς
684 1339 896 1412 άλληλα
914 1339 1066 1411 ἁμῶς
1081 1345 1147 1410 γε’
1164 1362 1306 1408 amm

194 1445 227 1485 B
399 1429 519 1478 KA.
556 1422 887 1480 Παντάπασι
903 1445 1007 1493 μεν
1026 1425 1143 1479 οὐν.

397 1511 516 1560 ΑΘ.
550 1509 624 1560 Εἰ
639 1504 692 1560 δ’
712 1509 861 1560 ἔστιν
882 1527 954 1560 αυ
935 1499 1234 1576 μηδαμῶς
1251 1508 1475 1577 μηδαμῇ
1496 1504 1726 1575 δυνατά,
1742 1504 1945 1568 πάντες

255 1587 308 1643 δ’
314 1587 502 1659 ,ὅπερ
541 1586 716 1657 εἷπον,
741 1586 1002 1659 Ἕλληνες
1037 1587 1418 1659 διανοούμεθα
1458 1585 1533 1653 ὡς
1562 1585 1790 1657 δυνατά,
1822 1591 1944 1657 μῶν

253 1670 360 1727 οὐκ
380 1668 585 1737 άξιον“
557 1672 697 1741 υπερ
718 1670 947 1728 πάντων
966 1675 1341 1742 αἰσχυνθέντα
1361 1673 1535 1726 εἰπεῖν
1553 1669 1693 1743 πρὸς
1711 1666 1942 1733 αὐτούς·

259 1776 303 1809 ω
339 1757 609 1826 βέλτιστοι
646 1757 759 1808 τῶν
789 1750 1086 1825 Ελλήνων,
1112 1757 1176 1809 ἓν
1219 1755 1450 1810 ἐκείνων
1486 1751 1641 1809 τουτ’
1681 1753 1830 1809 ἐστὶν
1865 1742 1946 1807 ῶν

256 1840 473 1907 ἔφαμεν
496 1835 726 1907 αἰσχρὸν
752 1837 856 1906 μὲν
882 1841 1174 1907 γεγονέναι
1205 1835 1268 1891 τό
1306 1834 1380 1907 μὴ
1414 1839 1762 1904 ἐπίστασθαι,
1792 1834 1853 1889 τό
1889 1830 1940 1888 δ’

255 1921 586 1974 ἐπίστασθαι
604 1915 909 1989 τάναγκαῖα
930 1917 1099 1976 οὐδὲν
1119 1918 1271 1976 πάνυ
1289 1920 1490 1988 καλόν;

398 2006 519 2055 ΚΛ.
557 2005 688 2065 Παῖς
709 1997 761 2056 δ’
783 1998 883 2067 οὔ;

397 2090 514 2140 ΛΘ.
555 2086 667 2140 Καὶ
686 2083 825 2153 πρὸς
843 2083 1061 2149 τούτοις
1077 2105 1141 2155 γε
1166 2083 1305 2141 ἄλλα
1321 2088 1435 2140 ἔστι
1451 2084 1666 2140 τούτων
1688 2086 1946 2154 ξυγγενῆ,

197 2182 228 2223 G
259 2169 321 2223 ἐν
340 2163 421 2231 οἷς
446 2161 522 2223 αὖ
539 2166 718 2224 πολλὰ
749 2165 1112 2239 ἁμαρτήματα
1139 2171 1367 2225 ἐκείνων
1395 2164 1610 2238 ἀδελφὰ
1639 2164 1770 2239 ἡμῖν
1797 2167 1945 2236 §2276-

256 2270 447 2319 γνεται
464 2256 576 2306 τῶν
596 2248 1017 2323 ἁμαρτημάτων.

397 2339 516 2388 ΚΛ.
555 2339 697 2388 Ποῖα
718 2336 815 2404 ᾶή;

400 2420 518 2470 ΑΘ.
565 2413 645 2468 To}
667 2420 780 2470 τῶν
799 2422 1082 2485 μετρητῶν
1100 2436 1159 2469 τε
1178 2417 1270 2469 καὶ
1289 2414 1542 2484 ἀμέτρων
1559 2409 1698 2482 πρὸς
1717 2408 1943 2479 ἄλληλα,

259 2490 408 2570 ᾗτινι
427 2496 598 2566 φύσει
615 2500 825 2566 γέγονε.
867 2501 1040 2551 ταῦτα
1071 2494 1179 2567 γὰρ
1211 2495 1277 2566 δὴ
1308 2498 1628 2550 σκοποῦντα
1648 2491 1947 2562 διαγιγνώ-

261 2597 417 2636 σκειν
446 2577 752 2649 ἀναγκαῖον
774 2576 811 2650 ἢ
845 2577 1200 2634 παντάπασιν
1237 2575 1378 2632 εἶναι
1414 2581 1654 2648 φαῦλον,
1694 2573 1947 2646 προβάλ-

261 2660 431 2717 λοντά
450 2681 508 2715 τε
523 2657 780 2731 ἀλλήλοις
799 2658 903 2731 ἀεί,
924 2657 1214 2732 διατριβὴν
1229 2666 1326 2732 τῆς
1344 2663 1589 2724 πεττείας
1607 2655 1751 2714 πολὺ
1762 2676 1947 2728 χαριε-

262 2745 464 2812 στέραν
484 2748 814 2815 πρεσβυτῶν
833 2745 1203 2814 διατρίβοντα,
1227 2749 1564 2813 φιλονεικεῖν
1583 2742 1644 2797 ἐν
1670 2750 1787 2805 ταῖς
1812 2737 1945 2795 τού-

261 2848 375 2882 των
389 2824 588 2892 ἀξίαισι
608 2832 839 2898 σχολαῖς.
