1976 3172
25 403 143 459 ταῖς
160 397 455 464 μεγίσταις,
476 390 735 460 ταράττει
750 385 813 444 τὸ
846 407 958 442 νυν
978 388 1042 443 έν
1068 386 1242 444 ἅπασι
1268 387 1487 452 τούτοις
1516 385 1655 443 ἰδών
1682 382 1720 457 ἦ

0 500 1 505 ’
59 471 100 530 ι’
122 472 293 544 ἀκοῆς
312 471 651 543 αἰσθόμενος
667 465 707 542 ἢ
722 469 816 526 καὶ
834 467 1191 525 παντάπασιν
1213 467 1422 540 [αὐτὸς]
1442 466 1721 539 αὐτόπτης

27 553 357 626 προστυχὼν
383 558 611 611 πολλῶν
635 549 1005 622 ἀσεβημάτων
1037 552 1134 607 καὶ
1168 553 1373 606 δεινοῖν
1399 552 1721 620 γενομένων

0 669 1 673 ¹
28 639 133 694 τισὶ
154 635 228 693 δι’
246 635 393 697 αὐτὰ
407 641 582 693 ταῦτα
605 638 667 690 ἐκ
695 638 946 704 σμικρων
975 636 1055 697 εἰς
1081 635 1420 703 τυραννίδας
1447 652 1506 686 τε
1534 633 1628 687 καὶ
1650 653 1719 686 τα

129 735 253 773 ιστα
277 718 679 788 ἀφικομένους·
716 714 843 770 τότε
862 712 953 769 δια
983 713 1166 770 πάντα
1194 714 1260 770 τοὶ
1292 719 1524 770 τοιαῦτα
1554 717 1722 784 δῆλος

0 843 1 846 ,
25 797 80 869 bl
98 803 418 871 μέμφεσθαι
445 800 551 870 μὲν
575 795 750 863 θεοὺς
777 794 852 862 ὥς
880 796 1145 896 αἰτίους”
1112 818 1278 862 οντας
1304 802 1420 852 τῶν
1445 795 1722 851 τοιούτων

57 878 113 937 ιᾶ
142 884 470 951 ξυγγένειαν
505 877 610 935 οὐκ
644 901 718 934 αν
753 880 996 948 ἐθέλων,
1034 876 1308 950 ἀγόμενος
1336 878 1398 935 δὲ
1430 875 1546 934 ὑπό
1569 899 1722 943 τινος

43 958 61 981 ’
164 968 252 1027 ιάς
286 985 402 1033 αμα
435 964 530 1018 καὶ
562 959 634 1017 οὐ
670 958 982 1031 δυνάμενος
1017 963 1399 1032 δυσχεραίνειν
1434 958 1608 1025 θεους
1644 963 1721 1025 εἰς
1754 974 1787 1015 Β

56 1049 189 1100 οῦτο
206 1049 318 1099 νῦν
334 1040 397 1099 τὸ
415 1043 603 1108 πάθος
631 1042 928 1113 ἐλήλυθας,
960 1040 1094 1098 ὥστ’
1123 1041 1266 1099 εἶναι
1286 1041 1389 1114 μὲν
1407 1045 1596 1098 δοκεῖν
1615 1039 1722 1096 αὐ-

55 1125 173 1194 ούς,
195 1132 311 1183 τῶν
327 1125 387 1183 δὲ
404 1124 786 1196 ἀνθρωπίνων
795 1135 1171 1196 καταφρονεῖν
1187 1127 1280 1181 καὶ
1298 1123 1523 1197 άμελεῖν
1540 1143 1722 1195 πραγ-

0 1256 2 1258 ,
26 1208 231 1265 μάτων.
262 1212 358 1265 ἵνα
385 1203 493 1265 οὖν
515 1207 590 1280 μὴ
621 1209 711 1265 ἐπὶ
736 1212 922 1279 μεῖζον
940 1212 1082 1281 ἔλθῃ
1100 1225 1189 1263 σοι
1215 1205 1402 1272 πάθος
1420 1207 1562 1276 πρὸς
1590 1203 1722 1261 ἆσέ-

91 1313 184 1346 ιαν
211 1291 274 1348 τό
301 1297 412 1346 νῦν
437 1289 623 1358 παρὸν
654 1289 852 1360 δόγμα,
889 1287 1014 1344 ἄλλ’
1051 1288 1152 1344 ἐάν
1181 1309 1299 1354 πως
1326 1286 1450 1344 οἷον
1487 1286 1720 1344 ἀποδιο-

24 1371 427 1443 ωμπήσασθαι
460 1371 651 1440 λόγοις
686 1367 823 1425 αὐτὸ
863 1367 1102 1439 προσιὸν
1135 1369 1435 1439 γενώμεθα
1473 1371 1721 1438 δυνατοί,

152 1453 364 1526 ιόμεθα,
402 1451 755 1519 συνάψαντες
791 1449 893 1508 τὸν
925 1453 1046 1523 ἑξῆς
1072 1451 1294 1525 λόγον
1274 1473 1318 1506 ω
1343 1449 1486 1524 πρὸς
1521 1450 1622 1507 τὸν
1658 1447 1720 1505 τὸ

26 1535 304 1636 παράπαν
313 1532 418 1607 οὐχ
433 1533 756 1607 ἡγούμενον
773 1532 947 1600 θεοὺς
966 1536 1021 1601 ἐξ
1049 1532 1220 1606 ἀρχῆς
1251 1532 1720 1604 διεπερανάμεθα,

26 1618 207 1693 τούτῳ
242 1619 310 1674 τὰ
348 1623 461 1673 νῦν
495 1615 970 1719 προσχρήσασθαι.
1009 1613 1082 1671 συ
1110 1613 1185 1687 δ’,
1217 1638 1259 1671 ω
1240 1608 1510 1671 ’Κλεινία
1539 1636 1599 1670 τε
1630 1613 1724 1669 καὶ
1756 1624 1786 1666 C

28 1706 292 1772 Μέγιλλε,
319 1698 460 1770 ὑπὲρ
478 1705 595 1757 τοῦ
599 1702 733 1755 νέου
750 1698 1013 1768 κάθάπερ
1032 1699 1096 1754 ἐν
1113 1708 1228 1762 τοῖς
1245 1700 1568 1770 ἔμπροσθεν
1589 1693 1723 1752 άπο-

0 1833 1 1837 ,
25 1781 351 1855 κρινόμενοι
370 1783 720 1854 διαδέχεσθε·
761 1804 838 1837 αν
867 1782 931 1837 δέ
955 1802 1008 1836 τι
1037 1778 1316 1836 δύσκολον
1345 1781 1584 1851 ἐμπίπτῃ
1611 1789 1725 1842 τοῖς

26 1866 235 1937 λόγοις,
261 1865 370 1937 ἐγω
399 1872 565 1940 σφῷν
597 1864 784 1936 ωσπερ
816 1869 927 1920 νῦν
958 1861 1027 1934 δὴ
1057 1861 1354 1936 δεξάμενος
1371 1865 1606 1933 διαβιβω
1623 1854 1724 1914 τον

135 1949 299 2022 αμόν.

173 2036 293 2090 ΚΛ.
327 2029 541 2101 Ὀρθως
558 2031 734 2102 λέγεις
746 2051 760 2062 ·
792 2031 886 2085 καὶ
904 2028 977 2085 σύ
997 2050 1056 2085 τε
1075 2026 1224 2083 οὕτω
1242 2032 1416 2082 ταῦτα
1437 2028 1542 2095 δρᾶ
1562 2024 1727 2095 ποιή-

0 2157 2 2163 .
67 2114 206 2185 ομέν
220 2134 279 2169 τε
295 2110 453 2185 ἡμεῖς
474 2117 551 2179 εἰς
568 2110 631 2169 τὸ
653 2109 944 2169 δυνατόν’
922 2135 958 2167 α
947 2111 1166 2181 λέγεις.
1407 2135 1415 2138 ’

172 2201 291 2252 ΑΘ.
324 2191 470 2252 ”Αλλ
493 2191 663 2251 οὐδὲν
691 2193 814 2266 τάχ’
844 2215 918 2250 αν
941 2201 1075 2259 ἴσως
1098 2199 1183 2264 εἴη
1207 2188 1451 2264 χαλεπὸν
1481 2191 1729 2254 ἐνδείξα-

27 2285 171 2335 σθαι
196 2276 365 2334 τοῦτό
382 2297 464 2348 γε,
486 2274 562 2342 ὥς
585 2279 859 2348 ἐπιμελεῖς
875 2280 1126 2348 σμικρῶν
1145 2274 1249 2330 εἰσὶ
1277 2273 1404 2329 θεοὶ
1431 2268 1535 2341 οὐχ
1561 2261 1730 2341 ἦττον

28 2354 72 2431 ἢ
89 2366 205 2416 τῶν
222 2363 450 2432 μεγέθει
477 2358 881 2431 διαφερόντων.
936 2357 1109 2429 ἤκουε
1141 2356 1249 2427 γάρ
1278 2372 1392 2410 που
1416 2354 1510 2410 καὶ
1541 2357 1729 2423 παρῆν

3 2455 6 2464 ’
28 2437 148 2506 ὡῐς
174 2448 287 2498 νῦν
314 2442 382 2515 δὴ
409 2443 746 2514 λεγομένοις,
779 2438 854 2506 ὦς
880 2437 1093 2511 άγαθοί
1113 2460 1177 2510 γε
1204 2458 1362 2501 οντες
1380 2441 1570 2490 πᾶσαν
1597 2430 1792 2503 ἀρε-Ι)

27 2522 143 2593 ’τὴν
157 2521 263 2593 τὴν
278 2530 393 2580 τῶν
406 2524 635 2582 πάντων
654 2526 968 2596 ἐπιμέλειαν
987 2518 1331 2589 οἰκειοτάτην
1342 2513 1532 2572 αὐτῶν
1551 2507 1730 2570 οὖσαν

0 2653 1 2658 ,
28 2605 344 2677 κέκτηνται.

184 2694 302 2746 ΚΛ.
339 2689 449 2746 Καὶ
467 2688 686 2760 σφόδρα
706 2711 770 2762 γε
788 2687 1078 2759 ἐπήκουεν.

184 2777 301 2827 ΑΘ.
344 2769 419 2827 Τὸ
461 2770 596 2842 μετὰ
632 2779 797 2829 τοῦτο
835 2776 1029 2827 τοίνυν
1067 2771 1231 2837 κοινῇ
1267 2760 1729 2831 συνεξετάζωμεν,
