1976 3172
249 124 355 178 272
877 124 1050 171 ΠΛΑ
1067 122 1356 193 ΤΩΝΟΣ

134 275 222 320 848
253 258 438 328 ῶραῖα
448 257 748 330 νεμόμενα,
770 259 863 313 καὶ
889 255 994 313 ὅσα
1019 261 1130 323 ζῶα
1153 256 1444 327 ξύμπαντα
1462 258 1696 332 πράσιμ’
1724 257 1796 318 ἂν
1817 264 1947 318 ἑκά-

251 359 401 406 στοις
427 343 481 413 ᾗ,
501 346 659 413 τριχῇ
689 342 1016 409 διαιρείσθω
1043 337 1185 395 κατὰ
1208 339 1397 413 λόγον,
1431 344 1494 398 ἓν
1520 346 1625 415 μὲν
1650 346 1815 415 μέρος
1835 356 1947 418 τοῖς

249 426 584 494 ἐλευθέροις,
611 424 676 478 ἓν
705 423 766 478 δὲ
794 432 910 486 τοῖς
933 421 1151 477 τούτων
1181 425 1433 495 οἰκέταις,
1456 424 1518 481 τὸ
1543 425 1602 482 δὲ
1630 430 1819 496 τρίτον
1848 430 1947 496 δη-

249 515 538 575 μιουργοῖς
564 524 626 558 τε
647 511 742 559 καὶ
777 522 1001 568 παντως
1019 515 1134 569 τοῖς
1165 506 1359 574 ξένοις,
1382 508 1439 576 οἵ
1464 508 1530 571 τέ
1557 528 1702 571 τινες
1735 502 1808 562 ἂν
1832 513 1948 562 τῶν

248 579 790 659 μετοικούντωνῶσι
819 589 1213 652 ξυνοικοῦντες
1240 594 1453 658 τροφῆς
1481 585 1792 659 ἀναγκαίου
1821 588 1948 644 δεό-

248 690 427 740 μενοι,
447 669 538 724 καὶ
559 666 683 723 ὅσοι
702 672 859 742 χρείᾳ
875 669 985 725 τινὶ
1003 669 1218 734 πόλεως
1243 667 1279 740 ἥ
1301 690 1452 734 τινος
1470 673 1709 726 ἰδιωτῶν
1727 675 1949 740 εἰσαφι-

248 755 519 805 κνοῦνται
537 750 813 821 ἑκάστοτε,
835 750 1065 807 πάντων
1092 758 1206 807 τῶν
1234 749 1557 822 ἀναγκαίων
1586 749 1948 823 ἀπονεμηθὲν

247 836 435 899 τρίτον
444 834 616 902 μέρος
635 829 809 886 ῶνιον
829 834 885 896 ἐξ
906 830 1154 903 ἀναγκης
1173 837 1313 888 ἔστω
1340 840 1506 889 τοῦτο
1536 831 1732 904 μόνον,
1754 840 1868 888 τῶν
1889 832 1947 889 δὲ

250 911 353 966 δύο
380 917 569 983 μερῶν
601 910 777 982 μηδεν
813 910 1122 984 ἐπαναγκες
1148 918 1288 969 ἔστω
1324 920 1545 968 πωλεῖν.
1587 920 1706 978 πῶς
1733 935 1838 970 ουν
1856 913 1944 984 δὴ

183 1011 216 1051 Β
253 997 431 1047 ταῦτα
460 988 746 1064 ὀρθότατα
774 989 985 1063 νέμοιτ’
1017 991 1117 1061 dim
1153 1000 1378 1065 πρῶτον
1410 996 1513 1066 μὲν
1543 997 1732 1067 δῆλον,
1767 991 1853 1050 ὅτι
1879 1001 1949 1066 τῇ

248 1078 351 1146 μὲν
370 1083 478 1146 ἴσα,
499 1082 569 1146 τῇ
591 1073 643 1130 δ’
666 1073 772 1130 οὐκ
791 1083 884 1130 ἴσα
904 1077 1157 1148 νέμομεν.

394 1165 514 1215 ΚΛ.
552 1165 683 1224 Πῶς
702 1161 903 1229 λέγεις;

387 1248 506 1298 ΑΘ.
528 1246 727 1309 ’Χείρω
756 1261 870 1297 που
898 1243 991 1297 καὶ
1017 1246 1215 1313 βελτίω
1241 1242 1460 1301 τούτων
1487 1245 1690 1302 ἕκαστα
1728 1243 1945 1315 ἀνάγκη

249 1324 418 1394 φύειν
436 1324 529 1379 καὶ
557 1325 846 1394 ἐκτρέφειν
863 1324 969 1396 την
984 1328 1107 1394 γῆν.

387 1412 506 1461 ΚΛ.
544 1411 676 1469 Πῶς
695 1405 804 1475 γὰρ
824 1404 922 1472 οὕς

390 1494 509 1543 ΑΘ.
555 1493 644 1560 Τῷ
662 1486 971 1556 μὲντοίνυν
988 1487 1222 1543 τοιούτω
1235 1492 1350 1544 τῶν
1368 1492 1557 1558 μερῶν
1575 1493 1746 1557 τριῶν
1763 1485 1946 1543 ὄντων

248 1571 422 1670 μηδὲν
442 1572 613 1626 πλέον
639 1571 804 1639 ἐχέτω
834 1569 971 1640 μήτε
996 1569 1058 1625 τὸ
1083 1581 1214 1635 τοϊς
1227 1570 1518 1633 δεσπόταις
1546 1566 1582 1640 ἢ
1605 1567 1826 1634 δούλοις
1849 1591 1947 1626 νε-
1972 1621 1976 1629 ,

250 1652 517 1723 μόμενου,
535 1651 672 1722 μήτε
692 1672 766 1705 αυ
787 1648 849 1705 τὸ
876 1657 991 1706 τῶν
1006 1653 1201 1721 ξένων,
1222 1650 1360 1707 ἄλλα
1379 1649 1483 1724 τὴν
1510 1657 1606 1722 τῆς
1626 1649 1945 1724 ὁμοιότητος

249 1732 473 1803 ἰσότητα
496 1730 531 1803 ἡ
564 1730 708 1803 νομὴ
747 1738 918 1788 πᾶσιν
946 1731 1261 1790 αποδιδότω
1297 1731 1401 1805 τὴν
1437 1731 1632 1806 αὐτήν,
1666 1733 1858 1807 λαβὼν
1890 1733 1945 1790 δ’

185 1828 216 1870 G
249 1819 481 1881 ἕκαστος
496 1823 612 1871 τῶν
627 1822 874 1873 πολιτῶν
889 1816 958 1872 τὰ
982 1817 1086 1873 δύο
1106 1819 1246 1889 μέρη
1265 1817 1460 1888 κύριος
1486 1820 1624 1872 ἔστω
1652 1823 1749 1888 τῆς
1772 1823 1946 1888 νομῆς

245 1898 470 1964 δούλοις
487 1919 546 1953 τε
575 1900 669 1954 καὶ
697 1901 1032 1969 ἐλευθέροις,
1063 1897 1224 1955 ὄπόσ’
1260 1921 1338 1954 αν·
1361 1899 1455 1954 καὶ
1485 1894 1647 1954 ὁποῖα
1675 1898 1944 1969 βούληται

244 1982 553 2052 διανέμειν·
592 1978 654 2035 τὸ
694 1981 754 2036 δὲ
785 1983 956 2036 πλέον
990 1981 1208 2037 τούτων
1245 1982 1463 2052 μέτροις
1496 2001 1556 2035 τε
1592 1981 1684 2035 καὶ
1719 1979 1945 2052 ἀριθμῷ

242 2065 375 2135 τῇδε
394 2060 496 2134 χρὴ
522 2065 903 2133 διανέμεσθαι,
927 2061 1171 2135 λαβόντα
1189 2062 1292 2118 τὸν
1312 2058 1565 2133 αριθμὸν
1583 2061 1813 2117 πάντων
1830 2067 1944 2116 τῶν

243 2145 316 2210 ζῶ
322 2166 418 2214 ων,
431 2140 511 2209 οἷς
524 2146 584 2200 ἐκ
597 2150 694 2215 τῆς
709 2150 811 2216 γῆς
830 2148 918 2200 δεῖ
929 2143 1036 2216 τὴν
1047 2144 1266 2216 τροφὴν
1276 2147 1588 2215 γίγνεσθαι,
1605 2144 1940 2214 [διανέμειν].
1959 2216 1963 2219 1

242 2223 305 2280 τὸ
330 2228 389 2280 δὲ
399 2224 543 2296 μετὰ
562 2233 728 2282 τοῦτο
750 2225 938 2292 αὐτοῖς
957 2227 1197 2299 οἰκήσεις
1216 2229 1303 2282 δεῖ
1324 2227 1490 2296 χωρὶς
1515 2228 1940 2296 διατεταγμένας
1963 2222 1968 2235 ⁷

246 2305 413 2363 εἶναι·
447 2306 599 2371 τάξις
624 2308 683 2363 δὲ
701 2306 802 2378 ἥδε
827 2311 1023 2379 πρέπει
1043 2320 1156 2373 τοῖς
1182 2308 1469 2374 τοιούτοις.
1509 2307 1725 2364 δῶδεκα
1751 2304 1953 2376 κῶμας

245 2387 387 2444 εἶναι
415 2387 533 2459 χρή,
555 2388 695 2443 κατὰ
715 2391 888 2459 μέσον
917 2390 979 2445 τὸ
1013 2390 1496 2461 δωδεκατημόριον
1523 2391 1759 2445 ἕκαστον
1786 2393 1937 2458 μίαν,

177 2489 212 2528 D
246 2472 305 2526 ἐν
324 2476 392 2543 τῇ
411 2470 573 2542 κῶμῃ
592 2470 651 2525 δὲ
684 2470 886 2543 εκαστῃ
916 2477 1140 2540 πρῶτον
1169 2470 1322 2540 μὲν”
1298 2491 1420 2540 ιερα
1450 2471 1543 2524 καὶ
1572 2466 1786 2539 ἀγορὰν
1813 2470 1939 2541 ἐξῃ-

250 2558 460 2625 ρῆσθαι
478 2556 634 2607 θεῶν
652 2573 711 2608 τε
730 2555 822 2608 καὶ
848 2558 964 2608 τῶν
997 2553 1283 2623 επομένων
1311 2558 1466 2615 θεοῖς
1497 2549 1799 2621 δαιμόνων,
1830 2557 1938 2606 εἴτε

245 2655 389 2698 τινες
422 2637 646 2690 ἔντοποι
675 2634 1001 2706 Μαγνήτων
1034 2633 1134 2691 εἴτ
1164 2633 1353 2690 α’λλων
1381 2632 1655 2704 ἱδρύματα
1684 2637 1976 2698 παλαιῶνξ

245 2713 434 2787 μνήμῃ
456 2718 879 2787 διασεσωμένων
909 2721 1028 2784 εἰσί,
1058 2716 1273 2782 τούτοις
1301 2714 1672 2781 ἀποδιδόντας
1699 2714 1795 2780 τὰς
1822 2711 1976 2775 τῶνῧ

243 2794 414 2852 παλαι
443 2798 602 2869 τιμὰς
630 2797 969 2872 ἀνθρώπων,
1001 2796 1209 2864 Ἑστίας
1238 2801 1298 2855 δὲ
1327 2801 1419 2856 καὶ
1445 2796 1586 2863 Διὸς
1610 2796 1854 2870 Ἀθηνᾶς
1877 2816 1935 2852 τε
1974 2866 1976 2883 i

1973 2997 1976 3004 ι

1972 3006 1976 3013 v

1972 3023 1976 3030 r
