1976 3172
243 147 348 200 188
851 147 1026 193 ΠΛΑ
1046 145 1328 216 ΤΩΝΟΣ

241 287 428 336 πᾶσαν
446 281 778 334 δυναστείαν
797 277 1195 333 δυναστεύοντι
1212 276 1352 349 πρὸς
1371 274 1776 348 ἀσθενέστερον
1793 278 1917 333 ἑαυ-

241 368 359 419 τοῦ.
380 362 630 428 κολάζειν
647 383 710 431 γε
734 361 847 433 μὴν
865 365 927 418 ἐν
948 366 1072 434 δίκῃ
1101 361 1337 425 δούλους
1365 364 1463 430 δεῖ,
1495 362 1588 416 καὶ
1610 359 1688 457 μὴ
1716 369 1924 416 νουθε-

241 450 476 508 τοῦντας
497 441 570 508 ὡς
593 446 925 515 ἐλευθέρους
945 444 1302 513 θρύπτεσθαι
1320 447 1522 498 ποιεῖν·
1560 442 1662 512 τὴν
1692 439 1752 497 δε
1780 444 1925 497 οἰκέ-
1967 471 1969 484 =

240 547 342 581 του
359 526 668 597 πρόσρησιν
684 524 785 597 χρὴ
808 525 1003 597 σχεδὸν
1033 529 1273 590 ἐπίταξιν
1301 541 1488 579 πασαν
1513 527 1820 593 γίγνεσθαι,
1851 519 1971 593 μὴ

117 622 213 671 ,778
242 612 678 678 προσπαίζοντας
697 611 921 680 μηδαμῇ
941 611 1202 678 μηδαμως
1220 609 1467 676 οἰκέταις,
1482 602 1598 676 μήτ’
1620 607 1726 660 οὐν
1743 609 1925 674 θηλεί·
1940 596 1976 682 ἐξ.

243 711 328 754 αις
364 689 498 768 μήτε
533 687 787 761 ἄρρεσιν·
837 687 875 744 ὁὶ
912 687 979 759 δὴ
1018 688 1157 759 πρὸς
1192 688 1432 752 δούλους
1469 693 1695 757 φιλοῦσι
1733 687 1927 741 πολλοὶ

243 764 464 841 σφόδρά
483 769 735 842 ἀνοήτως
754 772 1103 840 θρύπτοντες
1117 770 1501 842 χαλεπώτερον
1520 768 1927 837 ἀπεργάζεσθαι

242 851 342 907 τὸν
358 857 484 922 βίον
503 854 734 916 ἐκείνοις
750 873 809 906 τε
829 851 1101 922 ἄρχεσθαι
1118 855 1209 908 καὶ
1228 853 1439 916 ἑαυτοῖς
1458 850 1660 921 ἄρχειν.

383 937 503 987 KA.
534 930 747 1002 Ὀρθῶς
765 935 954 1000 λέγεις.

389 1020 506 1070 ΑΘ.
543 1010 776 1069 Οὐκοῦν
808 1011 900 1068 ὅτε
929 1035 1009 1078 τις
1045 1015 1278 1078 οἰκέταις
1313 1016 1818 1112 κατεσκευασμένος
1854 1014 1930 1073 εἰς
1958 1051 1959 1054 ¹

247 1095 490 1197 δύναμιν
520 1103 602 1165 εἴη
623 1094 828 1166 πλήθει
858 1095 951 1149 καὶ
977 1093 1372 1165 ἐπιτηδειότητι
1406 1092 1544 1162 πρὸς
1573 1093 1803 1157 εκάστας
1832 1089 1930 1154 τὰς

245 1186 357 1234 τῶν
380 1181 561 1248 ἔργων
576 1181 1008 1250 παραβοηθείας,
1029 1174 1090 1232 τὸ
1115 1175 1181 1248 δὴ
1202 1176 1334 1249 μετὰ
1364 1181 1530 1232 τοῦτο
1564 1174 1800 1246 οἰκήσεις
1828 1173 1976 1268 χρὴρςἰ

251 1260 582 1330 διαγράφειν
601 1282 675 1315 τω
698 1260 874 1334 λόγῳ;

388 1347 507 1398 ΚΛ.
540 1341 707 1398 Πάνυ
725 1364 828 1412 μεν
847 1335 965 1397 οὖν.

184 1442 217 1482 Β
389 1429 493 1480 ΧΧ.
531 1431 650 1480 ΑΘ.
683 1425 793 1479 Καὶ
813 1421 1098 1493 ξυμπάσης
1116 1442 1178 1490 γε
1210 1419 1284 1485 ὥς
1312 1424 1439 1484 ἔπος
1465 1423 1637 1474 εἰπεῖν
1666 1422 1810 1472 ἔοικε
1839 1422 1934 1485 τῆς

249 1509 602 1576 οἰκοδομικῆς
629 1505 755 1574 πέρι
773 1503 876 1575 τήν
891 1525 953 1573 γε
974 1501 1040 1573 δὴ
1059 1504 1191 1558 νέαν
1212 1504 1304 1557 καὶ
1332 1501 1591 1571 ἀοίκητον
1612 1503 1672 1554 ἐν
1689 1504 1766 1570 τῷ
1787 1495 1933 1564 πρό-

248 1596 391 1644 σθεν
418 1587 587 1642 πόλιν
618 1588 967 1657 ἐπιμελητέον
1003 1583 1158 1659 εἶναι,
1191 1588 1315 1639 τίνα
1352 1582 1564 1651 τρόπον
1595 1582 1796 1635 ἕκαστα
1828 1578 1935 1642 ε’ξει

251 1673 478 1728 τούτων’
495 1674 639 1741 περί
649 1690 708 1725 τε
737 1669 856 1741 ίερα
886 1669 976 1724 καὶ
1005 1674 1165 1739 τείχη.
1205 1666 1401 1737 γάμων
1429 1660 1482 1719 δ’
1514 1685 1586 1734 ην
1616 1666 1936 1733 ἔμπροσθεν
1968 1653 1976 1685 ³

251 1760 443 1824 ταῦτα,
475 1775 517 1808 ω
547 1757 802 1808 Κλεινία·
840 1758 950 1806 νῦν
981 1753 1045 1806 δέ
1069 1747 1122 1819 γ’
1165 1746 1370 1818 ύστερα
1398 1744 1545 1819 λόγῳ
1565 1749 1824 1839 γίγνεται,
1845 1741 1936 1797 καὶ

252 1834 381 1906 μάλ’
407 1838 637 1905 ἐγχωρεῖ
648 1834 822 1904 ταύτῃ
841 1838 1135 1903 γίγνεσθαι
1151 1851 1219 1885 τα
1239 1836 1378 1884 νῦν·
1399 1832 1542 1899 ἔργῳ
1563 1823 1677 1895 μὴν
1695 1822 1830 1878 ὅταν
1848 1829 1935 1890 γί-

251 1938 465 1987 γνηται,
502 1914 660 1971 ταῦτ’
700 1920 1020 1986 ἔμπροσθεν
1047 1934 1159 1967 των
1195 1911 1405 1981 γάμων,
1445 1906 1543 1964 ἐαν
1578 1906 1714 1970 θεὸς
1750 1905 1933 1973 ἐθέλῃ,

194 2006 225 2047 C
252 1997 582 2068 ποιήσαντες
602 1998 782 2052 ἐκεῖνα
801 1994 905 2067 ἤδη
926 1994 1047 2050 τότε
1069 1995 1155 2049 ε’πὶ
1173 1998 1305 2047 πᾶσι
1316 2002 1427 2055 τοῖς
1447 1987 1717 2050 τοιούτοις
1736 1985 1938 2043 ἀποτε-

251 2084 476 2150 λοῦμεν.
498 2084 609 2135 νῦν
627 2078 687 2134 δε
708 2077 884 2149 μόνον
903 2074 1040 2132 ὅσον
1059 2073 1182 2130 τινὰ
1211 2073 1388 2129 τύπον
1408 2069 1594 2127 αὐτῶν
1625 2065 1699 2124 δι’
1732 2065 1936 2137 ὀλίγων
1973 2137 1976 2142 ¹

255 2159 1968 2232 ἐπεξέλθωμεν.

393 2249 513 2298 ΚΛ.
551 2243 717 2297 Πάνυ
735 2263 837 2312 μεν
856 2233 977 2295 οὖν.

396 2330 514 2378 ΛΘ.
559 2322 639 2377 Τὰ
660 2345 761 2392 μεν
779 2329 974 2377 τοίνυν
998 2319 1117 2391 ἱερὰ
1142 2325 1328 2373 πᾶσαν
1347 2319 1499 2385 πέριξ
1517 2314 1619 2385 τήν
1646 2334 1704 2368 τε
1725 2310 1938 2382 ἀγορὰν

253 2427 355 2477 χρη
397 2402 825 2476 κατασκευάζειν
862 2404 954 2456 καὶ
990 2402 1093 2470 τὴν
1128 2400 1293 2454 πόλιν
1328 2397 1466 2466 όλην
1490 2400 1551 2450 ἐν
1579 2394 1768 2464 κύκλῳ
1799 2389 1937 2465 πρὸς

254 2499 369 2551 τοῖς
386 2483 621 2556 ὑψηλοῖς
648 2505 763 2539 των
797 2482 1004 2551 τόπων,
1035 2479 1314 2549 εὐερκείας
1348 2498 1406 2532 τε
1429 2476 1520 2531 καὶ
1555 2472 1957 2544 καθαρότητος

253 2569 443 2642 χάριν·
465 2564 602 2638 πρὸς
621 2565 680 2622 δε
698 2563 885 2631 αὐτοῖς
903 2564 1139 2635 οἰκήσεις
1157 2584 1214 2618 τε
1241 2559 1527 2632 ἀρχόντων
1556 2561 1648 2614 καὶ
1676 2562 1937 2627 δικαστη-
1952 2590 1976 2596 ’-

257 2656 412 2723 ρίων,
435 2652 495 2705 ἐν
522 2644 602 2713 οἷς
620 2670 718 2713 τας
737 2651 890 2712 δίκας
913 2645 982 2712 ὡς
1002 2644 1312 2715 ιερωτάτοις
1341 2645 1466 2698 οὐσι
1483 2641 1757 2713 λήψονταί
1769 2660 1827 2694 τε
1846 2637 1937 2693 καὶ

187 2737 222 2778 D
255 2732 515 2802 δώσουσι,
535 2754 601 2786 τα
622 2734 722 2802 μὲν
740 2753 811 2795 ως
831 2727 1002 2786 ὁσίων
1020 2731 1160 2800 πέρι,
1181 2749 1247 2782 τα
1278 2724 1337 2781 δε
1366 2727 1457 2781 καὶ
1485 2722 1756 2780 τοιούτων
1782 2725 1937 2793 θεων

257 2813 558 2888 ιδρύματα
597 2815 688 2870 καὶ
717 2817 778 2870 ἐν
815 2812 1031 2878 τούτοις
1068 2809 1404 2882 δικαστήρια,
1433 2809 1494 2863 έν
1524 2801 1603 2871 οἷς
1641 2808 1700 2860 αἵ
1727 2824 1785 2859 τε
1822 2822 1936 2858 των
