1976 3172
246 150 352 203 294
865 148 1341 196 ΠΛΑΤΩΝΟΣ

246 286 473 355 μένους·
497 279 565 336 οὐ
585 282 696 353 μὴν
715 279 837 337 ἀλλ’
864 279 1030 337 εἰκών
1049 279 1170 337 ἐσθ’
1202 280 1481 352 ἑκάτερος·
1520 282 1549 339 6
1571 286 1674 356 μὲν
1691 286 1793 343 τὸν
1819 296 1932 344 θυ-

181 378 185 382 ’
247 364 358 436 μόν
381 362 678 435 φυλάττων
696 363 788 418 καὶ
808 360 912 418 οὐκ
931 365 992 419 ἐκ
1010 368 1112 420 τοῦ
1145 371 1476 435 παραχρῆμα
1483 368 1762 470 ἐξαίφνης
1792 367 1932 427 ἀλλὰ

247 445 383 517 μετὰ
419 447 717 546 ἐπιβουλῆς
750 438 990 513 ὕστερον
1030 444 1213 519 χρόνῳ
1251 447 1663 518 τιμωρούμενος
1698 452 1932 524 ἑκουσίῳ

248 533 447 597 ἔοικεν,
486 526 515 583 6
558 526 618 584 δὲ
652 524 991 598 ἀταμιεύτως
1027 538 1143 592 ταῖς
1181 525 1368 597 ὀργαῖς
1403 533 1495 585 καὶ
1523 532 1583 587 ἐκ
1619 539 1722 588 τοῦ
1750 552 1934 605 παρα-

245 617 426 682 χρῆμα
445 607 621 674 εὐθὺς
639 607 920 680 χρώμενος
940 607 1444 709 ἀπροβουλεύτως
1423 611 1611 683 όμοιος
1634 614 1738 711 μὲν
1759 613 1934 670 ἀκου-

247 697 366 765 σίω,
405 694 519 746 ἔστι
556 689 616 745 δὲ
652 686 774 745 οὐδ’
816 683 979 755 οὗτος
1016 693 1089 746 αὐ
1125 691 1482 748 παντάπασιν
1513 691 1775 760 ἀκούσιος
1806 693 1931 752 ἀλλ’

180 781 213 822 Β
246 772 412 828 εἰκων
439 770 725 826 ἀκουσίου.
763 771 849 825 διὸ
869 774 1095 841 χαλεποὶ
1115 776 1372 845 διορίζειν
1400 778 1458 830 οἱ
1482 797 1557 830 τω
1590 782 1760 851 θυμω
1789 795 1935 847 πρα-

243 855 471 926 χθέντες
514 852 699 922 φόνοι,
741 852 981 923 πότερον
1016 855 1304 919 ἑκουσίους
1339 854 1544 922 αὐτοὺς
1589 858 1626 930 ἤ
1663 881 1815 924 τινας
1861 856 1935 924 ὡς

244 937 541 1000 ἀκουσίους
562 937 972 1007 νομοθετητέον
987 958 998 968 ·
1019 940 1303 1008 βέλτιστον
1323 940 1434 1011 μὴν
1450 943 1540 996 καὶ
1553 939 1934 1012 ἀληθέστατον

243 1024 322 1085 εἰς
359 1018 552 1075 εἰκόνα
587 1019 691 1090 μὲν
727 1017 896 1089 ἄμφω
933 1027 1139 1090 θεῖναι,
1176 1032 1359 1092 τεμεῖν
1385 1020 1445 1076 δὲ
1478 1019 1628 1077 αὐτοὶ
1670 1026 1834 1093 χωρὶς
1868 1030 1938 1094 τῇ

243 1105 513 1180 ἐπιβουλῇ
549 1101 640 1156 καὶ
677 1098 1040 1175 ἀπροβουλίᾳ,
1072 1103 1163 1158 καὶ
1198 1114 1312 1168 τοῖς
1348 1105 1449 1174 μὲν
1481 1102 1599 1175 μετ’
1641 1105 1937 1176 ἐπιβουλῆς

243 1204 302 1238 τε
320 1185 413 1239 καὶ
442 1180 584 1256 ὀργῇ
606 1189 848 1240 κτείνασι
881 1182 979 1248 τὰς
1014 1189 1275 1256 τιμωρίας
1304 1188 1702 1257 χαλεπωτέρας,
1731 1197 1845 1252 τοῖς
1875 1188 1936 1243 δὲ

244 1265 712 1337 ἀπροβουλεύτως
740 1287 799 1321 τε
835 1268 927 1322 καὶ
963 1267 1222 1338 ἐξαίφνης
1250 1271 1557 1341 πραοτέρας
1587 1277 1931 1340 νομοθετεῖν·

185 1359 217 1401 C
246 1346 308 1403 τὸ
329 1348 436 1419 γὰρ
457 1348 638 1414 ἐοικὸς
655 1353 861 1418 μείζονι
889 1354 1045 1420 κακῷ
1071 1350 1351 1420 μειζόνως,
1380 1349 1442 1406 τὸ
1475 1348 1529 1406 δ’
1568 1351 1819 1407 ε’λάττονι
1849 1372 1933 1405 τι-

240 1430 527 1501 μωρητέον
547 1428 865 1493 ἐλαττόνως.
904 1431 1161 1500 ποιητέον
1183 1431 1249 1500 δὴ
1274 1432 1366 1486 καὶ
1395 1429 1510 1495 τοῖς
1534 1431 1815 1502 ἡμετέροις
1835 1429 1933 1486 νό-

240 1533 364 1582 μοις
385 1509 576 1575 οὕτως.

384 1598 505 1648 ΚΛ.
542 1591 874 1647 Παντάπασι
892 1592 993 1662 μὲν
1013 1587 1135 1647 οὖν.

384 1678 467 1730 ΙΧ.
490 1680 607 1731 ΑΘ.
638 1674 821 1729 Πάλιν
834 1674 1239 1740 ἐπανελθόντες
1250 1679 1446 1729 τοίνυν
1456 1676 1719 1744 λέγωμεν,
1739 1669 1811 1729 ἀν
1825 1671 1933 1742 ἀρα

240 1780 321 1823 τις
359 1756 615 1829 αὐτόχειρ
651 1755 752 1828 μὲν
781 1762 969 1829 κτείνῃ
1006 1757 1327 1828 ἐλεύθερον,
1358 1754 1419 1811 τὸ
1459 1755 1930 1827 δὲ’πεπραγμένον

241 1838 705 1911 ἀπροβουλεύτως
725 1837 865 1912 ὀργῇ
884 1843 990 1895 τινὶ
1008 1843 1231 1912 γένηται
1254 1842 1525 1911 πραχθέν,
1555 1836 1621 1894 τά
1650 1839 1752 1910 μὲν
1771 1837 1930 1909 ἄλλα,

239 1921 497 1992 καθάπερ
517 1921 654 1978 ἄνευ
672 1929 867 1992 θυμοῦ
901 1928 1177 1978 κτείναντι
1195 1923 1444 1993 προσῆκέ
1458 1942 1533 1995 τῳ
1554 1920 1801 1991 πάσχειν,
1823 1940 1933 1974 πα-

243 2007 432 2075 σχέτω,
453 2004 554 2060 δύο
577 2002 632 2059 δ’
653 2008 707 2070 ἐξ
727 2003 971 2075 ἀνάγκης
989 2008 1080 2076 ἔτη
1102 2006 1351 2075 φευγέτω
1371 2004 1618 2070 κολάζων
1637 2001 1737 2059 τὸν
1756 1999 1933 2058 αὑτοῦ

173 2098 208 2139 D
241 2086 449 2158 θυμόν.
490 2084 520 2142 6
542 2090 600 2142 δὲ
618 2093 785 2161 θυμῷ
806 2089 924 2158 μέν,
946 2084 1062 2158 μετ’
1087 2089 1387 2159 ἐπιβουλῆς
1414 2085 1474 2142 δὲ
1491 2090 1708 2150 κτείνας
1733 2082 1800 2139 τὰ
1830 2083 1932 2155 μὲν

242 2167 384 2224 ἄλλα
406 2168 546 2225 κατὰ
571 2168 674 2240 τὸν
691 2169 947 2240 πρόσθεν
966 2163 1057 2240 αὖ,
1076 2175 1201 2242 τρία
1222 2171 1282 2226 δὲ
1310 2175 1421 2240 ἔτη,
1451 2163 1706 2240 καθάπερ
1735 2166 1929 2236 ἅτερος

240 2255 445 2320 ἔφευγε
463 2251 528 2307 τά
551 2251 672 2322 δύο,
695 2257 943 2323 φευγέτω
957 2257 1181 2325 μεγέθει
1200 2253 1397 2325 θυμοῦ
1411 2258 1578 2309 πλείω
1598 2254 1931 2324 τιμωρηθεὶς

237 2330 468 2402 χρόνονν
495 2334 750 2389 καθόδου
770 2338 830 2389 δὲ
848 2339 972 2404 πέρι
990 2336 1208 2401 τούτοις
1237 2330 1339 2391 ὧδ’
1369 2340 1523 2391 ἔστω.
1559 2332 1801 2404 χαλεπὸν
1827 2334 1930 2401 μὲν

240 2410 482 2485 ἀκριβῶς
501 2422 854 2484 νομοθετεῖν·
888 2421 997 2470 ἔστι
1023 2415 1132 2485 γὰρ
1152 2415 1245 2471 ὅτε
1269 2416 1491 2470 τούτοιν
1511 2413 1539 2469 6
1560 2420 1638 2487 τῷ
1652 2413 1805 2486 νόμω
1831 2434 1929 2467 τα·-

239 2495 392 2566 χθεὶς
409 2495 784 2567 χαλεπώτερος
800 2493 1144 2568 ἡμερώτερος
1162 2496 1250 2566 ἄν,
1277 2493 1304 2551 6
1327 2496 1386 2552 δὲ
1405 2493 1748 2567 ἡμερώτερος
1767 2501 1929 2564 χαλε-

239 2577 485 2647 πώτερος
503 2574 574 2632 ἀν
595 2586 695 2648 εἰη,
714 2579 803 2633 καὶ
822 2580 945 2649 περὶ
971 2574 1074 2633 τὸν
1093 2577 1276 2648 φόνον
1306 2575 1651 2647 ἀγριωτέρως
1681 2573 1753 2631 ἂν
1782 2597 1929 2647 πρα-

177 2675 211 2715 Ε
245 2656 447 2729 ξειεν,“
423 2681 449 2713 ο
481 2659 540 2716 δε
558 2657 940 2732 ἡμερωτέρως·
979 2682 1053 2724 ως
1075 2659 1134 2715 δε
1152 2657 1213 2715 τὸ
1234 2659 1379 2714 πολὺ
1403 2653 1541 2714 κατὰ
1560 2657 1627 2714 τὰ
1649 2664 1757 2714 νῦν
1778 2663 1928 2754 εἰρη-

237 2743 376 2811 μένα
397 2745 683 2813 ξυμβαίνει
701 2741 1046 2813 γιγνόμενα.
1033 2741 1276 2797 τούτων
1304 2734 1410 2796 οὐν
1434 2742 1660 2797 πάντων
1689 2738 1927 2810 ἐπιγνω-

163 2890 174 2897 „
239 2843 414 2892 μονας
434 2822 573 2878 εἶναι
590 2823 691 2895 χρὴ
716 2823 1125 2896 νομοφύλακας,
1159 2823 1382 2880 ἐπειδὰν
1412 2823 1472 2879 δε
1501 2821 1530 2879 6
1560 2822 1759 2897 χρόνος
1788 2826 1925 2895 ἔλθῃ
