1976 3172
749 135 1067 186 ΝΟΜΩΝ
1095 128 1163 184 θ’.
1694 133 1800 187 285

116 273 185 331 τὰ
215 270 361 328 καλὰ
387 270 512 328 τοτὲ
536 271 640 342 μὲν
669 266 744 335 ὥς
767 265 942 325 ταύτὰ
969 266 1276 340 ξύμπαντα,
1302 272 1425 326 τοτὲ
1454 272 1516 327 δὲ
1544 267 1619 335 ὡς
1637 271 1803 326 ἐνανι-

116 353 352 409 τιῶτατα
380 363 659 423 φανειταις

259 439 379 489 ΚΛ.
418 431 768 490 Κινδυνεύει.

259 521 377 571 ΑΘ.
421 521 550 582 Τοτς
566 517 671 587 μὲν
694 516 891 570 τοίνυν
917 518 1142 578 πολλοῖς
1165 510 1314 568 οὕτω
1342 513 1467 581 περὶ
1489 511 1557 568 τὰ
1575 520 1803 570 τοιαῦτα
1840 523 1872 565 c

117 593 475 668 ἀσυμφώνως
491 595 561 652 τὰ
577 591 719 651 καλα
737 595 829 649 καὶ
846 614 915 649 τα
940 597 1124 650 δίκαια
1148 594 1505 665 διερριμμένα
1519 611 1804 665 προσαγο-

120 678 356 749 ρεύεται.
704 697 720 703 ·

258 764 377 814 ΚΛ.
412 727 675 814 Φαίνεται
691 764 851 828 γοῦν,
873 751 917 814 ὦ
935 760 1069 824 ξένε.

259 839 495 896 ΑΘ.Τὸ
523 827 720 896 τοίνυν
741 836 1030 912 ἡμέτερον,
1051 861 1094 894 ω
1078 832 1362 910 Κλεινία,
1381 838 1550 896 πάλιν
1579 842 1803 911 ἴδωμεν,
1859 871 1861 873 -

118 929 237 989 πῶς
253 943 330 978 αυ
308 916 475 995 ’περὶ
492 943 636 978 αυτα
654 928 831 978 ταῦτα
846 926 954 992 ἔχει
970 928 1068 993 τῆς
1086 927 1427 994 συμφωνίας.

259 1009 377 1062 ΚΔ.
415 1010 591 1069 Ποίας
609 1002 677 1075 δὴ
694 1002 834 1075 πρὸς
851 1009 1042 1068 uotam

262 1091 381 1141 ΑΘ.
410 1083 503 1141 Ἐν
520 1095 637 1149 τοῖς
655 1087 979 1158 ἔμπροσθεν
996 1083 1183 1155 λόγοις
1201 1082 1352 1156 οἶμαι
1380 1085 1688 1158 διαρρήδην
1716 1087 1809 1158 ἐμε

122 1168 404 1238 εἰρηκέναι
434 1185 568 1236 πως,
602 1171 654 1223 εί
686 1164 739 1223 δ’
774 1161 883 1224 οὖν
909 1168 984 1240 μὴ
1004 1166 1295 1238 πρότερον,
1325 1164 1464 1224 ἀλλὰ
1494 1174 1604 1224 νῦν
1623 1165 1697 1233 ὥς
1717 1170 1817 1224 λε’-

119 1248 293 1318 γοντά
316 1269 386 1319 με
405 1256 603 1305 τίθετε.

267 1329 505 1386 ΚΛ.Τό
523 1341 712 1395 ποτονς

261 1417 378 1468 ΛΘ.
411 1407 506 1477 Ὡς
525 1414 585 1467 οί
596 1411 758 1467 κακοὶ
777 1409 982 1476 πάντες
1009 1414 1086 1476 είς
1104 1409 1285 1466 πάντα
1302 1413 1442 1467 εἰσὶν
1459 1410 1688 1478 ἄκοντες
1706 1434 1810 1469 κα-
1832 1420 1868 1461 D

121 1497 234 1549 κοί·
269 1493 476 1550 τούτου
494 1493 555 1551 δὲ
570 1491 750 1559 οὕτως
767 1497 987 1564 ἔχοντος
1005 1488 1221 1563 ἀνάγκη
1250 1512 1361 1549 που
1380 1492 1559 1567 τούτῳ
1581 1495 1813 1559 ξυνέπε-

122 1582 261 1632 σθαι
281 1574 383 1632 τὸν
401 1577 524 1648 ἑξῆς
540 1576 727 1647 λόγον.

264 1661 383 1713 ΚΛ.
422 1661 562 1713 Τίνα
579 1658 782 1728 λέγεις;

265 1745 384 1796 ΑΘ.
417 1735 512 1806 Ὡς
542 1736 574 1795 ὁ
601 1739 705 1810 μὲν
734 1737 929 1804 αδικός
955 1757 1069 1794 που
1096 1738 1282 1810 κακός,
1309 1736 1339 1795 ὁ
1371 1738 1432 1796 δὲ
1459 1737 1631 1804 κακὸς
1660 1737 1814 1796 ἄκων

119 1827 395 1920 τοιοῦτος·
413 1819 693 1887 ἀκουσίως
711 1820 773 1878 δὲ
790 1820 1050 1878 ἑκούσιον
1068 1819 1175 1877 οὐκ
1193 1825 1303 1893 ἔχει
1321 1819 1668 1891 πράττεσθαί
1680 1841 1814 1877 ποτε

120 1901 319 1974 λόγον·
356 1922 512 1958 ακων
531 1895 639 1959 οὖν
655 1903 850 1976 ἐκείνῳ
874 1900 1110 1974 φαίνοιτ’
1134 1926 1208 1960 αν
1225 1901 1481 1961 αδικεῖν“
1458 1926 1487 1959 o
1510 1902 1722 1959 άδικων
1736 1909 1815 1977 τῷ

118 1982 225 2056 τὴν
250 1982 475 2041 ἀδικίαν
501 1984 775 2042 ἀκούσιον
799 1987 1089 2059 τνθεμένῳ.
1127 1989 1220 2042 καὶ
1247 1984 1315 2057 δὴ
1348 1987 1442 2041 καὶ
1470 1989 1581 2040 νῦν
1608 1981 1815 2054 ὁμολο-

117 2069 319 2138 γητέον
335 2069 484 2138 ἐμοί·
519 2067 773 2139 ξύμφημι
787 2065 898 2137 γὰρ
916 2067 1155 2132 ἄκοντας
1171 2064 1385 2123 ἀδικεῖν
1401 2065 1641 2131 πάντας·
1660 2069 1712 2122 εί
1723 2069 1821 2121 καί

118 2168 202 2212 τις
229 2152 571 2218 φιλονεικίας
599 2143 637 2218 ἢ
667 2152 981 2219 φιλοτιμίας
1008 2149 1174 2204 ἕνεκα
1193 2145 1434 2213 ἄκοντας
1461 2146 1564 2218 μὲν
1585 2144 1813 2212 ἀδίκους
1844 2170 1875 2210 E

122 2227 262 2285 εἶναι
283 2233 475 2301 φησίν,
497 2226 711 2285 άδικετν
725 2227 839 2300 μὴν
850 2228 1075 2295 ἑκόντας
1092 2228 1354 2299 πολλούς,
1375 2226 1408 2285 ὅ
1425 2226 1481 2299 γ’
1502 2225 1631 2300 ἐμὸς
1649 2226 1814 2298 λόγος

122 2312 332 2377 ἐκεῖνος
350 2309 478 2367 ἀλλ’
509 2309 612 2382 οὐχ
639 2303 819 2376 οὗτος.
856 2314 981 2367 τίνα
1009 2303 1116 2367 οὖν
1144 2304 1219 2367 αὖ
1247 2309 1460 2383 τρόπον
1483 2313 1656 2382 ἔγωγε
1677 2314 1814 2381 ξυμ-

120 2397 377 2465 φωνοίην
407 2414 481 2448 αν
512 2403 628 2458 τοῖς
662 2396 911 2465 ἐμαυτοῦ
939 2391 1144 2464 λόγοις,
1183 2399 1239 2450 εἰ
1265 2414 1351 2466 με,
1383 2413 1427 2448 ω
1457 2396 1687 2448 Κλεινία
1723 2395 1814 2448 καὶ

123 2475 386 2547 Μέγιλλε,
415 2477 687 2550 ἐρωταῖτε·
732 2480 785 2533 εί
817 2474 887 2549 δὴ
917 2481 1094 2533 ταῦτα
1131 2496 1310 2542 ουτως
1345 2475 1540 2548 ἔχοντά
1575 2465 1814 2546 ἑστιν,ω

125 2555 262 2624 ξένε,
279 2560 337 2611 τί
361 2556 764 2630 συμβουλεύεις
789 2554 923 2631 ἡμῖν
951 2562 1077 2629 περὶ
1107 2565 1204 2632 τῆς
1231 2562 1568 2632 νομοθεσίας
1596 2562 1663 2630 τῇ
1700 2561 1813 2612 τῶν

125 2636 450 2707 Μαγνήτων
464 2639 647 2707 πόλει,
668 2639 909 2711 πότερον
928 2649 1258 2712 νομοθετεῖν
1273 2637 1309 2712 ἢ
1328 2639 1432 2712 μή;
1452 2644 1568 2705 πῶς
1583 2636 1693 2711 γὰρ
1713 2635 1809 2693 οὔ·
1797 2678 1811 2702 ,

126 2718 305 2789 φήσω.
337 2719 557 2789 διοριεῖς
574 2714 681 2779 οὖν
698 2720 887 2789 αὐτοῖς
905 2721 1144 2779 ἀκούσιά
1173 2743 1231 2778 τε
1249 2723 1341 2777 καὶ
1360 2720 1586 2777 ἑκούσια
1616 2717 1815 2790 ἀδική-

123 2819 284 2869 ματα,
306 2801 397 2857 καὶ
415 2804 530 2857 τῶν
546 2802 651 2873 μὶν
674 2806 946 2862 ἑκουσίων
975 2802 1384 2876 ἁμαρτημάτων
1411 2823 1470 2859 τε
1496 2802 1589 2858 καὶ
1617 2797 1813 2871 ἀδικη-
