1976 3172
238 149 345 202 314
856 147 1333 196 ΠΛΑΤΩΝΟΣ

239 284 364 352 περὶ
382 279 557 347 θεοὺς
575 279 786 352 ὑβρίζει
801 299 882 343 τις
900 280 1079 348 λέγων
1098 274 1134 349 ἦ
1162 279 1436 350 πράττων,
1470 281 1532 336 τὸ
1562 283 1923 354 παραμύθιον

239 364 572 438 ὑποθεμένω
602 357 848 435 ῥητέον
824 358 860 416 οὶ
888 364 975 416 δεῖ
996 361 1239 431 πάσχειν,
1289 365 1427 417 ἔστω
1460 361 1527 434 δὴ
1564 363 1707 420 τόδε.
1753 364 1926 431 θεοὺς

238 446 550 520 ἡγούμενος
574 443 715 500 εἶναι
736 440 876 499 κατὰ
903 441 1113 514 νόμους
1143 440 1327 508 οὐδεὶς
1357 442 1578 500 πώποτε
1605 443 1733 502 οὔτε
1761 450 1926 516 ἔργον

239 527 434 600 ἀσεβὲς
455 526 768 599 εἰργάσατο
767 522 912 581 ἑκῶν
939 524 1067 580 οὔτε
1086 522 1256 594 λόγον
1279 522 1495 622 ἀφῆκεν
1523 549 1755 598 ανομον,
1784 525 1925 583 ἀλλὰ

240 614 303 667 ἓν
322 610 394 681 δή
411 631 464 666 τι
482 614 595 665 τῶν
611 614 783 678 τριῶν
801 607 1045 678 πάσχων,
1059 603 1097 678 ἦ
1114 611 1280 663 τοῦτο
1299 605 1436 679 ὅπερ
1457 607 1614 664 εἷπον
1633 606 1734 680 οὐχ
1751 606 1927 680 ἡγού-

241 713 424 765 μενος,
444 688 481 763 ἢ
499 689 562 746 τὸ
589 690 853 760 δεύτερον
881 689 1048 755 ὄντας
1078 686 1148 744 οὐ
1176 695 1488 760 φροντίζειν
1515 690 1859 762 ἀνθρώπων,
1889 686 1928 761 ἦ

239 778 430 844 τρίτον
450 771 956 843 εὐπαραμυθήτους
984 769 1124 827 εἶναι
1149 777 1375 837 θυσίαις
1393 793 1452 827 τε
1469 775 1561 828 καὶ
1579 770 1762 843 εὐχαῖς
1781 791 1927 842 παρ-

198 924 201 927 ’
239 855 566 923 αγομένους.

172 937 206 980 C
381 938 501 990 KA.
548 937 619 988 Τί
646 925 752 987 οὐν
783 929 848 1002 δὴ
872 928 1146 1043 δρῶμεν
1120 929 1246 1002 ανῆ
1264 934 1356 987 καὶ
1386 938 1638 1004 λέγοιμεν
1666 935 1803 1005 πρὸς
1823 934 1928 990 αὐ-

239 1013 397 1080 τούς;

383 1104 503 1153 ΑΘ.
534 1089 599 1151 Ὦ
628 1093 813 1166 ’γαθέ,
844 1095 1245 1166 ἐπακούσωμεν
1275 1093 1463 1150 αὐτῶν
1498 1099 1740 1164 πρῶτον,
1781 1092 1818 1150 ἁ
1851 1102 1927 1151 τῶ

238 1189 614 1249 καταφρονεῖν
650 1174 810 1248 ἡμῶν
845 1182 1283 1268 προσπαιζοντας
1320 1173 1524 1241 αὐτοὺς
1558 1177 1738 1248 λέγειν
1786 1199 1932 1248 μαν-

238 1259 488 1331 τεύομαι.

381 1347 502 1397 KA.
537 1348 683 1397 Ποῖα
703 1340 800 1412 δή;

381 1429 500 1479 ΑΘ.
539 1429 727 1478 Ταῦτα
755 1420 885 1491 τάχ’
913 1418 987 1476 ἄν
1015 1423 1440 1491 ἐρεσχηλοῦντες
1468 1429 1699 1477 εἴποιεν·
1742 1415 1788 1475 ῶ
1808 1422 1928 1486 ξένε

235 1512 495 1575 Ἀθηναῖε
530 1507 624 1559 καὶ
668 1503 1070 1573 Ἀακεδαιμόνιε
1106 1505 1198 1558 καὶ
1233 1502 1472 1570 Κνῶσιε,
1511 1499 1697 1573 ἀληθῆ
1731 1505 1929 1572 λέγετε.

238 1584 400 1658 ἡμῶν
418 1584 526 1655 γὰρ
556 1588 613 1640 oc
635 1585 738 1655 μὲν
757 1582 819 1639 τὸ
848 1585 1113 1654 παράπαν
1127 1584 1303 1649 θεοὺς
1334 1581 1592 1654 οὐδαμῶς
1619 1588 1931 1655 νομίζομεν,

241 1671 299 1723 οἰ
311 1671 371 1722 δὲ
389 1670 543 1732 οἵους
556 1664 714 1736 ὑμεῖς
731 1668 928 1736 λέγετε.
965 1665 1227 1737 ἀξιοῦμεν
1257 1666 1343 1738 δή,
1364 1665 1624 1736 καθάπερ
1643 1662 1798 1737 ὑμεῖς
1815 1663 1934 1737 ἠξι-

178 1763 214 1803 D
247 1748 424 1805 αἱκατε
461 1750 586 1819 περὶ
620 1747 830 1818 νόμων,
869 1749 1002 1816 πρὶν
1038 1745 1284 1803 ἀπειλεῖν
1309 1745 1442 1819 ἡμῖν
1478 1753 1731 1819 σκληρῶς
1766 1746 1930 1818 ὑμᾶς,

240 1832 518 1903 πρότερον
547 1833 838 1901 ἐπιχειρεῖν
867 1836 1084 1903 πείθριν
1109 1832 1201 1886 καὶ
1230 1830 1514 1886 διδάσκειν
1544 1828 1619 1895 ῶς
1654 1832 1757 1886 εἰσὶ
1784 1834 1929 1900 θεοί,

240 1913 508 1985 τεκμήρια
526 1916 780 1983 λέγοντες
803 1911 986 1983 ἱκανά,
1007 1915 1098 1967 καὶ
1116 1910 1201 1969 ὅτι
1223 1918 1474 1984 βελτίους
1501 1909 1539 1984 ἦ
1570 1912 1720 1983 παρὰ
1751 1910 1812 1967 τὸ
1846 1914 1932 1966 δί-

239 2017 403 2053 καιον
426 1993 540 2051 ὑπό
559 2017 730 2051 τινων
750 1993 949 2064 δώρων
967 1997 1423 2066 παρατρέπεσθαι
1441 1994 1794 2066 κηλούμενοι.
1822 1998 1932 2048 νῦν

240 2077 345 2149 μὲν
360 2077 468 2148 γὰρ
494 2082 667 2132 ταῦτα
687 2073 987 2141 ἀκούοντές
1003 2098 1062 2132 τε
1080 2077 1172 2149 καὶ
1197 2074 1423 2132 τοιαῦθ’
1451 2077 1610 2147 ἕτερα
1637 2081 1753 2131 τῶν
1771 2081 1932 2144 λεγο-

180 2214 183 2217 .
241 2162 426 2229 μένων
445 2155 688 2230 άρίστων
706 2157 846 2214 εἶναι
865 2165 1108 2230 ποιητῶν
1124 2180 1182 2214 τε
1194 2160 1284 2214 καὶ
1297 2158 1550 2230 ῥητόρων
1567 2159 1658 2214 καὶ
1677 2157 1932 2229 μάντεων

238 2240 330 2295 καὶ
350 2243 546 2308 ἱερέων
563 2242 655 2297 καὶ
673 2239 860 2297 ἄλλων
879 2240 1139 2312 μυριάκις
1157 2246 1374 2312 μυρίων
1394 2238 1499 2296 οὐκ
1517 2242 1605 2296 ἐπὶ
1622 2237 1683 2296 τὸ
1697 2236 1770 2311 μὴ
1789 2242 1932 2311 δρᾷν

239 2317 308 2376 τὰ
332 2317 498 2376 ἄδικα
512 2322 836 2392 τρεπόμεθα
863 2327 920 2379 oc
939 2330 1200 2393 πλεῖστοι,
1222 2323 1523 2392 δράσαντες
1542 2320 1596 2377 δ’
1617 2325 1933 2389 ἐξακεῖσθαι

178 2419 213 2459 Ε
240 2400 589 2472 πειρώμεθα·
624 2400 775 2470 παρὰ
795 2403 854 2457 δὲ
879 2404 947 2470 δὴ
976 2410 1304 2471 νομοθετῶν
1333 2403 1668 2473 φασκόντων
1696 2400 1837 2456 εἶναι
1856 2399 1930 2470 μὴ

242 2481 452 2581 ἀγρίων
485 2479 628 2551 αλλα
655 2478 877 2581 ημέρων
909 2480 1172 2552 ἀξιοῦμεν
1204 2490 1398 2538 πειθοῖ
1425 2489 1649 2555 πρῶτον
1683 2487 1930 2553 χρῆσθαι

240 2563 380 2633 πρὸς
395 2562 556 2635 ἡμᾶς,
577 2568 628 2619 εἰ
643 2563 722 2634 μὴ
742 2570 931 2636 πολλῶ
913 2567 1144 2647 βελτίω
1171 2568 1285 2619 τῶν
1314 2562 1500 2621 α’λλων
1523 2568 1785 2635 λέγοντας
1804 2564 1931 2634 περι

241 2651 397 2700 θεῶν
427 2643 502 2710 ῶς
530 2649 687 2714 εἰσίν,
715 2643 839 2701 ἀλλ’
866 2638 972 2700 οὐν
999 2650 1195 2717 βελτίω
1231 2667 1295 2716 γε
1323 2644 1464 2718 πρὸς
1499 2645 1798 2718 ἀλήθειαν·
1833 2668 1927 2702 και

242 2725 380 2797 τάχα
400 2724 721 2797 πειθοίμεθ’
748 2749 822 2782 αν
841 2734 974 2792 ἴσως
993 2726 1140 2797 ὑμῖν.
1178 2721 1300 2782 αλλ’
1321 2729 1654 2800 ἐπιχειρεῖτε,
1686 2736 1805 2784 εἴτι
1823 2730 1923 2799 μέ-

241 2831 398 2881 τριον
416 2813 664 2882 λε’γομεν,
682 2807 900 2866 εἰπεῖν
877 2809 914 2866 α’
937 2809 1386 2882 προκαλούμεθα.
