1976 3172
689 150 799 199 Νο
813 137 1012 198 ΜΩΝ
1040 142 1119 213 ιβ’.
1616 147 1724 202 417

30 285 233 356 καιρὸν
268 283 632 358 μανθάνεται,
671 286 807 352 πρὶν
830 280 998 355 ἐντὸς
1035 288 1129 354 τῆς
1146 277 1344 354 ’ψυχῆς
1380 284 1589 358 ἑκάστῳ
1619 291 1725 340 τοῦ

33 369 361 441 μαθήματος
378 367 684 439 ἐπιστήμην
701 369 1005 438 γεγονέναι.
1044 363 1192 421 οὕτω
1212 364 1280 437 δὴ
1306 366 1490 422 πάντα
1510 369 1575 422 τοὶ
1598 363 1724 438 περὶ

30 457 207 508 ταῦτα
236 448 526 521 ἀπόρρητα
561 448 664 520 μὲν
699 450 967 518 λεχθέντα
1010 445 1115 502 οὐκ
1157 469 1229 502 αν
1267 445 1456 518 ὀρθῶς
1491 453 1723 520 λέγοιτο,

30 531 356 634 ἀπρόρρητα
380 532 440 588 δὲ
460 529 552 587 δια
571 528 635 586 τὸ
654 530 829 601 μηδὲν
855 532 1249 599 προρρηθέντα
1269 533 1482 600 δηλοῦν
1498 536 1614 587 τῶν
1632 538 1725 587 λε-

31 619 303 686 γομένων.

175 700 295 753 ΚΛ.
347 699 417 750 Τί
450 686 558 748 οὖν
594 689 661 762 δὴ
694 694 957 762 ποιητέον
988 689 1230 761 ἐχόντων
1270 691 1488 747 τούτων
1526 692 1721 761 οὕτως,

32 796 75 829 ω
101 777 249 840 ξένε,

172 861 291 911 ΑΘ.
335 852 408 910 Τὸ
430 853 752 924 λεγόμενον,
776 874 819 908 ω
839 857 1009 923 φίλοι,
1032 854 1094 908 έν
1123 859 1297 925 κοινῷ
1323 854 1412 907 καὶ
1443 855 1590 926 μέσῳ
1613 857 1724 909 ἔοι-

31 958 129 992 κεν
151 934 285 1008 ἡμῖν
306 943 546 1006 κεῖσθαι,
574 936 667 990 καὶ
697 941 852 1004 εἴπερ
882 934 1238 989 κινδυνεύειν
1278 936 1404 1004 περὶ
1439 941 1535 1006 τῆς
1563 943 1724 992 πολι-

25 1023 177 1083 τείας
196 1020 465 1088 ἐθέλομεν
483 1010 837 1088 ξυμπάσης,ἦ
859 1015 974 1083 τρὶς
991 1016 1067 1084 ἕξ,
1090 1019 1280 1086 φασίν,
1296 1010 1332 1085 ἦ
1349 1026 1494 1085 τρεῖς
1513 1017 1725 1088 κύβους

29 1096 355 1170 βάλλοντας,
380 1103 554 1153 ταῦτα
574 1099 860 1169 ποιητέονί
896 1095 1002 1166 έγῶ
1035 1095 1088 1152 δ’
1110 1094 1245 1168 ὑμῖν
1264 1098 1723 1167 συγκινδυνεύσω
1753 1109 1842 1155 969

30 1185 110 1252 τῷ
130 1179 359 1250 φράζειν
377 1200 437 1235 τε
466 1180 559 1235 καὶ
589 1180 903 1249 ἐξηγεῖσθαι
932 1177 1000 1232 τά
1025 1198 1088 1247 γε
1119 1180 1423 1249 δεδογμένα
1454 1180 1573 1250 ἐμοὶ
1603 1182 1728 1251 περὶ

32 1267 131 1332 τῆς
157 1266 407 1327 παιδείας
432 1283 492 1317 τε
520 1261 612 1316 καὶ
638 1265 850 1330 τροφῆς
879 1264 976 1329 τῆς
1003 1265 1113 1314 νῦν
1133 1252 1208 1314 αὖ
1237 1264 1597 1332 κεκινημένης
1615 1272 1728 1326 τοῖς

33 1344 243 1413 λόγοις·
288 1342 351 1399 τὰ
385 1347 573 1414 μέντοι
602 1340 950 1411 κινδύνευμα
978 1339 1049 1396 οὐ
1083 1339 1321 1411 σμικρὸν
1359 1339 1484 1397 οὐδ’
1525 1343 1728 1414 ἑτέροις

31 1426 139 1481 τισὶ
159 1421 528 1495 προσφερὲς”
490 1446 563 1479 αν
579 1431 689 1494 εἴη·
718 1425 805 1478 σοὶ
825 1420 892 1492 δὴ
911 1422 1080 1478 τοῦτό
1106 1444 1187 1491 γε,
1211 1445 1254 1477 ω
1237 1417 1529 1493 ’Κλεινία,,
1541 1426 1726 1494 μέλειν

31 1505 502 1603 παρακελεύομαι·
549 1504 622 1560 σὺ
648 1503 757 1576 γὰρ
789 1501 893 1574 τὴν
922 1503 1250 1575 Μαγνήτων
1284 1506 1466 1574 πόλιν,
1503 1501 1556 1576 ἦ
1574 1498 1620 1579 ᾦ
1656 1505 1728 1560 ἂν

31 1586 167 1652 θεὸς
185 1585 484 1657 ἐπώνυμον
504 1578 683 1656 αὐτὴν
700 1585 922 1685 ποιήσῃ,
944 1587 1103 1649 κλέος
1129 1583 1258 1656 ἀρεῖ
1274 1586 1536 1656 μέγιστον
1555 1570 1728 1642 κατα-

34 1667 312 1734 σκευάσας
313 1666 516 1766 ἀὐτὴν
545 1664 752 1737 ὀρθῶς,
783 1664 821 1737 ἦ
851 1664 915 1721 τό
944 1687 1006 1735 γε
1037 1664 1426 1736 ἀνδρειότατος
1455 1662 1594 1723 εἶναι
1627 1672 1727 1724 δο-

32 1762 151 1807 κεῖν
169 1756 284 1807 τῶν
302 1747 540 1817 ὕστερον
557 1748 995 1819 ἐπιγιγνομένων
1024 1746 1128 1803 οὐκ
1157 1749 1410 1819 έκφεύξει
1440 1753 1586 1806 ποτέ.
1625 1749 1726 1805 ἐάν
1764 1764 1793 1804 Β

33 1855 96 1906 γε
116 1831 228 1905 μὴν
245 1825 411 1897 οὗτος
428 1828 561 1902 ἡμῖν
579 1827 607 1886 ὁ
627 1838 784 1896 θεῖος
802 1831 1027 1900 γένηται
1045 1827 1328 1902 ξύλλογος,
1351 1824 1397 1886 ῶ
1418 1835 1571 1901 φίλοι
1590 1832 1723 1886 ἑταῖ-

32 1921 140 1987 ροι,
170 1917 516 1985 παραδοτέον
543 1914 723 1989 τούτῳ
754 1912 857 1985 τὴν
884 1914 1066 1984 πόλιν,
1097 1911 1505 1987 ἀμφισβήτησίς
1533 1914 1581 1971 τ’
1618 1913 1723 1971 οὐκ
1795 1912 1801 1918 ’

35 1996 149 2055 ἔστ’
173 1995 403 2070 οὐδεμία
421 1994 610 2053 οὐδενὶ
629 2002 746 2052 τῶν
764 2002 876 2052 νῦν
903 1995 1055 2066 παρὰ
1084 1995 1257 2053 ταῦθ’
1290 1996 1363 2062 ῶς
1391 2001 1520 2062 ἔπος
1551 2001 1723 2054 εἰπεῖν

33 2085 380 2152 νομοθετῶν,
410 2077 586 2145 ὅντως
615 2080 675 2135 δὲ
704 2083 857 2135 ἔσται
888 2077 1088 2149 σχεδὸν
1116 2077 1268 2147 ὕπαρ
1296 2076 1725 2151 ἀποτετελεσμέ-

30 2185 155 2234 νον,
184 2154 256 2219 οὖ
287 2168 503 2236 σμικρῷ
532 2161 788 2231 πρόσθεν
816 2159 1099 2231 ὀνείρατος
1126 2158 1199 2226 ὥς
1227 2166 1305 2234 τςό
1334 2160 1481 2236 λόγῳ
1503 2161 1724 2233 ἐφηψά-
1771 2186 1778 2191 ·

33 2252 202 2317 μεθα,
221 2249 466 2314 κεφαλῆς
482 2248 590 2299 νοῦ
610 2264 668 2299 τε
686 2248 983 2308 κοινωνίας
1012 2243 1199 2299 εἰκόνα
1228 2241 1355 2298 τινά
1382 2262 1499 2308 πως
1525 2246 1724 2315 ξυμμί-

36 2330 244 2394 ξαντες,
275 2325 376 2380 ἐὰν
412 2322 521 2396 ἄρα
555 2322 691 2396 ἡμῖν
720 2326 778 2380 οἴ
809 2345 868 2381 τε
899 2323 1101 2396 ἄνδρες
1130 2321 1373 2396 ἀκριβῶς
1387 2326 1720 2395 «ἐκλεχθῶσι,

31 2407 388 2463 παιδευθῶσί
400 2427 458 2461 τε
475 2405 882 2478 προσηκόντως,
905 2409 1302 2472 παιδευθέντες
1313 2427 1370 2462 τε
1391 2407 1452 2462 ἐν
1474 2403 1719 2476 ἄκροπό-
1752 2422 1782 2462 C

0 2521 3 2543 .
34 2493 117 2542 λει
133 2493 229 2558 τῆς
246 2486 425 2558 χώρας
443 2486 871 2563 κατοικήσαντες
891 2487 1136 2559 φύλακες
1155 2484 1625 2554 ἀποτελεσθῶσιν,
1648 2490 1720 2540 οἵ·

0 2575 4 2628 ³»
34 2588 133 2632 ους
162 2564 315 2638 ἡμεῖς
347 2565 451 2625 οὐκ
478 2573 699 2643 εἴδομεν
729 2571 791 2625 ἐν
819 2574 894 2641 τῷ
927 2569 1180 2639 πρόσθεν
1213 2573 1317 2640 βίῳ
1348 2564 1484 2637 πρὸς
1521 2563 1724 2638 ἀρετὴν

35 2654 306 2720 σωτηρίας
323 2654 672 2721 γενομένους.

180 2734 308 2784 ΜΕ.
340 2722 404 2786 ’.Ω
433 2736 559 2800 φίλε
591 2737 838 2803 Κλεινία,
868 2735 928 2788 ἐκ
960 2737 1075 2787 τῶν
1103 2734 1213 2786 νῦν
1245 2728 1378 2802 ἡμῖν
1417 2730 1723 2805 εἰρημένων

34 2809 298 2867 ἁπάντων
317 2808 353 2881 ἦ
372 2811 474 2883 τὴν
493 2812 655 2871 πόλιν
675 2815 864 2872 ἐατέον
882 2819 978 2885 τῆς
998 2818 1350 2879 κατοικίσεως
1378 2808 1414 2882 ἢ
1445 2809 1543 2866 τὸν
1563 2812 1722 2876 ξένον

110 2892 263 2938 Puro
292 2891 347 2933 V.
1410 2892 1465 2937 27
