1976 3172
661 118 976 170 ΝΟΜΩΝ
1011 111 1092 167 ια’.
1349 175 1351 177 ,
1602 112 1707 167 361

22 260 131 328 γὰρ
159 257 218 313 τὰ
245 258 507 328 μέγιστον
523 257 687 325 γέρας
705 252 963 310 δεδόσθω
980 251 1093 315 τοῖς
1110 249 1177 306 τὰ
1206 257 1319 306 τῶν
1342 247 1582 321 ’ἀγαθῶν
1609 270 1708 306 νο-

22 345 283 410 μοθετῶν
299 338 595 409 γράμματα
622 340 789 409 τιμᾷν
815 333 1193 403 διαφερόντως
1222 336 1564 404 δυνηθεῖσιν.

163 421 243 474 v1.
284 418 366 473 Τὰ
396 417 499 488 μὲν
523 415 592 490 δὴ
620 417 849 488 μέγιστα
875 420 990 469 τῶν
1027 416 1397 486 ξυμβολαίων,
1429 411 1534 469 ὅσα
1571 411 1712 483 πρὸς

21 498 298 570 ἀλλήλους
315 499 610 569 ἅνθρωποι
620 494 1013 568 ξυμβάλλουσι,
1027 496 1176 567 πλήν
1191 517 1255 566 γε
1274 494 1602 568 ὀρφανικῶν
1617 497 1710 552 καὶ

20 589 116 652 τῆς
132 586 248 637 τῶν
267 582 580 652 ἐπιτρόπων
599 581 903 648 ἐπιμελείας
921 583 1034 632 τῶν
1052 575 1339 647 ὀρφανῶν,
1361 576 1560 647 σχεδὸν
1576 573 1709 647 ἡμῖν

20 664 389 718 διατέτακται·
426 668 599 717 ταῦτα
627 659 687 716 δὲ
724 657 791 730 δὴ
815 658 957 730 μετὰ
982 657 1050 715 τὰ
1087 664 1197 714 νῦν
1234 661 1494 730 εἰρημένα
1531 655 1706 729 ἄναγ-
1737 664 1771 704 Β

18 753 184 799 καῖον
214 740 368 812 ἁμῶς
399 745 468 812 γέ
492 761 611 808 πως
629 740 917 807 τάξασθαι.
955 739 1175 796 τούτων
1205 742 1265 797 δὲ
1293 739 1454 811 ἀρχαὶ
1483 740 1711 797 πάντων

18 826 82 879 αἳ
103 843 163 880 τε
191 827 307 879 τῶν
326 829 592 896 τελευτᾷν
617 822 938 894 μελλόντων
967 825 1259 892 ἐπιθυμίαι
1284 828 1380 892 τῆς
1410 823 1711 886 διαθέσεως

17 907 81 960 αἳ
115 924 175 960 τε
209 911 324 960 τῶν
342 905 516 975 μηδὲν
543 902 606 959 τὸ
636 901 902 972 παράπαν
931 905 1282 974 διαθεμένων
1314 901 1498 974 τύχαι·
1521 901 1711 974 -ἀναγ-

18 997 182 1043 καῖον
202 983 263 1041 δὲ
291 984 466 1055 εἶπον,
487 979 533 1042 ῶ
560 990 808 1055 Κλεινία,
836 987 1045 1056 βλέψας
1068 983 1258 1041 αὐτῶν
1284 988 1453 1056 [πέρι]
1482 984 1623 1055 πρός
1650 1005 1710 1040 τε

18 1065 79 1122 τὸ
102 1066 380 1124 δύσκολον
396 1069 487 1123 καὶ
504 1067 762 1138 χαλεπόν.
798 1064 1056 1137 οὐδὲγὰρ
1075 1066 1315 1123 ἄτακτον
1336 1066 1581 1123 δυνατόν
1600 1059 1703 1122 ἐστ’

18 1146 155 1204 αὐτὸ
186 1152 312 1220 &aiv-
351 1148 527 1206 πολλοὶ
548 1148 657 1220 γὰρ
686 1150 907 1205 ἕκαστοι
934 1150 1026 1204 καὶ
1061 1147 1304 1220 διάφορα
1334 1146 1590 1220 ἀλλήλων
1618 1146 1709 1202 καὶ

17 1234 242 1288 ἐναντία
257 1229 495 1288 τιθεῖντ’
526 1228 598 1288 ἂν
630 1242 743 1297 τοῖς
775 1253 835 1287 τε
863 1231 1057 1302 νόμοις
1085 1233 1177 1287 καὶ
1206 1243 1319 1296 τοῖς
1345 1237 1459 1287 τῶν
1486 1228 1709 1297 ζώντων
1794 1254 1807 1258 ·

14 1313 186 1383 ἤθεσι
203 1318 297 1371 καὶ
324 1325 439 1379 τοῖς
464 1311 652 1369 αὐτῶν
679 1325 794 1378 τοῖς
820 1318 1160 1385 ἔμπροσθεν,
1193 1317 1328 1382 πρὶν
1358 1317 1710 1369 διατίθεσθαι

13 1396 253 1466 μέλλειν,
276 1402 333 1451 εἰ
355 1415 436 1459 τις
462 1396 719 1459 ἐξουσίαν
741 1393 908 1451 δώσει
938 1390 1129 1459 ἅπλῶς
1158 1392 1305 1449 οὕτω
1334 1399 1539 1465 κυρίαν
1569 1391 1710 1448 εἶναι
1740 1397 1771 1437 C

16 1475 318 1548 διαθήκην,
334 1473 409 1546 ἢν
427 1474 502 1531 ἄν
518 1497 600 1540 τις
619 1477 882 1547 διαθῆται
909 1472 1177 1532 ὁπωσοῦν
1196 1479 1337 1546 ἔχων
1356 1473 1496 1546 πρὸς
1513 1480 1594 1549 τῷ
1606 1480 1711 1530 τοῦ

15 1560 148 1627 βίου
182 1559 339 1612 τέλει.
393 1554 643 1628 ἀνοήτως
684 1554 793 1627 γὰρ
828 1556 896 1627 δὴ
934 1557 1026 1612 καὶ
1061 1559 1549 1627 διατεθρυμμένως
1584 1552 1708 1610 τινὰ

15 1636 230 1705 τρόπον
246 1640 440 1710 ἔχομεν
458 1640 516 1693 oc
529 1643 790 1708 πλεῖστοι,
809 1636 946 1694 ὅταν
964 1636 1070 1709 ἤδη
1088 1639 1308 1708 μέλλειν
1331 1636 1599 1710 ἡγώμεθα
1618 1656 1708 1692 τε-

18 1726 241 1776 λευταν.

158 1808 278 1859 ΚΛ.
315 1809 448 1870 Πῶς
465 1783 650 1875 τοῦτο,
674 1797 719 1860 ὦ
738 1807 875 1874 ξενε,
895 1804 1098 1875 λέγεις;

155 1892 276 1943 ΑΘ.
314 1886 573 1944 Χαλεπόν
592 1883 716 1957 ἐστ’,
737 1889 781 1941 ῶ
799 1890 1046 1955 Κλεινία,
1066 1887 1283 1956 μέλλων
1306 1880 1610 1956 ἄνθρωπος
1628 1905 1707 1939 τε-

14 1966 324 2039 λευτήσειν,
345 1970 436 2025 καὶ
454 1966 657 2040 μεστὸν
675 1967 849 2038 λόγου
868 1979 981 2032 τοῖς
994 1970 1324 2037 νομοθέταις
1350 1957 1416 2020 εὖ
1432 1962 1579 2036 μάλα
1601 1986 1708 2036 φο-

0 2070 2 2080 ’
14 2052 191 2120 βεροῦ
217 2051 310 2107 καὶ
335 2053 655 2122 δυσχεροῦς.

156 2136 277 2187 ΚΛ.
307 2136 429 2205 Πῇ;

156 2218 275 2268 ΛΘ.
312 2218 509 2284 Ζητῶν
527 2209 668 2268 εἶναι
688 2211 882 2285 κύριος
910 2209 1176 2269 ἁπάντων
1202 2217 1371 2268 εἴωθε
1394 2206 1516 2283 μετ’
1539 2207 1707 2283 ὀργῆς
1737 2220 1772 2260 D

12 2294 208 2363 λέγειν.

155 2379 275 2431 ΚΛ.
311 2379 457 2430 Ποῖα
476 2374 573 2446 δή;

156 2459 276 2510 ΑΘ.
312 2454 525 2513 Δεινόν
545 2476 626 2527 γε,
649 2477 691 2511 ω
722 2459 868 2525 θεοί,
898 2459 1088 2527 φησίν,
1119 2459 1170 2512 εἰ
1197 2451 1342 2527 τᾶμα
1378 2454 1497 2524 ἐμοὶ
1525 2456 1703 2524 μηδα-

14 2538 134 2607 μῶς
156 2533 363 2599 ἐξέσται
389 2537 594 2593 δοῦναί
610 2557 669 2593 τε
705 2535 815 2612 ὅτῳ
844 2559 919 2593 αν
947 2539 1123 2593 ἐθέλω
1154 2537 1246 2593 καὶ
1265 2535 1359 2607 μή,
1390 2535 1480 2590 καὶ
1503 2540 1583 2608 τῶ
1600 2532 1703 2606 μὲν

0 2619 206 2683 ιπλειω,
242 2618 319 2687 τῷ
349 2612 404 2670 δ’
441 2615 703 2675 ἐλάττονα
730 2624 845 2674 τῶν
874 2615 1074 2674 ὁπόσοι
1103 2618 1228 2686 περὶ
1251 2614 1343 2687 ἐμὲ
1374 2620 1580 2687 φαῦλοι
1609 2614 1701 2670 καὶ

0 2693 139 2752 ἱὸσοι
167 2693 372 2766 ἀγαθοὶ
390 2695 651 2769 γεγόνασι
670 2706 942 2772 φανερῶς,
966 2698 1400 2771 βασανισθέντες
1420 2700 1621 2763 ἱκανῶς
1640 2697 1701 2752 ἐν

0 2779 222 2861 νόσοις,
243 2780 302 2833 οἰ
322 2775 376 2834 δ’
395 2780 458 2834 έν
476 2777 620 2855 γήρᾳ
640 2783 730 2839 καὶ
756 2780 948 2846 ἄλλαις
966 2782 1278 2836 παντοίαισι
1307 2777 1508 2849 τύχαις.
