1976 3172
104 107 179 137 xlv
803 94 1189 137 PRAEFATIO.

104 217 147 252 at
187 211 397 263 optativus
434 207 643 262 particula
680 209 958 254 condicionali
995 223 1123 265 aegre
1161 217 1294 260 caret;
1329 213 1591 266 eundemque
1627 216 1795 259 Astium
1826 232 1897 261 se·

105 275 225 309 cutus
253 278 357 312 sum,
376 277 420 318 Ρ.
450 264 534 307 789
562 265 598 309 D
630 267 851 308 scribendo
876 259 1109 320 ὀχούμενοι
1139 281 1217 322 pro
1249 261 1537 322 ὀχουμένων,
1565 275 1679 323 quod
1708 275 1892 317 librariis

105 325 238 365 fallax
269 323 555 366 antecedentis
581 324 757 381 genitivi
783 325 948 378 species
980 327 1345 375 sumministravit.
1391 328 1519 380 Pejus
1546 330 1660 375 idem
1684 343 1728 384 p,
1757 333 1840 375 792
1862 333 1893 374 C

102 379 310 436 Κλεινίᾳ,
331 380 448 432 quod
476 381 521 421 in
551 380 670 425 libris
701 387 782 431 est,
809 383 853 422 in
872 383 1112 424 vocativum
1138 385 1316 425 mutavit
1346 397 1509 437 suoque
1541 388 1734 442 exemplo
1765 393 1892 430 etiam

104 440 358 481 Turicenses
379 438 564 488 induxi-t,
590 445 635 480 ut
658 439 820 493 gemini
848 440 932 480 loci
962 453 1005 493 p.
1027 441 1112 483 772
1127 440 1161 480 E
1186 440 1547 494 obliviscerentur,
1578 446 1652 485 ubi
1670 447 1827 499 pariter
1844 460 1893 487 ac

103 495 232 549 Gorg.
253 509 287 538 c.
309 495 365 539 37
387 507 542 539 nomen
560 508 637 549 pro
663 497 874 537 secundae
897 509 1106 550 personae
1125 500 1377 549 pronomine
1396 501 1645 553 usurpatum
1676 510 1894 552 esus-eote

101 565 201 594 vero
224 565 269 606 p.
301 551 385 594 795
415 553 449 593 E
478 559 575 597 ante
606 546 845 606 εὐρύθμου
875 547 1100 605 κινήσεως
1122 555 1505 609 interpungendum
1532 553 1772 612 esse'vidit,
1804 561 1893 601 vel-

102 611 269 662 lemque
299 610 425 652 modo
449 610 619 664 longius
650 623 901 665 progressus
930 612 1368 654 incommodissimum
1395 613 1503 653 illud
1527 608 1891 670 ἀποδιδομένης,

101 670 145 708 in
176 680 259 719 quo
285 668 377 720 jam
407 665 646 720 Stephanus
682 669 843 710 meritQ
858 668 1018 717 haesit,
1059 669 1115 709 ad
1151 680 1245 708 eam
1276 668 1456 710 formam
1482 679 1744 722 revocasset,
1780 670 1894 723 unde

101 717 160 764 τὸ.
186 722 428 777 προσῆκον
459 726 663 778 suspendi
693 731 793 779 apte
830 731 992 779 posset.
1034 725 1224 766 Medium
1254 727 1367 766 enim
1396 738 1565 780 semper
1596 727 1685 770 fere
1714 731 1895 772 vendere

103 782 339 835 significat,
372 782 427 826 cf.
464 782 632 824 DaweS.
662 783 784 824 Misc.
816 784 909 827 crit.
947 795 992 836 p.
1025 784 1136 832 241,
1170 783 1364 828 Boisson.
1400 784 1456 824 ad
1483 783 1684 828 Philostr.
1720 787 1895 829 Heroica

101 852 148 892 Ρ.
177 839 284 887 288;
320 839 427 880 nihil
464 840 596 893 igitur
634 840 972 892 relinquebatur,
1004 840 1088 880 nisi
1121 847 1167 880 ut
1204 832 1500 881 ἀποδιδοῦσα
1527 843 1778 897 scriberem,
1811 847 1895 885 cir·

103 897 362 949 cumscripta
392 896 518 937 simul
543 903 652 950 part,
681 895 786 947 καί,
818 909 946 949 quam
970 899 1050 939 etsi
1080 911 1134 939 ex
1164 899 1334 951 optimis
1365 899 1486 940 libris
1506 899 1608 941 BST
1627 908 1892 955 receperunt,

100 960 242 995 tamen
270 960 360 994 tum
388 955 558 1000 demum
583 954 752 1008 adjecta
777 967 872 995 esse
898 955 1087 1004 videtur,
1113 968 1245 1007 quum
1272 956 1434 998 librarii
1457 957 1603 998 oculus
1634 959 1689 999 ad
1713 971 1895 1010 sequens

101 1007 492 1064 διασπειρομένης
527 1012 789 1061 aberrasset,
830 1013 1044 1064 semelque
1073 1019 1243 1065 recepta
1274 1013 1411 1054 forma
1449 1006 1800 1068 ἀποδιδομένης
1840 1016 1896 1056 ad

98 1069 215 1110 idem
247 1081 342 1112 cum
370 1069 455 1109 hoc
478 1070 702 1122 participio
733 1069 1044 1111 substantivum
1071 1070 1325 1122 applicanda
1346 1073 1440 1111 visa
1466 1078 1593 1116 esset.
1626 1074 1768 1114 Libris
1798 1086 1895 1113 con-

98 1131 167 1167 tra
195 1139 240 1179 p.
275 1125 362 1168 796
389 1127 430 1165 A
459 1126 689 1166 debebatur
717 1123 903 1178 πυγμῆς
930 1138 1008 1179 pro
1039 1119 1251 1178 πυγμήν,
1283 1127 1339 1167 ad
1374 1129 1489 1178 quod
1518 1140 1645 1182 aegre
1676 1142 1772 1169 cum
1802 1128 1895 1169 Ste-

99 1183 244 1236 phano
263 1175 382 1221 κατὰ
408 1195 461 1222 ex
482 1183 825 1224 antecedentibus
855 1189 1046 1235 repetas;
1081 1183 1215 1224 multo
1245 1179 1499 1224 faciliusve?
1524 1196 1588 1236 γε,
1620 1186 1733 1227 unde
1755 1187 1894 1239 ipsum

99 1242 257 1293 pariter
287 1231 406 1278 κατὰ
439 1231 596 1290 πάλην
620 1240 791 1292 pendet.
825 1260 880 1269 —
911 1241 960 1283 Ρ.
995 1238 1080 1280 789
1108 1239 1141 1279 Β
1171 1233 1303 1292 τινας
1329 1240 1394 1290 S„
1415 1239 1548 1288 τίνας
1576 1242 1683 1282 VBT
1716 1255 1813 1283 cum
1845 1242 1895 1283 li-

98 1299 214 1346 bris;
248 1302 290 1336 at
321 1297 625 1350 interrogativa
655 1297 724 1337 vis
755 1298 845 1349 jam
875 1297 1218 1339 antecedentibus
1252 1298 1509 1347 continetur3
1546 1305 1736 1352 praestat
1766 1300 1896 1352 igitur

103 1354 262 1408 opponi
292 1345 424 1399 τινας
461 1360 502 1395 et
531 1345 739 1406 πάντας,
775 1359 824 1393 ut
854 1352 918 1393 illi
955 1353 1134 1408 hymnos
1174 1356 1452 1403 constituant,
1494 1356 1540 1395 hi
1582 1362 1826 1396 consecrent
1856 1362 1896 1396 et

102 1417 398 1463 exsequantur.
440 1431 497 1440 --
535 1412 583 1454 P.
622 1409 707 1452 799
735 1409 766 1450 C
793 1407 985 1465 μηδαμῇ
1018 1423 1092 1450 πω
1123 1412 1178 1458 Β,
1210 1408 1322 1463 μηδ.
1358 1423 1460 1458 πως
1495 1410 1600 1452 VST
1631 1425 1727 1453 cum
1758 1411 1894 1464 libriS,

101 1470 180 1511 sed
205 1468 466 1513 abundanter
479 1473 529 1507 et
548 1469 640 1508 sine
669 1470 737 1520 vi,
770 1480 878 1519 quae
904 1470 949 1508 in
978 1480 1052 1508 πω
1074 1469 1177 1508 satis
1208 1469 1430 1510 commoda
1458 1470 1635 1511 accedit.
1660 1492 1718 1503 ——-
1737 1470 1784 1514 P.
1810 1469 1895 1511 802

99 1528 140 1568 A
169 1517 544 1578 ἔπαναιρόμενον
574 1526 611 1565 H
639 1538 693 1566 ex
721 1526 917 1579 vestigiis
956 1525 1184 1576 librorum,
1217 1538 1397 1578 quorum
1426 1526 1647 1568 lectionem
1675 1518 1895 1580 ἐπανερό-

100 1595 243 1637 μενον
261 1584 352 1637 jam
373 1582 753 1625 Winckelmannus
779 1585 823 1624 in
844 1583 986 1626 Praef.
1017 1583 1158 1624 Turic.
1190 1583 1307 1624 aliud
1337 1585 1548 1625 continere
1576 1584 1682 1625 vidit
1709 1597 1759 1625 ac
1782 1586 1897 1637 quod

100 1640 242 1683 VBST
269 1641 414 1685 nescio
441 1641 556 1683 unde
585 1641 790 1693 praebent
825 1632 1220 1694 ἔπανερομένουςε
1253 1642 1368 1692 quod
1399 1647 1542 1682 tamen
1576 1641 1650 1683 ille
1676 1643 1897 1697 proposuit

101 1690 522 1752 ἐπανορθούμενον
562 1711 587 1740 a
622 1698 839 1739 literarum
880 1699 1098 1740 elementis
1135 1698 1177 1739 lo
1241 1699 1308 1739 ius
1346 1699 1502 1739 recedit
1539 1712 1666 1767 quam
1703 1705 1895 1740 nostrum

101 1770 181 1798 nec
212 1757 421 1799 sententia
458 1762 667 1809 praestat,
708 1756 746 1796 si
781 1756 955 1808 quidem
984 1756 1066 1796 hoc
1096 1710 1708 1811 Ρτοῃῗπαναλαμβανομενον
1738 1755 1895 1797 intelli-

101 1827 204 1868 gere
228 1813 384 1855 licebit.
415 1814 515 1856 Mox
537 1826 705 1865 quoque
725 1807 903 1865 ὀλίγαις
931 1826 1008 1868 pro
1027 1804 1202 1865 ὀλίγοις
1225 1827 1278 1855 ex
1305 1814 1417 1866 conj.
1446 1815 1628 1856 scribere
1653 1826 1735 1854 non
1756 1815 1896 1868 magis

102 1871 317 1920 dubitavi,
350 1883 478 1922 quam
507 1872 590 1925 ipsi
619 1869 719 1911 BST
745 1872 941 1925 superius
969 1883 1011 1924 p.
1038 1869 1123 1912 795
1145 1872 1184 1911 A
1209 1863 1445 1924 ἑκατέροις
1470 1874 1515 1912 in
1538 1863 1775 1925 ἑκατέραις
1802 1884 1896 1911 mu—

99 1935 192 1970 tare
220 1927 562 1974 reformidarunt.
596 1927 869 1980 Adjectivum
894 1929 950 1970 ad
970 1922 1148 1980 ἡδονὰς
1174 1935 1218 1968 et
1248 1920 1508 1981 ἐπιθυμίας
1533 1936 1727 1983 spectare
1748 1929 1896 1969 Astius

102 1998 271 2038 quoque
291 1984 526 2033 intellexit3
560 1987 752 2037 quamvis
775 1987 887 2027 enim
906 1986 1147 2039 voluptates
1170 1986 1291 2028 Plato
1321 1993 1516 2040 spernat,
1547 1987 1737 2027 modicas
1755 1991 1895 2026 tamen

101 2045 147 2083 in
178 2050 304 2083 cantu
338 2049 378 2083 et
409 2043 631 2084 saltatione
668 2044 872 2092 admittit3
913 2043 971 2087 cf.
1005 2044 1081 2084 inf.
1117 2057 1155 2088 c.
1191 2045 1260 2085 17.
1294 2044 1348 2085 18
1381 2056 1477 2084 cum
1505 2043 1666 2084 Phileb.
1702 2056 1738 2086 c.
1773 2041 1827 2084 31
1858 2048 1898 2082 et

100 2099 284 2153 Republ.
314 2098 387 2143 IX.
426 2100 493 2144 11.
529 2122 585 2130 —
610 2101 659 2141 Ρ.
691 2099 777 2142 802
808 2099 840 2149 C
870 2094 922 2142 δὲ
950 2107 1048 2153 post
1082 2093 1270 2141 ἀκούων
1302 2114 1356 2142 ex
1381 2113 1523 2154 prava·
1543 2100 1895 2154 interpunctione,

101 2165 148 2198 ut
178 2157 369 2208 videtur,
412 2158 638 2197 oriundum
668 2159 1002 2211 circumscripsi;
1041 2152 1126 2210 μὲν
1161 2159 1273 2201 enim
1313 2170 1495 2209 sequens
1533 2158 1674 2211 potius
1711 2151 1763 2197 δὲ
1800 2162 1899 2210 post

102 2209 299 2268 τραφεὶς
329 2214 572 2266 oppositum
597 2215 680 2254 sibi
708 2213 857 2263 habet;
898 2215 1027 2267 hujus
1059 2220 1199 2256 autem
1230 2215 1408 2256 membri
1430 2215 1537 2256 haec
1566 2215 1792 2267 dispositio
1820 2219 1897 2263 est,

101 2280 169 2322 ut,
199 2272 276 2324 qui
301 2271 493 2312 modesto
525 2271 757 2311 carminum
778 2283 933 2324 genere
964 2273 1154 2313 eruditus
1179 2273 1257 2321 sit,
1291 2272 1495 2312 contrario
1526 2271 1670 2310 audito
1700 2271 1897 2323 refugere

105 2332 296 2380 dicatum
327 2341 465 2380 neque
497 2328 553 2370 ad
583 2341 679 2379 eum
705 2340 854 2378 usum,
889 2341 971 2380 quo
997 2322 1049 2368 δὲ
1076 2328 1289 2371 interdum
1311 2329 1355 2368 in
1380 2328 1559 2381 apodosi
1579 2328 1766 2380 ponitur,
1800 2339 1897 2367 con-

102 2389 198 2443 fugi
226 2387 376 2437 velim,
405 2387 506 2438 quia
525 2387 817 2440 participium,
848 2387 918 2426 cui
947 2376 1134 2426 ἀκούων
1159 2391 1414 2440 opponatur,
1446 2386 1579 2426 abest.
1602 2405 1660 2414 --
1681 2384 1726 2424 Ρ.
1750 2383 1837 2425 803
1862 2383 1896 2421 D

103 2437 131 2486 ὃ
162 2439 223 2498 δή
252 2455 410 2498 ,φαμεν
431 2445 467 2486 H
490 2458 542 2485 ex
571 2445 682 2497 conj.
712 2456 790 2497 pro
817 2436 869 2484 τὸ
901 2436 964 2496 δή
986 2454 1166 2496 φαμεν,
1199 2443 1316 2495 quod
1343 2442 1500 2483 frustra
1520 2443 1668 2482 Astius
1697 2454 1751 2481 ex
1782 2441 1897 2481 simi-

103 2504 282 2546 litudine
311 2503 595 2557 appositionis
626 2493 919 2564 ellipticaetvaei
952 2495 1003 2542 δὲ
1036 2497 1253 2554 μέγιστον
1283 2499 1496 2556 explicare
1526 2506 1723 2548 conatur;
1764 2499 1898 2539 nostri

105 2562 255 2605 eadem
281 2562 389 2603 ratio
420 2573 528 2613 quae
558 2558 636 2604 inf.
662 2573 701 2601 c.
730 2558 807 2602 19:
833 2548 866 2598 .ο“
896 2552 960 2611 δή
988 2570 1143 2612 φαμεν
1167 2554 1303 2612 ἡμεῖς
1327 2568 1378 2610 γε
1403 2548 1547 2604 ὅντως
1577 2550 1700 2597 εἶναι
1721 2567 1897 2610 τραγῳ-

105 2617 216 2660 δίαν
247 2612 338 2672 τὴν
368 2609 709 2671 ἀληθεστάτην.
761 2615 914 2659 Contra
937 2630 984 2671 p.
1018 2617 1103 2660 803
1133 2617 1168 2658 Ε
1199 2617 1255 2658 ad
1279 2615 1404 2659 codd.
1438 2616 1730 2656 auctoritatem
1754 2626 1897 2655 rever-

105 2689 179 2718 sus
209 2674 260 2717 τί
286 2690 310 2718 a
346 2677 484 2718 Turic.
518 2690 571 2717 ex
596 2675 771 2717 Winck.
813 2676 1053 2728 conjectura
1082 2681 1179 2716 ante
1213 2670 1438 2722 παίζοντα
1474 2674 1677 2714 insertum
1708 2671 1897 2724 expunxi

104 2736 397 2787 laborantique
425 2741 659 2776 structurae
681 2735 743 2774 ita
772 2734 915 2787 potius
944 2733 1104 2774 mederi
1131 2733 1295 2782 studui,
1327 2737 1375 2772 ut
1401 2723 1533 2777 τινας
1563 2742 1638 2784 pro
1670 2727 1803 2774 τίνας
1829 2727 1897 2766 hic

112 2806 282 2845 quoque
317 2793 640 2846 substituerem,
673 2805 756 2843 quo
787 2791 899 2832 facto
928 2791 1035 2832 haec
1067 2791 1274 2832 sententia
1297 2789 1456 2843 prodit:
1490 2787 1630 2839 aliqua
1654 2787 1801 2837 utique
1833 2784 1896 2824 lu-

112 2851 230 2891 dicra
271 2852 328 2893 ad
360 2851 654 2904 propitiandos
697 2849 798 2892 deos
827 2848 1013 2900 bellique
1052 2849 1392 2891 exercitationem
1434 2846 1600 2888 admitti
1639 2855 1743 2897 opus
1786 2853 1895 2893 esse,
