1976 3172
621 112 943 163 ΝΟΜΩΝ
976 105 1058 161 ια’.
1578 106 1688 161 379

0 249 307 319 ἐλεύθερόν
326 267 459 305 ποτε
486 252 642 319 φανῇ
673 244 910 316 διδάξας,
938 240 975 315 ἦ
1004 243 1177 310 κακὸς
1204 241 1347 301 εἶναι
1374 243 1688 310 δοξαζέσθω

0 334 91 390 καὶ
105 327 344 402 ἀπειθὴς
360 339 475 394 ῑθῖς
498 327 708 399 νόμοις·

138 415 266 470 ΧΠ.
307 411 543 483 Οίκτρὸς
562 408 615 467 δ’
636 407 739 480 οὐχ
755 405 788 466 6
811 414 1023 465 πεινῶν
1049 409 1088 481 ἦ
1115 430 1169 466 τι
1195 415 1415 467 τοιοῦτο
1442 411 1690 480 πάσχων,

0 491 122 552 ἀλλ’
139 493 171 551 ὁ
190 499 510 566 σωφρονων
526 491 563 564 ἥ
581 512 707 548 τινα
721 486 927 561 ἀρετὴν
950 486 988 563 ἦ
1017 493 1183 562 μέρος
1203 494 1347 562 ἔχων
1373 491 1592 562 ταύτης,
1620 490 1694 547 ἄν

0 597 122 634 τινα
140 573 441 649 ξυμφορὰν
454 572 599 646 πρὸς
612 571 830 637 τούτοις
848 577 1106 644 κεκτῆται
1118 592 1132 607 ·
1161 571 1248 627 διὸ
1264 571 1600 643 θαυμαστὸν
1618 566 1693 626 ἄν

0 662 232 731 γένοιτο,
251 666 311 716 εἴ
329 679 412 724 τις
435 679 519 717 ων
544 659 798 720 τοιοῦτος
826 652 1132 726 ἀμεληθείη
1158 653 1220 710 τό
1251 655 1535 726 παράπαν,
1555 652 1687 709 ὥστ’

0 744 77 805 εἰς
91 742 367 809 πτωχείαν
383 736 490 809 τὴν
506 736 740 809 ἐσχάτην
758 740 963 806 ἐλθεῖν,
983 731 1241 801 δοῦλος’“
1203 758 1239 806 η
1258 737 1351 792 καὶ
1373 735 1693 806 ἐλεύθερος,

0 821 61 877 ἐν
89 821 392 891 οἰκουμένῃ
419 819 513 874 καὶ
540 822 772 889 μετρίως
793 821 1041 889 πολιτείᾳ
1067 838 1128 872 τε
1157 818 1251 873 καὶ
1277 807 1451 874 πόλει.
1498 818 1584 873 διὸ
1616 822 1697 890 τοῖ

0 906 280 975 νομοθέτῃ
307 909 497 957 θεῖναι
523 899 704 970 νόμον
725 896 972 968 ἀσφαλὲς
995 897 1269 964 τοιούτοις
1294 899 1515 955 τοιόνδε
1539 896 1692 955 τινά·
1724 916 1755 959 c

0 985 213 1055 πτωχὸς
229 983 421 1054 μηδεὶς
434 978 567 1052 ἡμῖν
589 982 654 1037 ἐν
677 986 747 1051 τῇ
770 979 928 1036 πόλει
945 982 1246 1051 γιγνέσθω,
1265 984 1526 1036 τοιοῦτον
1544 978 1601 1035 δ’
1621 977 1696 1035 ἄν

0 1086 83 1130 τις
108 1067 357 1136 ἐπιχειρῇ
384 1065 548 1135 δρᾷν,
578 1060 763 1133 εὐχαῖς
789 1066 916 1133 βίον
942 1060 1243 1134 ἀνηνύτοις
1274 1061 1692 1134 ξυλλεγόμενος,

0 1148 61 1202 ἐκ
78 1146 185 1216 μὲν
201 1143 412 1217 ἀγορᾶς
429 1142 773 1216 ἀγορανόμοι
798 1143 1160 1216 ἐξειργόντων
1189 1142 1381 1215 αὐτόν,
1412 1147 1473 1201 ἐκ
1502 1145 1564 1200 δὲ
1590 1149 1694 1200 τοῦ

0 1230 195 1297 ἄστεος
218 1228 255 1303 ἡ
289 1236 404 1286 τῶν
431 1228 769 1301 ἀστυνόμων
795 1228 955 1300 ἀρχή,
980 1228 1288 1301 ἀγρονόμοι
1312 1227 1374 1286 δὲ
1396 1230 1458 1285 ἐκ
1480 1234 1579 1300 τῆς
1594 1227 1697 1285 άλ-

0 1318 100 1384 λης
114 1312 297 1382 χώρας
315 1316 393 1376 είς
412 1308 519 1382 τὴν
535 1308 845 1382 ὑπερορίαν
864 1310 1277 1381 ἐκπεμπόντων,
1299 1309 1451 1375 ὅπως
1474 1308 1510 1382 ἡ
1542 1310 1697 1381 χώρα

0 1399 102 1450 τοῦ
125 1393 386 1455 τοιούτου
411 1393 557 1459 {dou
574 1390 802 1461 καθαρὰ
818 1396 1073 1462 γίγνηται
1088 1391 1151 1447 τὸ
1173 1393 1455 1461 παράπαν.
1495 1396 1700 1456 δοῦλος

0 1473 51 1532 δ’
73 1470 201 1547 ἄνῆ
220 1474 395 1546 δούλη
412 1473 604 1546 βλάψῃ
630 1477 746 1529 τῶν
772 1470 1081 1546 ἀλλοτρίων
1097 1475 1190 1529 καὶ
1219 1470 1427 1545 ὁτιοῦν,
1457 1474 1530 1545 μὴ
1560 1478 1694 1539 ξυν-
1725 1489 1759 1530 D

0 1560 182 1612 αιτίου
210 1561 313 1612 τοῦ
350 1556 653 1628 βλαβέντος
690 1551 867 1610 αὐτοῦ
895 1558 1206 1625 γενομένου
1227 1554 1351 1621 κατ’
1384 1552 1644 1627 ἀπειρίαν
1661 1552 1697 1625 ἥ

0 1634 110 1693 τιν’
129 1637 325 1708 ἑτέραν
341 1642 534 1707 χρείαν
550 1632 626 1706 μὴ
648 1632 937 1707 σώφρονα,
956 1632 987 1691 6
1014 1641 1118 1692 τοῦ
1146 1636 1466 1708 βλάψαντος
1490 1635 1699 1694 δεσπό-

2 1740 100 1791 της
116 1714 154 1790 ἦ
170 1716 277 1790 τὴν
292 1718 515 1790 βλάβην
533 1716 775 1784 ἐξιάσθω
793 1718 867 1789 μή
890 1719 1092 1783 ἐνδεῶς
1109 1716 1146 1789 ἢ
1172 1716 1274 1775 τὸν
1290 1717 1568 1791 βλάψαντ’
1590 1715 1697 1774 αὐ-

0 1801 104 1859 τὸν
117 1799 416 1871 παραδότω
429 1821 442 1834 ·
462 1797 565 1856 ἐὰν
583 1797 635 1856 δ’
658 1799 1053 1871 ἐπαιτιώμενος
1071 1798 1099 1855 ὅ
1124 1799 1394 1873 δεσπότης
1411 1806 1575 1872 κοινῇ
1592 1806 1696 1857 τοῦ

0 1882 323 1958 βλάψαντος
337 1883 611 1955 τέχνῃκαὶ
634 1888 739 1939 τοῦ
764 1886 1068 1955 βλαβέντος
1093 1879 1180 1939 ἐπ’
1216 1881 1585 1955 ἀποστερήσει
1615 1889 1698 1957 φῇ

0 1972 104 2023 τοῦ
124 1965 336 2023 δούλου
362 1968 654 2036 γεγονέναι
675 1962 782 2037 τὴν
805 1968 1003 2038 αἰτίαν,
1036 1968 1438 2033 διαδικαζέσθω
1468 1964 1571 2037 μὲν
1592 1987 1697 2022 κα-

0 2068 304 2119 κοτεχνιων
320 2068 398 2123 τω
422 2046 697 2118 φάσκοντι
713 2051 1009 2119 βλαβῆναι,
1026 2050 1119 2104 καὶ
1142 2047 1242 2106 ἐὰν
1259 2048 1374 2148 ἕλῃ,
1397 2051 1696 2105 διπλασίαν

0 2135 99 2202 τῆς
127 2129 283 2196 ἀξίας
306 2136 411 2186 τοῦ
440 2129 653 2186 δούλου
679 2131 1008 2201 κομιζέσθω,
1038 2122 1104 2202 ἦς
1121 2152 1194 2186 αν
1212 2131 1415 2203 τιμήσῃ
1439 2127 1501 2187 τὰ
1533 2133 1756 2188 δικα-Ε

3 2210 252 2283 στήριον,
271 2211 372 2267 ἐὰν
396 2213 458 2267 δὲ
486 2208 720 2284 ἡττηθῇ,
751 2210 855 2283 τήν
883 2233 941 2268 τε
968 2212 1190 2285 βλάβην
1214 2213 1456 2281 ἐξιάσθω
1485 2210 1699 2269 καὶτὸν

2 2295 216 2349 δοῦλον
232 2293 547 2364 παραδότω.
584 2296 677 2351 καὶ
703 2292 803 2351 ἐὰν
821 2291 1130 2366 ὑποζύγιον
1158 2318 1196 2367 η
1223 2290 1446 2361 ἳππος”
1409 2317 1444 2368 η
1474 2294 1634 2351 κύων
1660 2294 1698 2366 ἥ

0 2392 57 2430 τι
88 2380 204 2432 ταῖν
238 2373 429 2431 ἄλλων
467 2376 811 2448 θρεμμάτων
846 2382 1071 2450 σίνηταί
1095 2398 1150 2434 τι
1181 2382 1321 2434 τῶν
1334 2381 1520 2448 πέλας,
1557 2376 1697 2433 κατὰ

3 2452 179 2510 ταύτὰ
205 2456 439 2513 ἐκτίνειν
462 2456 565 2528 τὴν
592 2458 827 2531 βλάβην.
876 2459 974 2516 ἐάν
993 2481 1074 2525 τις
1103 2460 1247 2517 ἑκων
1272 2458 1347 2531 μὴ
1375 2457 1536 2531 ’θέλῃ
1553 2478 1699 2530 μαρ-

3 2542 212 2605 τυρεῑν,
241 2543 680 2606 προσκαλεῖσθαι
711 2538 814 2597 τὸν
845 2541 1132 2617 δεόμενον,
1170 2539 1200 2597 6
1233 2542 1294 2596 δὲ
1324 2541 1698 2612 προσκληθεὶς

5 2615 304 2674 miv&
337 2615 478 2689 ὀὖς
508 2619 615 2694 τὴν
647 2626 829 2695 δίκην,
868 2625 961 2680 καὶ
998 2622 1099 2680 ἐάν
1122 2622 1226 2694 μὲν
1255 2626 1375 2696 εἰδῇ
1400 2624 1493 2680 καὶ
1530 2624 1699 2695 ἐθέλῃ

4 2709 329 2797 μαρτυρεῖν,
349 2707 710 2774 μαρτυρείτω,
732 2703 833 2761 ἐὰν
851 2704 914 2761 δὲ
939 2707 1143 2761 εἰδέναι
1161 2704 1236 2777 μὴ
1267 2709 1367 2778 φῇ,
1396 2706 1531 2772 τούς
1552 2714 1700 2777 τρεῖς

0 2777 183 2845 θεοὺς
206 2785 316 2836 Δία
346 2783 436 2836 καὶ
459 2779 780 2842 Ἀπόλλωνα
808 2789 895 2842 καὶ
928 2790 1100 2857 Θέμιν
1120 2783 1408 2859 ἀπομόσας
1430 2781 1467 2859 ἦ
1484 2786 1597 2860 μὴν
1623 2787 1699 2860 μή
