1976 3172
742 124 1068 192 ,NOMszN
1099 117 1178 172 ια’.
1340 177 1358 180 ,
1409 108 1411 110 ’
1695 120 1802 174 349

109 261 353 332 γόμενον
370 260 551 331 νόμον
564 279 576 291 ·
614 259 756 330 πρὸς
773 257 990 320 τούτοις
1009 254 1070 310 δὲ
1087 256 1252 311 ἕνεκα
1280 246 1394 311 Ιἐῶν
1423 255 1802 327 ἀσεβούντων,

107 346 205 399 ἳνα
226 341 302 413 μὴ
332 343 425 397 καὶ
448 348 623 397 ταῦτα
656 341 982 402 κλέπτοντες
1007 348 1127 402 ταῖς
1153 337 1436 409 πράξεσιν,
1467 336 1590 406 ἱερά
1624 358 1683 393 τε
1711 338 1802 393 καὶ
1841 349 1873 389 Β

105 421 334 495 βωμούς
369 425 432 480 ἐν
459 427 625 489 ἰδίαις
653 425 849 490 οἰκίαις
874 418 1215 490 ἱδρυόμενοι,
1252 419 1442 492 λάθρᾳ
1471 417 1603 484 τοὺς
1630 418 1804 484 θεοὺς

104 508 266 572 ἵλεως
293 504 539 578 οἰόμενοι
564 514 747 562 ποιεῖν
769 505 997 567 θυσίαις
1030 522 1089 556 τε
1117 502 1211 557 καὶ
1238 498 1437 571 εὐχαῖς,
1467 503 1544 564 εἰς
1571 498 1804 570 ἄπειρον

104 586 211 658 τὴν
228 585 453 644 ἀδικίαν
472 585 808 654 αὐξάνοντες
836 581 1027 649 αὐτοῖς
1050 604 1111 639 τε
1138 583 1451 654 ἐγκλήματα
1479 580 1619 654 πρὸς
1649 589 1804 638 θεῶν

106 675 380 737 ποιῶνται
406 670 500 724 καὶ
533 671 648 732 τοῖς
678 666 1087 737 ἐπιτρέπουσιν,
1124 657 1291 719 οὖσιν
1318 661 1510 718 αὐτῶν
1542 666 1802 734 βελτίοσι,

103 750 197 803 καὶ
211 754 367 803 πᾶσα
384 746 564 814 οὕτως
581 745 788 819 ἡπόλις
806 743 1065 818 ἀπολαύῃ
1084 750 1198 801 τῶν
1210 741 1433 816 ἀσεβῶν
1449 744 1663 818 τρόπον
1680 744 1804 800 τινὰ

104 831 341 893 δικαίῶς.
376 826 609 900 τὸνμὲν
627 826 696 900 δὴ
717 827 1036 899 νομοθέτην
1054 823 1085 882 ὁ
1104 823 1240 891 θεὸς
1258 823 1329 881 οὐ
1357 827 1649 897 μέμψεται·
1686 831 1802 882 κεί-
1825 843 1855 884 C

102 916 231 965 σθω
248 907 358 981 γὰρ
370 909 542 980 νόμος
559 902 741 980 οὗτος,
761 907 837 980 μὴ
856 911 1163 978 κεκτῆσθαι
1179 911 1336 963 θεῶν
1350 908 1413 963 ἐν
1431 910 1595 973 ἰδίαις
1612 911 1807 973 οἰκίαις

105 991 254 1062 ἱερά·
290 990 395 1047 τὸν
431 991 492 1047 δὲ
528 994 777 1062 φανέντα
791 992 1139 1062 κεκτημένον
1166 989 1327 1058 ἕτερα
1353 990 1446 1046 καὶ
1478 987 1804 1061 ὀργιάζοντα

105 1071 256 1143 πλὴν
273 1074 342 1129 τὰ
361 1073 616 1145 δημόσια,
636 1071 736 1130 ἐάν
754 1075 858 1146 μὲν
877 1072 1077 1129 ἄδικον
1095 1072 1272 1144 μηδὲν
1297 1077 1412 1128 τῶν
1430 1072 1692 1143 μεγάλων
1710 1065 1820 1128 καῖ’

104 1150 353 1211 ἀνοσίων
371 1156 733 1228 εἰργασμένος
751 1152 898 1227 ἀνὴρ
918 1150 958 1227 ἦ
975 1156 1068 1211 καὶ
1086 1152 1231 1226 γυνὴ
1252 1159 1511 1226 κεκτῆταί
1526 1176 1626 1227 τις,
1648 1151 1678 1209 ὁ
1701 1154 1803 1225 μὲν

21 1280 23 1282 -
103 1239 517 1309 αἰσθανόμενος
529 1239 921 1309 εἰσαγγελλέτω
933 1248 1047 1301 τοῖς
1058 1235 1461 1307 νομοφύλαξιν,
1482 1238 1540 1292 οἱ
1556 1238 1617 1292 δὲ
1634 1255 1804 1309 προς-

99 1318 420 1375 ταττόντων
441 1323 519 1384 εἰς
545 1317 614 1374 τά
639 1317 881 1389 δημόσια
898 1316 1204 1388 ἀποφέρειν
1222 1317 1343 1388 ίερά
1362 1315 1429 1372 τά
1449 1321 1580 1388 ἴδια,
1601 1315 1676 1389 μὴ
1694 1323 1803 1374 πεί-

102 1407 306 1467 θοντες
323 1403 385 1458 δὲ
402 1399 766 1473 ζημιούντων,
787 1401 891 1466 ἕως
911 1396 986 1454 ἀν
1004 1397 1316 1471 ἀπενεχθῇ·
1345 1397 1444 1454 ἐὰν
1473 1401 1539 1455 δέ
1564 1421 1646 1466 τις
1674 1397 1806 1456 ἀσε-
1828 1418 1860 1457 Ε

101 1482 280 1554 βήσας
298 1482 375 1556 μὴ
395 1487 632 1540 παιδίων
652 1479 780 1539 ἀλλ’
800 1479 1296 1554 ἀνδρῶν-ἀσέβημα
1316 1479 1563 1538 ἀνοσίων
1581 1484 1805 1553 γένηται

103 1565 367 1636 φανερός,
386 1573 494 1621 εἴτε
512 1566 575 1621 ἐν
594 1568 754 1629 ἰδίοις
774 1564 1145 1636 ἱδρυσάμενος
1163 1560 1265 1620 εἴτ’
1296 1566 1358 1621 ἐν
1387 1567 1672 1636 δημοσίοις
1691 1564 1805 1620 θύ-

104 1664 206 1711 σας
226 1644 348 1717 ίερά
366 1653 523 1713 θεοῖς
545 1649 906 1716 οἰστισινοῦν,
935 1645 1011 1711 ὡς
1029 1642 1100 1701 οὐ
1119 1645 1372 1718 καθαρὸς
1392 1643 1475 1703 ῶν
1500 1646 1667 1704 θύων
1691 1654 1805 1703 θα·-

104 1728 256 1803 νάτφ
281 1729 622 1801 ζημιούσθω.
659 1727 722 1785 τὸ
746 1727 808 1785 δὲ
826 1730 1079 1784 παίδειον
1099 1724 1135 1799 ἦ
1153 1728 1227 1800 μὴ
1249 1733 1541 1800 κρίναντες
1558 1733 1618 1787 οἰ
1630 1751 1803 1802 νομο-

51 1855 54 1858 .
103 1811 372 1883 φύλακες,
391 1816 471 1877 εἰς
488 1811 550 1868 τὸ
573 1811 932 1883 δικαστήριον
951 1809 1130 1876 οὕτως
1160 1812 1551 1883 εἰσαγαγόντες
1577 1812 1682 1884 τὴν
1708 1819 1805 1884 τῆς

103 1892 357 1968 ἀσεβείας
375 1897 541 1974 δίκην
557 1894 774 1962 τούτοις
792 1895 1208 1951 ἐπιτελούντων.

912 2230 1009 2281 ΙΑ.

245 2388 282 2441 1.
325 2391 443 2443 Ao.
490 2384 571 2442 Τά
607 2385 675 2460 δὴ
707 2387 843 2459 μετά
871 2385 1028 2444 ταῦτ’
1065 2395 1147 2459 εἴη
1177 2389 1529 2460 ξυμβολαίων
1566 2384 1638 2440 ἀν
1665 2385 1804 2456 πρὸς
1834 2401 1918 2446 913

0 2479 2 2509 ²
104 2465 381 2537 ἀλλήλους
402 2466 535 2540 ἡμῠν
553 2469 791 2542 δεόμενα
820 2469 1214 2542 προσηκούσης
1241 2468 1458 2536 τάξεως.
1497 2465 1714 2523 ἁπλοῦν
1745 2467 1808 2521 δέ

0 2554 4 2592 ῐ
106 2543 165 2616 γ’
187 2548 431 2606 ἐστίπον
446 2549 511 2606 τό
527 2572 592 2623 γε
619 2557 901 2609 τοιοῦτον·
939 2553 1077 2625 μήτε
1108 2546 1216 2607 οὖν
1242 2572 1320 2616 τις
1349 2556 1465 2605 τῶν
1488 2550 1637 2619 ἐμῶν
1666 2567 1804 2620 χρη-

0 2634 4 2667 ⁵
106 2628 300 2700 μάτων
317 2626 544 2689 ἅπτοιτο
554 2637 631 2701 εἰς
642 2635 904 2708 δύναμιν,
924 2632 1047 2707 μηδ’
1071 2628 1145 2689 αὖ
1163 2633 1409 2704 κινήσειε
1427 2629 1565 2704 μηδὲ
1581 2629 1644 2687 τὸ
1660 2635 1802 2702 βρα-

0 2717 4 2743 '
105 2711 345 2782 χύτατον
381 2714 476 2785 ἐμὲ
509 2718 732 2791 μηδαμῇ
765 2721 1030 2790 μηδαμῶς
1067 2721 1308 2773 πείθων·
1356 2712 1496 2771 κατά
1533 2711 1706 2770 ταύτὰ
1742 2711 1802 2768 δὲ

0 2809 6 2820 ’
106 2800 281 2850 ταῦτα
304 2797 391 2851 καὶ
415 2796 627 2866 περὶτὰ
650 2806 762 2857 τῶν
781 2800 968 2858 ἄλλων
998 2797 1104 2870 ἐγώ
1130 2798 1336 2874 δρῴην,
1369 2804 1510 2854 νοῦν
1540 2799 1680 2867 ἔχων
1703 2799 1799 2867 ἔμ-
