1976 3172
200 133 267 186 88
792 129 1270 188 ΠΛΑΤῼΝΩΣ

199 281 323 321 κοσι
340 263 624 336 γερόντων
645 263 927 334 ἰσόψηφον
945 267 1021 327 εἰς
1039 259 1106 318 τὰ
1119 269 1351 333 ’μέγιστα
1384 269 1453 333 τῇ
1482 269 1594 319 τῶν
1612 269 1880 336 βασιλέων

198 344 472 417 ποιήσασα
487 344 741 416 δυνάμει.
770 341 800 399 ὁ
819 346 882 400 δὲ
897 349 1078 414 τρίτος
1097 343 1278 415 σωτὴρ
1301 342 1433 414 ὑμῖν
1449 347 1525 399 ἔτι
1546 354 1880 416 σπαργῶσαν
1973 386 1976 408 ;

197 430 290 483 καὶ
323 428 693 498 θυμουμένην
721 423 826 496 τὴν
846 423 1028 497 ἀρχὴν
1054 424 1205 497 ὁρῶν
1234 421 1354 480 οἷον
1388 426 1592 493 ψάλιον
1623 430 1896 500 ἐνέβαλεν·

198 508 340 581 αὐτῇ
359 506 463 579 τὴν
481 514 594 563 τῶν
613 506 838 577 ἐφόρων
860 507 1120 578 δύναμιν,
1140 504 1305 577 ε’γγῦς
1323 514 1418 578 τῆς
1438 515 1720 580 κληρωτῆς
1745 509 1882 581 ἀγα-

196 587 315 662 γῶν
337 589 650 659 δυνάμεως·
682 587 932 643 καὶκατὰ
951 585 1017 659 δὴ
1039 594 1239 643 τοῦτον
1258 587 1358 643 τὸν
1375 587 1545 659 λόγον
1571 587 1606 660 ἡ
1636 596 1884 661 βασιλεία

197 669 331 744 παρ’
371 670 525 742 ὑμῖν,
564 673 619 736 ἐξ
660 663 741 725 ῶν
776 674 887 726 ἔδει
927 672 1229 741 σύμμικτος
1263 675 1534 744 γενομένη
1563 676 1656 729 καὶ
1684 680 1886 745 μέτρον
1973 672 1976 680 ⁴

197 757 416 824 ἔχουσα,
437 761 684 808 σωθεῖσα
706 750 844 822 αὐτὴ
866 756 1136 824 σωτηρίας
1147 763 1259 817 τοῖς
1275 752 1462 818 ἄλλοις
1474 755 1707 824 γέγονεν
1726 761 1882 811 αἰτία.

141 848 174 888 Β
210 837 322 891 ἐπεὶ
342 837 436 889 ἐπί
451 855 515 904 γε
544 833 772 906 Τημένῳ
791 836 885 888 καὶ
900 834 1234 905 Κρεσφόντῃ
1253 836 1476 900 καὶτοῖς
1496 836 1620 891 τότε
1642 840 1888 908 νομοθέ-
1957 846 1963 858 “

200 937 333 985 ταις,
355 918 552 978 οἵτινες
573 912 664 984 ἄρ’
685 908 833 984 ἦσαν
853 922 1312 984 νομοθετοῦντες,
1347 915 1472 987 οὐδ’
1505 916 1540 987 ἡ
1573 916 1890 990 Ἀριστοδή-

202 1019 311 1069 μου
330 997 483 1068 μερὶς
501 993 689 1065 έσῶθη
718 991 843 1048 ποτ’
875 993 963 1049 ἄν.
1004 993 1073 1049 οὐ
1102 993 1209 1064 γὰρ
1241 999 1445 1061 ἱκανῶς
1471 991 1618 1067 ἦσαν
1644 1008 1891 1070 νομοθε-
1951 997 1954 1003 ’

204 1085 324 1144 σίας
351 1083 624 1150 ἔμπειροι·
663 1075 863 1148 σχεδὸν
879 1075 988 1148 γὰρ
1017 1074 1122 1132 οὐκ
1153 1075 1226 1131 ἄν
1252 1077 1376 1132 ποτ’
1400 1075 1674 1150 ᾠήθησαν
1702 1080 1892 1148 ὅρκοις
1972 1151 1976 1154 Δ

203 1161 494 1234 μετριάσαι
512 1157 697 1230 ψυχὴν
725 1162 860 1215 νέαν
878 1165 1166 1231 λαβοῦσαν
1187 1158 1379 1231 ἀρχήν,
1402 1163 1455 1226 ἐξ
1473 1153 1538 1232 ἧς
1559 1160 1803 1217 δυνατὸν
1819 1157 1894 1233 ἦν
1971 1158 1976 1163 ”

200 1246 507 1315 τυραννίδα
527 1245 810 1313 γενέσθαι.
848 1247 960 1298 νῦν
987 1241 1042 1298 δ’
1073 1241 1102 1298 ὁ
1131 1241 1268 1308 θεὸς
1291 1246 1512 1314 ἔδειξεν,
1530 1247 1655 1300 οἵαν
1672 1248 1783 1300 ἔδει
1803 1246 1893 1300 καὶ

204 1333 291 1385 δεῖ
307 1327 374 1399 δὴ
395 1325 498 1397 τὴν
518 1331 804 1396 μενοῦσαν
822 1326 1060 1396 μάλιστα
1079 1324 1255 1397 ἀρχὴν
1273 1319 1580 1395 γίγνεσθαι.
1601 1326 1664 1381 τὸ
1687 1327 1746 1383 δὲ
1767 1325 1891 1396 παρ’

143 1420 172 1461 C
203 1410 365 1483 ἡμῶν
405 1408 820 1479 γιγνώσκεσθαι
852 1415 1045 1479 ταῦτα,
1073 1407 1211 1479 ὅπερ
1241 1409 1398 1464 εἷπον
1426 1412 1762 1480 ἔμπροσθεν,
1784 1415 1894 1466 νῦν

206 1494 309 1564 μὲν
327 1490 639 1562 γενόμενον
657 1488 825 1546 οὐδὲν
844 1490 1048 1561 σοφόν·
1086 1494 1146 1547 ἐκ
1165 1489 1275 1562 γὰρ
1293 1494 1733 1563 παραδείγματος
1752 1490 1894 1563 ὁρᾷν

205 1572 504 1646 γεγονότος
541 1569 710 1628 οὐδὲν
746 1572 1012 1641 χαλεπόν·
1071 1579 1120 1629 εί
1154 1572 1205 1628 δ’
1245 1568 1318 1644 ἦν
1355 1596 1436 1639 τις
1473 1581 1736 1647 προορῶν
1771 1575 1895 1630 τότε

207 1665 382 1714 ταῦτα
407 1656 499 1712 καὶ
539 1655 852 1726 δυνάμενος
880 1656 1171 1727 μετριάσαι
1206 1654 1305 1720 τάς
1332 1654 1503 1727 άρχάς
1537 1660 1629 1713 καὶ
1665 1662 1798 1728 μίαν
1837 1658 1896 1712 ἐκ

206 1746 382 1812 τριῶν
402 1745 646 1811 ποιῆσαι,
668 1740 737 1795 τά
757 1760 816 1795 τε
836 1741 1115 1811 νοηθέντα
1135 1735 1207 1794 ἂν
1235 1737 1376 1794 καλὰ
1407 1737 1532 1794 τότε
1557 1740 1740 1795 πάντα
1762 1738 1896 1794 άπέ-

210 1837 356 1880 σωσε
375 1823 468 1877 καὶ
499 1819 603 1876 οὐκ
631 1821 704 1877 ἅν
732 1840 864 1878 ποτε
901 1819 930 1877 ὁ
959 1820 1233 1890 Περσικὸς
1260 1824 1348 1877 ἐπὶ
1375 1820 1479 1892 τὴν
1507 1820 1740 1877 Ἑλλάδα
1768 1818 1891 1876 οὐδ’

210 1904 378 1968 ἄλλος
398 1902 583 1968 οὐδεὶς
600 1903 796 1969 στόλος
814 1899 886 1963 ἂν
908 1902 1145 1975 ῶρμησε,
1165 1903 1598 1974 καταφρονήσας
1622 1901 1695 1968 ῶς
1715 1900 1897 1959 ὄντων

209 1986 371 2059 ἡμῶν
387 1986 617 2057 βραχέος
637 1985 818 2052 ἀξίων.

351 2074 470 2126 ΚΛ.
506 2067 711 2140 Ἀληθῆ
730 2070 918 2140 λέγεις.
962 2134 969 2138 ,

148 2178 183 2218 1)
358 2159 471 2208 ΑΘ.
512 2154 766 2221 Αἰσχρῶς
800 2157 945 2221 γοῦν
972 2149 1259 2223 ἠμύναντο
1302 2148 1524 2222 αὐτούς,
1565 2146 1609 2207 ῶ
1652 2155 1898 2207 Κλεινία.
1967 2165 1976 2171 ‘

211 2238 273 2293 τὸ
315 2232 367 2290 δ’
409 2234 639 2303 αἰσχρὸν
668 2238 809 2302 λέγω
849 2233 951 2303 οὐχ
987 2230 1059 2298 ὥς
1098 2232 1166 2289 ού
1194 2235 1458 2298 νικῶντές
1484 2254 1549 2303 γε
1578 2237 1636 2289 oc
1657 2231 1780 2288 τότε
1809 2233 1902 2287 καὶ

213 2317 354 2376 κατὰ
392 2322 500 2387 γῆν
528 2318 620 2371 καὶ
644 2316 782 2371 κατὰ
806 2315 1095 2371 θάλατταν
1123 2315 1296 2380 καλάς
1330 2315 1654 2386 νενικήκασι
1690 2314 1868 2383 μάχας
1887 2335 1900 2346 ·

217 2399 338 2458 ἀλλ’
363 2399 396 2456 δ’
416 2421 558 2470 φημι
577 2398 806 2468 αἰσχρὸν
822 2397 939 2453 τότ’
958 2397 1114 2467 εἶναι,
1145 2399 1272 2453 τόδε
1302 2401 1444 2467 λέγω
1471 2397 1781 2468 τὸπρῶτον
1799 2394 1902 2464 μὲν

218 2488 447 2541 ἐκείνων
465 2487 579 2536 τῶν
594 2481 812 2537 πόλεων
828 2485 1000 2550 τριῶν
1019 2477 1208 2535 οὐσῶν
1225 2484 1358 2551 μίαν
1375 2477 1518 2549 ’ὑπὲρ
1535 2484 1633 2549 τῆς
1644 2475 1903 2540 Ἑλλάδος

218 2567 445 2638 ἀμῦναι,
467 2565 543 2620 τῶ
563 2563 623 2620 δὲ
636 2563 740 2620 δύο
759 2569 944 2628 κακῶς
973 2561 1150 2628 οὕτως
1174 2562 1314 2619 εἶναι
1335 2564 1737 2633 διεφθαρμένα,
1761 2558 1902 2616 ὥστε

215 2647 248 2719 ἡ
271 2649 373 2719 μὲν
398 2650 490 2703 καὶ
517 2645 909 2718 Λακεδαίμονα
940 2645 1254 2701 διεκώλυεν·
1271 2644 1576 2716 ἐπαμύνειν
1604 2641 1766 2715 αὐτῇ,
1796 2661 1902 2696 πο-
1972 2676 1976 2678 -

217 2736 464 2802 λεμοῦσα
484 2728 625 2802 αὐτῇ
645 2726 784 2784 κατὰ
805 2725 1078 2800 κράτος,ἡ
1107 2726 1158 2782 δ’
1195 2721 1269 2783 αὖ
1300 2727 1668 2799 πρωτεύουσα
1699 2727 1760 2781 ἐν
1787 2733 1902 2801 τοῖς
1968 2771 1976 2803 2

150 2806 183 2872 Ε
215 2814 339 2870 τότε
367 2812 591 2885 χρόνοις
617 2823 731 2878 τοῖς
759 2813 884 2882 περὶ
917 2812 1021 2882 τὴν
1051 2811 1341 2882 διανομήν,
1376 2808 1410 2881 ἡ
1441 2811 1566 2882 περὶ
1594 2808 1655 2881 τὸ
1683 2808 1902 2876 Ἄργος,
1968 2806 1976 2811 ’
