1976 3172
88 139 174 170 vm
793 127 1173 173 PRAEFATIO.

86 244 120 284 E
153 235 231 283 ἒπὶ
267 236 345 294 ἔτη
384 254 460 294 pro
494 232 574 290 ἐπὶ
609 234 676 281 ἔτι
715 254 809 283 cum
852 242 1109 291 Schneidero
1149 246 1193 285 in
1222 246 1415 287 Prooem.
1449 247 1545 288 lect.
1577 247 1753 291 Vratisl.
1786 249 1876 291 hib.

86 301 223 350 1822,
256 312 351 340 mea
379 299 561 350 denique
592 299 767 352 conject.
789 312 834 354 p.
858 298 944 342 698
967 300 1004 340 D
1034 292 1086 347 ὃς
1117 314 1195 355 pro
1225 296 1250 341 ὃ
1276 296 1336 355 δὴ
1359 297 1493 356 λόγος
1518 316 1701 356 moxque
1721 310 1763 360 p.
1787 307 1878 348 699

86 357 117 397 C
148 355 296 409 δῆμος
324 368 402 410 pro
431 348 582 402 δειλὸς
604 357 845 408 scriberem,
870 363 911 397 et
932 369 979 411 p.
1006 358 1088 401 701
1108 358 1144 398 D
1165 371 1250 400 non
1275 373 1365 414 ego,
1385 363 1556 413 quidem
1584 357 1732 415 ἕνεκα,
1761 365 1874 414 quod

83 413 466 454 Wincke‘lmannus
493 414 629 454 suasit
657 413 858 457 zeitschr.
892 414 923 454 f.
958 415 1000 456 d.
1027 415 1208 460 Alterth.
1238 417 1376 468 1842,
1401 431 1445 472 p.
1474 418 1579 469 295,
1611 420 1690 460 sed
1718 415 1872 472 χάριν,

85 471 200 522 quod
228 483 282 512 ex
309 471 654 518 antecedentibus
686 483 911 525 perperam
941 472 1137 512 iteratum
1169 485 1264 514 esse
1293 476 1479 526 videtur,
1513 476 1710 517 cancellis
1725 478 1875 518 duclu-

84 530 240 570 derem.
273 529 336 570 De
358 540 402 581 p.
433 527 518 569 699
545 527 576 568 C
600 527 798 582 pluribus
831 529 1044 582 disputavi
1072 530 1117 569 in
1142 531 1261 571 Actis
1288 531 1386 576 Soc.
1415 546 1593 587 graecae
1618 534 1736 587 Lips.
1768 535 1818 575 Τ.
1839 536 1875 575 Ι.

82 584 343 639 p.'3—17‚
383 585 537 637 quibus
569 586 680 627 addo
717 587 846 629 Isocr.
879 586 1037 639 Areop.
1076 587 1119 636 S.
1151 586 1201 628 6:
1240 581 1375 640 ἡμεῖς
1403 601 1453 629 τε
1490 583 1577 643 γὰρ
1613 584 1877 630 ἀναστάτου

82 638 167 695 μὲν
194 641 279 696 τῆς
303 636 479 689 πόλεως
508 635 602 683 ὑπὸ
626 640 719 683 τῶν
747 636 995 699 βαρβάρων
1023 640 1355 699 γεγενημένης,
1386 639 1466 686 διὰ
1487 639 1538 686 τὸ
1567 645 1770 687 δεδιέναι
1795 644 1877 688 καὶ

83 698 327 754 προσέχειν
347 693 431 740 τὸν
449 698 564 740 νοῦν
586 701 685 747 τοῖς
707 695 975 754 πράγμασιν
996 693 1348 755 ἐπρωτεύσαμεν
1369 702 1463 742 τῶν
1477 698 1733 756 “Ελλήνων.·
1751 717 1877 756 quam

83 766 223 807 autem
248 757 548 800 Stallbaumius
579 760 622 798 in
655 771 800 812 progr.
822 759 941 811 Lips.
971 757 1102 801 1844.
1131 761 1173 800 4.
1196 772 1240 813 p.
1269 762 1323 801 14
1347 773 1467 802 meae
1493 761 1775 802 emendationi
1802 774 1877 802 no-

83 813 204 867 vam,
240 823 286 857 ut
311 817 392 856 sibi
421 815 657 865 videbatur,
690 816 890 869 opposuit
917 807 973 856 ὃν
1003 809 1047 856 εἰ
1069 809 1172 856 τότε
1201 813 1367 870 μηδεὶς
1396 831 1472 871 pro
1505 811 1569 871 μὴ
1602 814 1744 871 daos-,4
1766 820 1881 859 miro*

83 885 186 914 casu
218 875 378 922 evenit,
411 878 459 913 ut
489 874 637 914 eadem
665 880 802 923 esset,
834 885 960 925 quam
992 873 1080 914 illic
1106 878 1278 916 narravi
1303 877 1458 930 viginti
1486 877 1609 917 annis
1631 882 1729 916 ante
1758 888 1784 915 a
1809 888 1879 916 me

81 932 176 984 ipso
205 933 248 971 in
279 929 502 972 Societatis
530 943 708 985 graecae
739 942 940 971 consessu
970 931 1178 984 prolatam
1205 944 1283 973 nec
1309 933 1644 974 commilitonum
1673 933 1879 986 suffragia

81 988 236 1029 tulisse
265 1001 344 1028 nec
365 987 470 1028 mihi
500 989 682 1041 amplius
710 989 903 1042 probari;
937 989 1052 1040 quod
1077 991 1157 1030 etsi
1186 990 1231 1029 in
1255 991 1433 1031 eandem
1459 993 1605 1031 tertius
1632 991 1684 1032 ab
1712 992 1879 1044 integro

80 1046 228 1086 incidit
260 1044 305 1090 C.
331 1045 592 1086 Schmidtius
617 1046 790 1086 Emend.
821 1044 928 1087 Plat.
957 1045 1106 1087 Bielef.
1135 1045 1261 1091 1848.
1286 1049 1329 1088 4.
1356 1061 1399 1101 p.
1425 1046 1468 1098 9,
1495 1048 1784 1100 recipiendam
1813 1054 1879 1087 ta·

67 1115 178 1158 'men
207 1115 292 1144 non
316 1103 455 1156 magis
486 1103 614 1152 duxi,
647 1115 772 1154 quam
799 1104 913 1154 quod
939 1115 1074 1156 nuper
1102 1102 1401 1145 Stallbaumius
1424 1107 1567 1146 nescio
1599 1103 1712 1146 unde
1738 1094 1769 1158 ᾗ
1795 1116 1877 1156 pro

80 1148 138 1212 ἧς
165 1154 191 1199 ὁ
227 1152 379 1206 δειλὸς
409 1160 558 1199 edidit.

64 1256 68 1266 ,
196 1216 246 1259 L.
279 1218 354 1259 IV.
381 1228 425 1268 p.
460 1215 545 1257 706
573 1217 613 1256 A
639 1213 723 1255 τοῦ
750 1207 842 1271 ὅτῳ
863 1248 874 1259 .
897 1246 909 1259 .
933 1247 944 1258 .
962 1213 1056 1255 τῶν
1085 1208 1160 1256 ἀεὶ
1193 1216 1254 1267 Η,
1285 1210 1455 1258 τούτου
1486 1210 1579 1272 ὅτῳ
1598 1251 1609 1261 .
1636 1248 1647 1258 .
1669 1246 1678 1256 .
1698 1210 1879 1256 τούτων
1936 1212 1940 1223 '

79 1272 172 1314 τῶν
206 1266 280 1313 ἀεὶ
309 1272 472 1321 VBST;
506 1272 603 1312 libri
632 1278 773 1313 tamen
803 1285 880 1325 pro
911 1265 1088 1312 τούτων
1116 1270 1210 1313 τῶν
1241 1280 1312 1313 aut
1344 1274 1479 1315 solum
1510 1267 1690 1313 τούτων
1728 1279 1802 1314 aut
1830 1280 1878 1313 ut

79 1333 176 1372 Par.
209 1328 292 1370 τοῦ
320 1327 414 1369 τῶν
446 1329 668 1379 exhibent,
698 1331 743 1370 in
771 1342 853 1380 quo
880 1335 920 1369 et
947 1342 1073 1370 verae
1103 1329 1297 1370 lectionis
1329 1331 1511 1385 vestigia
1545 1332 1586 1372 et
1616 1331 1876 1383 corruptelae

82 1400 253 1430 causam
293 1388 423 1429 latere
464 1387 657 1430 arbitror.
712 1384 809 1426 Τοῦ
843 1385 978 1435 enim,
1022 1387 1090 1427 cui
1122 1392 1219 1428 ante
1247 1381 1340 1443 ὅτῳ
1376 1387 1493 1433 locus
1525 1393 1637 1436 erat,
1673 1387 1876 1427 aliorsum

81 1446 309 1495 translato,
339 1436 432 1500 ὅτῳ
458 1456 615 1485 novum
646 1443 1043 1498 interpolamentum
1072 1437 1241 1484 τούτου
1269 1445 1584 1497 flagitabanat
1610 1444 1742 1484 solius
1773 1445 1877 1484 arti-

82 1503 167 1544 culi
198 1516 324 1544 usum
349 1508 445 1542 ante
474 1501 698 1542 relativum
727 1502 893 1542 abunde
918 1502 1097 1554 probant
1127 1502 1221 1542 Ast.
1250 1514 1295 1555 p.
1325 1503 1411 1542 242
1439 1507 1479 1542 et
1507 1501 1755 1556 Bernhardy
1778 1502 1876 1541 wis-

82 1560 250 1603 sensch.
286 1560 446 1614 Syntax
474 1571 518 1612 Ρ.
540 1557 639 1600 313.
674 1557 826 1599 Contra
854 1551 927 1598 ἀεὶ
949 1557 1042 1598 τῶν
1068 1557 1221 1610 καλῶν
1245 1560 1373 1600 scribi
1400 1571 1495 1599 cum
1519 1558 1876 1600 Winckelmanno

81 1619 140 1666 ad,
164 1618 347 1672 Euthyd.
367 1630 412 1671 p.
441 1617 522 1658 117
544 1628 718 1657 necesse
747 1628 831 1657 non
861 1622 972 1665 erat;
1005 1629 1084 1656 nec
1108 1609 1236 1671 μόνῳ
1263 1616 1455 1670 intelligo
1487 1610 1564 1656 cur
1584 1617 1699 1657 idem
1729 1617 1772 1655 in
1796 1609 1878 1667 μό-

85 1687 172 1715 νον
193 1675 351 1716 mutari
373 1673 577 1725 voluerit,
609 1673 723 1726 quod
751 1674 907 1728 exigua
931 1673 1134 1715 librorum
1158 1674 1242 1715 fide
1268 1687 1293 1714 a
1319 1675 1421 1715 Tur.
1445 1679 1661 1726 receptum
1682 1674 1879 1723 antiquae

79 1731 186 1774 VBS
209 1733 378 1774 lectioni
401 1731 550 1773 cedere
572 1731 699 1785 jussi.
719 1752 778 1760 —
798 1733 846 1772 P.
872 1731 957 1774 709
979 1732 1018 1771 A
1039 1725 1258 1785 ἀκαιρίας
1281 1743 1357 1785 pro
1388 1723 1583 1783 ἀκαιρία
1603 1731 1728 1771 scribi
1751 1731 1877 1770 etiam

81 1793 172 1832 sine
205 1790 332 1832 codd.
364 1796 572 1830 structura
600 1788 863 1842 postulabat,
901 1801 985 1840 qua
1013 1782 1144 1829 νόσοι
1175 1791 1231 1830 ad
1260 1781 1449 1841 λοιμοὺς
1475 1788 1590 1830 solos
1615 1787 1766 1828 referri
1793 1798 1878 1826 non

80 1854 283 1902 possunt;
308 1846 672 1901 comprehendunt
698 1847 830 1899 igitur
850 1848 976 1888 etiam
996 1847 1181 1899 reliquos
1199 1839 1419 1899 ἀκαιρίας
1439 1846 1613 1887 effectus
1635 1850 1683 1885 ut
1702 1844 1878 1893 famem,

83 1918 213 1957 quam
246 1906 415 1946 omnino
449 1910 563 1945 arcte
587 1904 713 1957 jungi
743 1916 840 1945 cum
872 1910 994 1957 peste
1024 1910 1208 1952 constan
1243 1904 1300 1947 cf.
1319 1903 1490 1944 Miitzell
1517 1903 1683 1945 emend.
1715 1901 1879 1954 Theog.

80 1963 254 2007 Hesiod.
289 1975 333 2016 p.
369 1961 468 2003 188.
495 1983 555 1991 ——-
590 1964 638 2003 Ρ.
670 1959 756 2005 709
786 1962 821 2001 Ε
853 1962 1228 2014 impeditissimum
1266 1962 1426 2010 locum,
1467 1962 1541 2001 ubi
1577 1960 1708 2013 vulgo
1738 1959 1882 1999 verbis

80 2009 177 2071 ἀρα
210 2017 294 2060 τοῦ
323 2014 587 2072 νομοθέτου
621 2010 869 2072 φράζωμεν
903 2017 1040 2058 τοῦτο
1072 2009 1109 2071 η’
1136 2011 1223 2072 γὰρ
1263 2020 1319 2060 ad
1348 2018 1617 2059 Atheniensis
1648 2016 1881 2056 orationem

79 2078 231 2119 relatis
254 2076 414 2118 Cliniae
446 2075 586 2118 solum
607 2088 859 2130 responsum
891 2071 971 2116 ναὶ
996 2075 1334 2128 relinquebatur,
1365 2088 1444 2116 nec
1467 2076 1609 2118 Turio.
1637 2086 1734 2113 cum
1757 2073 1881 2112 Astio

52 2129 133 2176 ‘vo
173 2142 271 2175 ante
304 2132 388 2174 τοῦ
418 2134 641 2175 inserendo
672 2146 751 2175 nec
786 2132 1075 2174 Schrammius
1094 2133 1230 2188 *Spec.
1259 2134 1293 2176 I.
1325 2146 1371 2186 p.
1412 2134 1464 2173 17
1501 2124 1585 2171 τὸν
1614 2123 1882 2182 νομοθέτην

83 2193 309 2236 scribendo
341 2193 609 2245 persanavit,
652 2203 894 2242 quanquam
925 2191 997 2231 hic
1029 2196 1142 2232 recte
1172 2190 1278 2232 vidit
1310 2201 1567 2244 responsum
1596 2183 1678 2228 ναὶ
1706 2187 1761 2227 ad
1787 2198 1881 2226 eam

83 2249 430 2303 interrogationis
457 2248 660 2296 formam,
691 2248 958 2312 quamaevulg.
987 2249 1213 2299 praebent,
1246 2259 1332 2289 non
1342 2258 1615 2314 5congruerem
1642 2256 1727 2285 una
1753 2244 1884 2296 igitur

86 2311 180 2363 ejus
207 2311 448 2348 correctura
472 2311 670 2358 recepta,
702 2317 787 2355 qua
809 2315 927 2355 αρα,
958 2304 1073 2354 quod
1103 2306 1298 2354 sequenti
1326 2316 1357 2354 η
1385 2296 1473 2354 γὰρ
1497 2304 1638 2342 minus
1669 2301 1881 2347 convenit,

83 2368 129 2406 in
161 2357 254 2418 α”ρα
288 2364 490 2411 mutavit,
532 2362 697 2412 reliqua
725 2361 781 2402 ad
813 2359 970 2400 Cliniae
1007 2372 1234 2412 personam
1265 2361 1326 2400 ita
1354 2358 1575 2407 transtuli,
1618 2363 1664 2397 ut
1693 2357 1764 2396 hic
1791 2357 1882 2408 jam

85 2426 320 2477 interroget
335 2452 347 2472 ,
370 2422 545 2474 ipsosne
566 2414 838 2460 Atheniensis
859 2417 982 2469 quasi
1001 2417 1256 2470 legislatoris
1281 2416 1475 2466 nomine,
1498 2415 1613 2467 quod
1638 2414 1704 2454 illi
1734 2420 1884 2478 optans

87 2483 189 2522 dum
221 2481 301 2530 sit,
333 2478 474 2530 eloqui
504 2477 666 2531 jubeat.
700 2476 792 2526 Qua
820 2477 866 2516 in
897 2474 1176 2527 dispositione
1206 2475 1244 2514 si
1268 2474 1364 2525 quis
1397 2473 1522 2513 simul
1548 2473 1661 2512 Astii
1689 2470 1798 2511 illud
1827 2479 1887 2508 το

85 2539 279 2592 recipere
312 2536 532 2587 maluerit,
565 2546 651 2575 non
679 2545 894 2587 repugno,
927 2544 1005 2572 nec
1046 2524 1279 2584 φράζομεν
1317 2532 1362 2571 in
1391 2530 1585 2583 plurimis
1615 2529 1735 2569 libris
1768 2528 1884 2568 dete-

85 2597 177 2636 rius
219 2607 345 2647 quam
371 2584 629 2646 ’φράζωμεν
666 2604 692 2632 a
729 2592 869 2644 prima
899 2589 993 2632 Par.
1025 2601 1153 2630 manu
1184 2589 1314 2629 scribi
1353 2588 1560 2635 concedo;
1601 2586 1707 2626 mihi
1741 2590 1883 2624 tamen

85 2654 170 2694 hoc
195 2658 364 2694 tantum
395 2650 664 2705 propositum
685 2655 795 2698 erat,
827 2653 872 2688 ut
899 2659 1025 2698 quam
1053 2646 1228 2688 minima
1256 2646 1485 2686 mutatione
1514 2642 1882 2697 interrogationem

88 2711 144 2751 ad
171 2709 351 2751 Cliniam
382 2707 680 2754 transferrem,-
707 2719 790 2758 quo
822 2705 933 2745 facto
965 2699 1046 2744 ναὶ
1077 2715 1156 2745 sua
1181 2709 1330 2757 sponte
1362 2704 1418 2754 ad
1446 2701 1750 2743 Atheniensem
1781 2699 1885 2740 abiit

90 2768 303 2819 simulque
324 2769 552 2819 abruptum
577 2764 688 2805 illud
715 2757 846 2810 τόδε,
873 2762 986 2802 unde
1012 2761 1144 2815 hujus
1166 2762 1297 2802 oratio
1324 2760 1450 2815 vulgo
1477 2760 1652 2805 orditur,
1681 2755 1885 2809 quodam-

88 2825 216 2866 modo
249 2824 381 2868 fulsit.
413 2846 471 2854 -
502 2824 548 2864 P.
585 2821 670 2863 710
698 2821 734 2861 D
769 2811 891 2874 αὐτῷ
918 2821 949 2860 Ρ
977 2819 1159 2871 librique
1186 2818 1381 2872 phu-imi,
1426 2810 1551 2857 αὐτώ
1581 2814 1754 2879 vBsT3
1776 2813 1885 2852 dati-

90 2896 192 2922 vum
221 2882 340 2923 docte
370 2886 511 2922 tuetur
542 2878 830 2921 Schrammius
861 2876 986 2930 Spec.
1019 2877 1072 2919 ΙΙ.
1103 2889 1148 2929 Ρ.
1177 2877 1220 2917 7.
1249 2897 1308 2906 —
1338 2877 1385 2917 P.
1419 2875 1503 2917 710
1533 2875 1566 2916 E
1596 2868 1675 2913 καὶ
1708 2882 1760 2911 το
1791 2866 1887 2922 τρί-
