1976 3172
250 147 354 200 228
867 146 1042 193 HAA
1060 145 1341 209 ΤΩΝΟΣ

250 278 597 351 ὅλαςρήσεις
634 283 711 344 εἰς
741 275 908 333 ταῦτὰ
951 278 1354 348 ξυναγαγόντες
1387 279 1762 349 ἐκμανθάνειν
1800 283 1934 349 φασὶ

170 360 174 369 ’
251 364 370 416 δεῖν
389 364 466 425 εἰς
485 358 711 432 μνήμην
729 361 1074 430 τιθεμένους,
1089 364 1138 415 εἰ
1151 359 1334 430 μέλλει
1351 378 1433 424 τις
1456 356 1673 428 ἀγαθὸς
1691 357 1824 431 ἡμῖν
1844 362 1937 416 καὶ

250 439 427 512 σοφὸς
447 442 508 497 ἐκ
526 444 888 512 πολυπειρίας
914 442 1008 495 καὶ
1036 442 1394 511 πολυμαθίας
1411 441 1692 510 γενέσθαι.
1720 441 1937 505 τούτοις

252 521 318 593 δὴ
342 521 413 578 συ
444 522 684 587 κελεύεις
719 521 812 594 έμε
845 522 912 577 τὰ
947 528 1055 578 νῦν
1085 520 1600 626 παρρησιαζόμενον
1629 519 1936 593 ἀποφαίνε-

250 610 407 676 σθαι,
424 609 482 661 τί
492 626 551 661 τε
569 612 751 670 καλῶς
770 606 994 675 λέγουσι
1011 606 1104 660 καὶ
1123 608 1180 660 τί
1202 603 1308 675 μή;

394 691 513 743 ΚΛ.
550 693 680 751 Πῶς
698 686 806 759 γάρ
827 707 925 751 ου;

390 775 508 823 ΑΘ.
553 773 622 822 Τί
654 767 724 839 δή
759 767 883 823 ποτ’
917 790 990 823 αν
1017 789 1123 822 ουν
1156 770 1283 839 περὶ
1315 764 1582 823 ἁπάντων
1610 767 1826 822 τούτων
1856 770 1937 824 ἑνὶ

187 859 221 902 Β
250 848 400 923 λόγω
439 847 666 918 φράζων
702 846 908 918 εἴποιμ’
949 844 1022 902 ἂν
1051 848 1272 911 ἱκανόνς
1316 847 1466 918 οἶμαι
1493 850 1596 920 μὲν
1625 850 1688 904 τὸ
1719 849 1938 904 τοιόνδε

251 928 513 1002 σχεδόν,
492 952 521 985 ο
515 929 634 986 καὶ
651 933 759 993 πᾶς
773 925 846 983 άν
861 949 955 999 μοι
973 929 1367 998 συγχωρήσειε,
1388 928 1564 985 πολλὰ
1584 952 1685 1000 μεν
1705 932 1939 987 ε’καστον

249 1013 469 1068 τούτων
485 1013 762 1083 εἰρηκέναι
781 1015 982 1081 καλῶς,
1005 1007 1182 1065 πολλὰ
1213 1010 1272 1065 δὲ
1300 1011 1393 1065 καὶ
1410 1006 1768 1066 τούναντίον·
1803 1015 1854 1066 εἰ
1883 1009 1935 1066 δ’

186 1100 189 1107 ’
252 1092 400 1150 οὕτω
429 1089 573 1148 τοῦτ’
595 1096 722 1163 ἔχει,
743 1091 1017 1148 κίνδυνόν
1036 1113 1178 1162 φημι
1195 1090 1333 1146 εἶναι
1352 1093 1639 1161 φέρουσαν
1657 1102 1770 1157 τοῖς
1787 1093 1939 1147 παισὶ

250 1175 355 1248 τὴν
376 1180 753 1246 πολυμαθίαν.

393 1262 511 1313 ΚΛ.
548 1262 679 1322 Πῶς
697 1249 804 1312 οὖν
822 1257 914 1311 καὶ
931 1260 988 1310 τί
1002 1261 1329 1327 παραινοίης
1358 1252 1430 1312 ἀν
1460 1261 1536 1330 τῷ
1558 1256 1937 1327 νομοφύλακι;

392 1345 510 1394 ΑΘ.
555 1344 672 1394 Τοῦ
691 1340 816 1407 πέρι
834 1340 1034 1407 λέγεις;

392 1427 511 1476 ΚΛ.
555 1426 670 1477 Τοῦ
691 1418 830 1490 πρὸς
846 1423 902 1473 τί
916 1417 1264 1487 παράδειγμά
1283 1437 1414 1473 ποτε
1444 1416 1762 1488 ἀποβλέψας
1780 1412 1852 1471 ἀν
1872 1414 1932 1471 τὸ

250 1505 441 1575 μενέω
475 1501 688 1566 πάντας
707 1498 1024 1572 μανθάνειν
1056 1498 1188 1563 τοὺς
1207 1501 1384 1568 νέους,
1417 1497 1477 1554 τὸ
1512 1496 1562 1553 δ’
1603 1495 1935 1553 ἀποκωλύοι.

193 1600 224 1643 G
255 1588 377 1655 λέγε
396 1586 487 1640 καὶ
507 1583 680 1654 μηδεν
700 1580 932 1637 ἀπόκνει
950 1583 1143 1650 λέγων.
1479 1607 1497 1617 -
1966 1599 1976 1643 ‚-

396 1671 515 1721 ΑΘ.
549 1657 613 1719 Ὦ
632 1661 792 1734 ’γαθὲ
810 1667 1057 1732 Κλεινία,
1078 1660 1393 1717 κινδυνεύω
1418 1660 1557 1717 κατά
1581 1661 1647 1732 γέ
1668 1683 1791 1717 τινα
1809 1660 1938 1731 τρό-
1963 1649 1976 1724 ἒ

250 1769 361 1806 πον
380 1747 756 1820 εὐτυχηκέναι.
1963 1730 1976 1775 ἔ

366 1836 514 1886 Κ.Λ
557 1835 675 1885 Τοῦ
695 1828 762 1901 δὴ
789 1832 942 1900 πτέρις

392 1918 511 1969 ΑΘ.
558 1917 676 1969 Τοῦ
710 1910 784 1985 μὴ
838 1910 1158 1968 παντάπασι
1203 1914 1643 1982 παραδείγματος
1689 1908 1936 1981 ἀπορεῖν

250 2001 362 2052 νῦν
388 1993 496 2066 γὰρ
521 1992 841 2066 ἀποβλέψας
862 1992 1000 2066 πρὸς
1033 1991 1166 2059 τούς
1200 1992 1420 2064 λόγους,
1453 2014 1552 2058 ους
1584 1994 1638 2058 ἐξ
1675 1993 1748 2048 ἕω
1785 1994 1976 2063 μέχρι

252 2081 421 2146 δεῦρο
460 2077 529 2148 δὴ
560 2076 970 2147 διεληλύθαμεν
1001 2073 1171 2147 ημεΐς,
1201 2073 1274 2141 ὡς
1307 2098 1411 2146 μεν
1445 2071 1566 2146 ἐμοὶ
1601 2074 1954 2146 φαινόμεθα,

253 2156 358 2214 οὐκ
378 2156 516 2214 ἄνευ
533 2158 682 2223 τινός
701 2160 987 2224 ἐπιπνοίας
1003 2164 1176 2228 θεῶν,
1197 2160 1393 2224 ἔδοξαν
1411 2154 1462 2212 δ’
1488 2150 1596 2212 οὖν
1613 2178 1708 2228 μοι
1728 2155 1941 2212 παντά-
1962 2198 1969 2225 s

253 2256 390 2294 πασι
434 2240 654 2311 ποιήσει
690 2241 799 2296 τινὶ
845 2245 1196 2311 προσομοίως
1233 2244 1514 2310 εἰρῆσθαι·
1553 2244 1651 2295 καί
1682 2261 1776 2311 μοι
1811 2246 1942 2303 ἴσως
1959 2244 1965 2302 f

184 2340 220 2381 D
256 2319 424 2378 οὐδὲν
459 2321 792 2391 θαυμαστὸν
828 2322 1013 2387 πάθος
1041 2325 1268 2393 ἐπῆλθε,
1306 2323 1508 2392 λόγους
1544 2326 1782 2384 οἰκείους
1819 2318 1941 2375 οἷον

255 2402 509 2472 ἀθρόους
533 2404 886 2473 ἐπιβλέψαντι
913 2403 1062 2472 μάλα
1098 2400 1370 2472 ἡσθῆναι·
1407 2407 1522 2456 τῶν
1550 2399 1658 2470 γὰρ
1688 2400 1755 2469 δὴ
1785 2405 1940 2454 πλεί-

255 2501 403 2541 στων
422 2483 626 2554 λόγων,
652 2481 751 2548 οὓς
769 2485 829 2538 ἐν
854 2483 1156 2553 ποιήμασιν
1172 2478 1209 2553 ἦ
1224 2482 1404 2554 χύδην
1421 2479 1599 2546 οὕτως
1619 2484 1940 2552 εἰρημένους

255 2567 558 2639 μεμάθηκα
575 2567 668 2623 καὶ
693 2565 922 2638 ἀκήκοα,
944 2565 1170 2621 πάντων
1198 2586 1291 2636 μοι
1320 2564 1678 2636 μετριώτατοί
1707 2584 1769 2633 γε
1801 2560 1939 2637 εἶναι
1975 2586 1976 2638 j

255 2648 652 2721 κατεφάνησαν
670 2652 762 2705 καὶ
781 2647 1152 2720 προσήκοντες
1170 2645 1236 2702 τά
1264 2646 1500 2718 μάλιστα
1528 2642 1758 2701 ἀκούειν
1776 2647 1934 2709 νέοις.
1949 2672 1955 2723 ss
1969 2641 1976 2673 '³

255 2739 332 2808 τῷ
353 2732 420 2805 δὴ
453 2731 812 2803 νομοφύλακί
841 2753 901 2788 τε
935 2734 1028 2787 καὶ
1056 2733 1325 2803 παιδευτῇ
1354 2729 1702 2801 παράδειγμα
1733 2725 1839 2784 οὐκ
1868 2724 1963 2783 ἀν’

256 2820 448 2887 ἔχοιμι,
470 2812 543 2880 ὥς
561 2813 730 2886 οἶμαι,
748 2813 954 2871 τούτου
978 2816 1199 2885 βέλτιον
1228 2812 1475 2883 φράζειν,
1499 2808 1537 2883 ἢ
1557 2812 1731 2869 ταῦτά
1764 2832 1823 2867 τε
1853 2813 1936 2867 δι-
