1976 3172
223 129 328 182 312
841 103 1317 179 ΠΛΑΤΩΝΟΣ
1358 88 1367 89 7

220 260 259 334 η’
276 262 494 319 τούτων
511 264 747 333 πατέρας
765 258 801 332 ἦ
820 266 1055 334 μητέρας
1072 263 1298 320 τύπτειν
1314 265 1388 336 μὴ
1400 271 1618 338 μανίαις
1634 267 1902 342 ἐχόμενος,

221 363 447 415 πρωτον
466 339 612 413 μὲν
586 363 615 396 ο
638 343 1074 413 προστυγχάνων
1097 345 1355 417 καθάπερ
1376 350 1437 401 ἐν
1454 359 1568 413 τοῖς
1586 353 1909 419 ἔμπροσθεν

220 428 514 496 βοηθείτω,
549 424 641 478 καὶ
669 420 698 478 6
731 445 834 493 μεν
860 427 1108 494 μέτοικος
1125 422 1163 496 ἢ
1184 429 1337 491 ξένος
1369 432 1446 491 εἰς
1470 433 1768 501 προεδρίαν
1793 438 1907 486 τῶν

222 504 460 577 ἀγώνων
489 499 766 560 καλείσθω
787 510 1036 576 βοηθων,
1046 506 1130 577 μὴ
1148 508 1438 607 βοηθήσας
1457 508 1564 565 δε’
1533 517 1828 581 αειφυγίαν
1846 514 1908 567 ἐκ

165 603 195 643 c
227 593 322 657 τῆς
339 585 521 656 χώρας
539 587 811 656 φευγέτω
851 585 880 642 6
903 587 962 642 δὲ
989 585 1062 658 μὴ
1090 591 1337 657 μέτοικος
1360 595 1592 661 βοηθων
1622 613 1722 662 μεν
1752 596 1909 647 ἔπαι-

222 690 327 724 νον
346 669 523 739 ἐχέτω,
543 665 617 738 μὴ
640 673 871 739 βοηθων
893 669 952 724 δε
970 669 1177 739 ψόγον·
1206 675 1404 736 δοῦλος
1425 675 1483 727 δὲ
1501 671 1789 743 βοηθήσας
1807 676 1911 743 μὲν
1955 716 1970 721 *⁷

222 751 519 822 ἐλεύθερος
537 753 835 850 γιγνέσθω,
867 748 940 820 μὴ
971 752 1260 822 βοηθήσας
1290 754 1350 808 δε
1378 753 1590 824 πληγὰς
1617 752 1813 810 ἑκατὸν
1841 761 1910 825 τῇ

222 831 445 902 μάστιγι
469 833 781 898 τυπτέσθω,
803 831 864 884 ἐν’
883 829 1065 931 ἀγορᾷ
1083 853 1185 901 μεν
1205 829 1277 886 ἂν
1294 838 1547 904 γίγνηται
1565 832 1627 890 τὸ
1648 834 1910 905 γιγνόμε-

221 933 344 983 νον,
366 908 466 966 ὑπ’
487 908 874 981 ἀγορανόμων,
896 909 995 965 ἐὰν
1024 909 1079 965 δ’
1112 911 1316 976 ἐκτὸς’
1286 922 1493 983 αγορᾶς
1513 918 1575 970 ἐν
1601 915 1768 986 ἄστει,
1797 939 1912 971 των

222 993 556 1064 ἀστυνόμων
576 991 828 1058 κολάζειν
847 990 947 1046 τὸν
967 994 1357 1064 ἐπιδημοῦντα,
1374 993 1473 1050 ἐὰν
1486 995 1545 1069 δε
1557 994 1678 1050 κατ’
1702 995 1912 1065 ἀγροὺς

221 1082 318 1146 τῆς
348 1075 530 1145 χώρας
561 1094 689 1143 που,
718 1094 851 1138 τους
880 1079 993 1128 τῶν
1023 1072 1356 1145 ἀγρονόμων
1385 1075 1670 1145 ἄρχοντας.
1722 1075 1822 1131 ἐὰν
1856 1068 1906 1131 δ’

221 1153 554 1228 ἐπιχώριος“
527 1178 556 1210 ο
575 1155 1017 1257 παρατυγχάνων
1036 1150 1073 1228 ᾗ
1092 1177 1190 1226 τις,
1211 1156 1308 1211 ε’άν
1326 1177 1385 1211 τε
1403 1168 1528 1221 παῖς
1556 1158 1655 1212 ἐάν
1683 1178 1741 1212 τε
1770 1156 1910 1228 ἀνὴρ

161 1256 196 1297 D
226 1237 324 1294 ἐάν
342 1237 393 1293 τ’
415 1259 520 1293 ουν
537 1237 702 1308 γυνή,
724 1235 979 1308 ἀμυνέτω
1009 1244 1116 1302 πᾶς
1136 1235 1237 1293 τὸν
1267 1236 1500 1294 ἀνόσιον
1531 1238 1911 1310 ἐπονομάζων·

221 1316 250 1374 6
272 1319 331 1374 δὲ
342 1319 415 1391 μὴ
437 1319 671 1391 ἀμύνων
683 1315 795 1392 ἀρᾷ
814 1320 1088 1389 ἐνεχέσθω
1099 1319 1238 1382 Διὸς
1254 1316 1521 1389 ὁμογνίου
1539 1322 1632 1375 καὶ
1651 1319 1913 1393 πατρῴου

220 1401 360 1456 κατὰ
380 1400 573 1471 νόμον.
598 1401 696 1455 ἐὰν
717 1403 782 1455 δέ
794 1421 876 1463 τις
894 1399 1041 1470 ὄφλῃ
1061 1403 1223 1469 δίκην
1242 1399 1420 1463 αἰκίας
1438 1403 1668 1470 γονέων,
1688 1405 1913 1470 πρῶτον

220 1483 323 1553 μὲν
342 1484 591 1552 φευγέτω
613 1479 909 1550 ἀειφυγίαν
928 1481 983 1544 ἐξ
1004 1478 1197 1543 ἄστεος
1209 1483 1284 1542 εἰς
1297 1478 1401 1550 τὴν
1420 1479 1595 1551 ἄλλην
1613 1481 1801 1549 χώραν
1818 1481 1912 1535 καὶ

222 1563 453 1618 πάντων
481 1565 647 1633 ἱερῶν
677 1564 973 1631 εἰργέσθω·
1010 1560 1083 1631 μὴ
1119 1562 1178 1615 δὲ
1208 1561 1533 1632 εἰργόμενον
1562 1562 1912 1627 κολαζόντων

222 1641 397 1698 αὐτὸν
416 1641 721 1714 ἀγρονόμοι
739 1649 971 1712 πληγαῖς
989 1643 1081 1696 καὶ
1102 1641 1325 1707 πάντως
1338 1641 1412 1708 ὥς
1424 1639 1497 1698 ἀν
1515 1645 1763 1698 ἐθέλωσι*
1785 1664 1910 1698 κατ-

223 1722 410 1781 ελθών
434 1725 493 1780 δὲ
513 1723 742 1795 θανάτῳ
763 1720 1098 1793 ζημιούσθω.
1131 1721 1230 1777 ἐὰν
1249 1724 1311 1779 δέ
1324 1745 1404 1788 τις
1418 1729 1495 1798 τῷ
1514 1723 1766 1797 τοιούτῳ,
1787 1722 1912 1778 ὅσοι

155 1831 191 1872 Ε
225 1809 532 1878 ἐλεύθεροι,
555 1805 822 1877 συμφάγῃ
842 1801 878 1876 ἦ
899 1804 1157 1876 συμπίῃῆ
1174 1827 1298 1861 τινα
1317 1806 1580 1877 τοιαύτην
1599 1806 1774 1877 ἄλλην
1791 1827 1912 1861 κοι-

222 1892 435 1945 νωνίαν
453 1886 786 1959 κοινωνήσῃ,
808 1882 845 1957 ἢ
864 1888 956 1941 καὶ
979 1887 1159 1956 μόνον
1184 1887 1538 1958 ἐντυγχάνων
1560 1907 1671 1943 που
1700 1886 1912 1957 προσά-

222 1991 420 2042 πτηται
444 1969 613 2043 ἑκών,
630 1968 766 2039 μήτε
792 1976 869 2033 εἰς
887 1967 1042 2036 ἱερὸν
1070 1971 1210 2040 ἔλθῃ
1230 1969 1404 2040 μηδὲν
1433 1967 1559 2040 μήτ’
1595 1974 1671 2034 εἰς
1697 1965 1913 2039 ἀγορὰν

224 2050 352 2123 μήτ’
375 2054 452 2116 εἰς
474 2050 639 2107 πόλιν
661 2050 803 2115 ὅλως
831 2047 1104 2121 πρότερον
1133 2045 1170 2120 ἢ
1201 2050 1531 2121 καθήρηται,
1553 2053 1791 2121 νομίζων
1818 2069 1912 2104 κε-

223 2133 628 2204 κοινωνηκέναι
651 2129 1054 2203 ἀλιτηριώδους
1073 2131 1263 2202 τύχης·
1286 2129 1385 2189 ἐὰν
1404 2135 1465 2187 δὲ
1482 2129 1737 2187 ἀπειθῶν
1756 2128 1912 2202 νόμω

225 2212 344 2284 ιερὰ
376 2216 468 2269 καὶ
494 2215 660 2270 πόλιν
689 2219 881 2286 μιαίνῃ
905 2213 1258 2295 παρανόμως,
1299 2210 1360 2277 ὃς
1388 2235 1460 2268 αν
1487 2219 1601 2268 τῶν
1628 2210 1911 2283 ἀρχόντων

225 2293 562 2363 αἰσθόμενος
580 2317 652 2366 μη
634 2293 842 2366 ἐπάγῃ
863 2299 1023 2365 δίκην
1041 2316 1116 2349 τω
1137 2295 1391 2368 τοιούτω,
1403 2297 1464 2350 ἐν
1483 2291 1752 2356 εὐθύναις
1772 2296 1910 2346 ἔστω

107 2396 196 2441 882
224 2396 340 2430 των
359 2374 831 2444 κατηγορημάτων
855 2397 968 2429 των
986 2380 1258 2445 μεγίστων
1278 2377 1339 2429 ἓν
1358 2379 1522 2429 τοῦτο
1545 2372 1710 2441 αὐτω.
1734 2373 1833 2426 ἐαν
1853 2369 1911 2424 δε

226 2477 298 2510 αυ
321 2458 522 2518 δοῦλος
541 2454 718 2526 τύπτῃ
728 2452 1160 2525 τόνέλεύθερον,
1175 2453 1274 2508 εἴτ’
1297 2447 1402 2507 οὖν
1418 2455 1576 2516 ξένον
1596 2458 1702 2506 εἴτε
1720 2449 1910 2518 ἀστόν,

224 2538 501 2608 βοηθείτω
525 2557 626 2605 μεν
645 2533 673 2590 6
696 2535 1131 2605 προστυγχάνων
1148 2530 1185 2604 ἢ
1207 2531 1344 2588 κατὰ
1374 2531 1436 2587 τὸ
1467 2537 1669 2603 τίμημα
1699 2531 1802 2601 τὴν
1833 2535 1912 2585 εἰ-

227 2619 471 2716 ρημένην
492 2620 685 2687 ζημίαν
711 2614 1029 2686 ἀποτινέτω,
1053 2614 1429 2685 συνδήσαντες
1460 2617 1519 2668 δὲ
1551 2617 1606 2668 οι
1630 2627 1904 2681 προστυγ-

225 2698 490 2767 χάνοντες
531 2699 666 2770 μετὰ
702 2705 806 2754 τοῦ
839 2700 1140 2769 πληγέντος
1173 2695 1542 2764 παραδόντων
1575 2700 1654 2765 τῷ
1683 2691 1908 2747 ἀδικου·

94 2840 104 2852 ἱ
165 2796 200 2838 Β
229 2783 401 2851 μένῳ·
440 2777 469 2835 6
499 2781 559 2836 δὲ
578 2780 938 2852 παραλαβών,
960 2781 1130 2851 δήσας
1147 2780 1208 2834 ἐν
1227 2779 1414 2841 πέδαις
1443 2777 1536 2832 καὶ
1564 2773 1912 2846 μαστιγώσας
