1976 3172
212 135 282 190 74
344 158 348 161 ·
814 135 1295 187 ΠΛΑΤῼΝΟΣ

212 267 548 345 ἐπελθόντος
578 265 712 339 ἡμῖν
739 267 958 338 μύθου’
1001 268 1138 339 τάχα
1174 268 1280 339 γὰρ
1310 265 1383 324 ἄν
1417 269 1679 341 σημήνειέ
1709 292 1761 326 τι
1796 279 1892 344 τῆς

214 349 479 422 ἡμετέρας
496 351 620 420 περὶ
638 349 972 421 βουλήσεως.
1010 348 1222 406 οὐκοῦν
1241 351 1373 422 κρῆς

158 441 191 480 Β
355 437 472 490 ΚΛ.
508 428 673 486 Πάνυ
693 430 794 502 μὲν
815 424 933 486 οὖν.

355 519 473 569 ΑΘ.
511 519 850 586 Κατ’φκίσθη
873 511 959 583 δή,
981 514 1182 583 φαμέν,
1200 516 1258 569 ἐκ
1279 520 1390 569 τῶν
1409 513 1640 585 ὑψηλῶν
1662 517 1738 579 εἰς
1757 519 1893 586 μέγα

213 616 272 650 τε
301 597 393 650 καὶ
429 594 603 649 καλὸν
635 597 827 650 πεδίον
848 593 1038 666 Ἴλιον,
1066 597 1153 650 ἐπὶ
1181 595 1362 665 λόφον
1387 596 1511 652 τινὰ
1544 595 1644 667 οὐχ
1679 595 1896 668 ὑψηλὸν

214 678 305 732 καὶ
330 680 522 746 ἔχοντα
540 675 821 747 ποταμοὺς
845 674 1087 741 πολλοὺς
1107 675 1334 732 ἄνωθεν
1352 679 1412 733 ἐκ
1434 683 1528 748 τῆς
1539 677 1689 749 Ἴδης
1709 676 1894 749 ὡρμη-

217 760 435 829 μένους.
939 757 942 760 ’

357 843 476 895 ΚΛ.
519 839 663 893 Φασὶ
681 842 840 907 γοῦν.

355 925 475 974 ΑΘ.
504 912 619 989 Ἆρ’
646 911 754 973 οὖν
772 916 876 974 οὐκ
903 921 965 980 ἐν
990 925 1212 983 πολλοῖς
1239 921 1346 974 τισὶ
1373 919 1594 991 χρόνοις
1619 931 1732 985 τοῖς
1761 919 1895 992 μετὰ

214 1002 313 1056 τὸν
339 999 730 1070 κατακλυσμόν
750 1004 914 1054 τοῦτο
945 999 1180 1068 οἰόμεθα
1199 1003 1516 1068 γεγονέναις

355 1088 473 1139 ΚΛ.
510 1087 641 1144 Πῶς
660 1079 711 1135 δ’
736 1078 840 1136 οὐκ
865 1082 924 1135 ἐν
943 1085 1190 1144 πολλοῖς;

355 1170 473 1220 ΛΘ.
512 1159 686 1230 Δεινὴ
716 1166 859 1230 γοῦν
887 1163 1066 1217 ἔοικεν
1098 1157 1285 1224 αὐτοῖς
1315 1160 1617 1237 λήθη-τότε
1645 1171 1898 1232 παρεῖναι

139 1238 189 1291 *C
217 1242 315 1315 τῆς
333 1249 443 1300 νῦν
462 1244 760 1313 λεγομένης
777 1247 1018 1313 φθορᾶς,
1038 1239 1124 1297 ὅθ’
1149 1240 1325 1306 οὕτως
1342 1238 1452 1298 ὑπὸ
1473 1243 1753 1314 ποταμοὺς
1771 1249 1897 1300 πολ-

215 1325 349 1391 λοὺς
360 1328 450 1382 καὶ
470 1327 531 1381 ἐκ
548 1330 664 1380 τῶν
676 1321 911 1395 ὑψηλῶν
931 1325 1157 1394 ῥέοντας
1175 1323 1341 1379 πόλιν
1359 1321 1660 1394 ὑπέθεσαν,
1681 1320 1896 1381 πιστεύ-

216 1426 408 1472 σαντες
429 1403 497 1462 οὕ
517 1405 739 1477 σφόδρα
756 1403 990 1475 ὑψηλοῖς
1013 1405 1120 1460 τισὶ
1138 1404 1346 1475 λόφοις.

354 1494 473 1544 ΚΛ.
511 1494 706 1558 Δῆλον
724 1480 847 1558 οὖν,
876 1484 949 1551 ὡς
967 1485 1285 1542 παντάπασί
1299 1508 1421 1542 τινα
1440 1486 1653 1560 μακρὸν
1672 1485 1897 1557 ἀπεῖχον

217 1571 423 1642 χρόνον
442 1576 544 1625 τοῦ
563 1569 824 1624 τοιούτου
842 1569 1079 1633 πάθους.
1598 1571 1600 1573 ’

358 1658 476 1707 ΑΘ.
513 1653 624 1707 Καὶ
646 1650 808 1706 ἄλλαι
825 1671 906 1720 γε,
939 1642 1106 1721 οἶμαι,
1126 1650 1314 1715 πόλεις
1332 1650 1456 1706 τότε
1485 1649 1775 1724 κατῴκουν
1791 1649 1896 1723 ἤδη

218 1736 418 1791 πολλαὶ
439 1733 816 1804 πληθυόντων
833 1738 948 1788 τῶν
966 1730 1303 1804 ἀνθρώπων.

356 1821 476 1870 ΚΛ.
518 1819 592 1872 Τί
604 1814 743 1886 μήν;

358 1903 478 1952 ΑΘ.
516 1899 596 1952 Αἵ
606 1898 672 1966 γέ
689 1917 800 1967 που
818 1898 910 1951 καὶ
939 1894 1438 1964 ἐπεστρατεύσαντο
1462 1892 1620 1967 αὐτῇ,
1640 1896 1738 1950 καὶ
1755 1893 1894 1950 κατὰ

216 1979 500 2034 θάλατταν
543 1977 602 2041 δὲ
638 1986 788 2047 ἴσως,
822 1975 1051 2048 ἀφόβως
1081 1976 1188 2048 ἤδη
1233 1976 1460 2033 πάντων
1496 1980 1794 2049 χρωμένων
1830 1983 1897 2048 τῇ

133 2112 137 2114 ,
218 2060 484 2132 θαλάττῃ.
678 2107 686 2111 .

160 2150 195 2191 D
362 2148 478 2197 KA.
520 2146 795 2196 Φαίνεται.
1384 2208 1389 2210 7

358 2227 475 2276 ΑΘ.
515 2221 669 2276 Δέκα
689 2221 741 2276 δ’
763 2226 853 2292 ἔτη
883 2241 995 2277 που
1025 2225 1309 2292 μείναντες
1327 2218 1527 2292 Ἀχαιοὶ
1557 2220 1660 2291 τὴν
1694 2225 1897 2293 Τροίαν

222 2302 535 2360 ἀνάστατον
558 2305 836 2372 ἐποίησαν.
913 2355 915 2357 ,

359 2388 479 2440 ΚΛ.
516 2385 624 2438 Καὶ
639 2383 804 2453 μάλα.

360 2472 477 2521 ΑΘ.
522 2462 750 2520 Οὐκοῦν
777 2466 838 2518 ἐν
862 2463 1040 2536 τούτῳ
1077 2469 1156 2535 τῷ
1181 2463 1383 2535 χρόνῳ,
1423 2462 1543 2517 ὅντι
1578 2463 1798 2531 δεκέτει,
1829 2458 1897 2516 ὃν

222 2545 283 2603 τὸ
305 2544 478 2603 Ἴλιον
508 2547 897 2615 ἐπολιορκεῖτο,
920 2541 986 2599 τὰ
1016 2550 1130 2599 τῶν
1167 2542 1619 2613 πολιορκούντων
1648 2542 1896 2598 ἑκάστων

221 2635 364 2684 οἴκοι
389 2625 532 2684 κακὰ
554 2625 734 2683 πολλοὶ
773 2628 1057 2698 ξυνέβαινε
1084 2625 1384 2697 γιγνόμενα
1413 2626 1537 2695 περὶ
1565 2623 1661 2689 τὰς
1683 2622 1897 2688 στάσεις

219 2715 334 2765 τῶν
345 2712 504 2780 νέων,
521 2713 577 2764 οἳ
589 2711 681 2764 καὶ
700 2707 1072 2780 ἀφικομένους
1091 2708 1220 2773 τοὺς
1239 2707 1571 2780 στρατιώτας
1591 2706 1772 2772 εἰςτὰς
1791 2703 1897 2760 αὑ-
1938 2773 1957 2780 8

218 2797 332 2846 τῶν
359 2790 544 2856 πόλεις
567 2812 625 2846 τε
662 2792 754 2848 καὶ
783 2790 956 2857 οἰκίας
993 2788 1062 2846 οὐ
1089 2795 1270 2855 καλῶς
1299 2787 1421 2846 οὐδ’
1453 2792 1513 2846 ἐν
1547 2793 1673 2862 δίκῃ
1698 2785 1897 2844 ὑπεδέ-
