<?xml version="1.0" encoding="UTF-8"?>
<!DOCTYPE html PUBLIC "-//W3C//DTD XHTML 1.0 Transitional//EN"
    "http://www.w3.org/TR/xhtml1/DTD/xhtml1-transitional.dtd">
<html xmlns="http://www.w3.org/1999/xhtml" xml:lang="en" lang="en">
 <head>
  <title>
</title>
<meta http-equiv="Content-Type" content="text/html;charset=utf-8" />
  <meta name='ocr-system' content='tesseract 3.04.00' />
  <meta name='ocr-capabilities' content='ocr_page ocr_carea ocr_par ocr_line ocrx_word'/>
</head>
<body>
  <div class='ocr_page' id='page_1' title='image "./dialogisecumdumt05platuoft_0121.png"; bbox 0 0 1976 3172; ppageno 0'>
   <div class='ocr_carea' id='block_1_1' title="bbox 690 99 1785 204">
    <p class='ocr_par' dir='ltr' id='par_1_1' title="bbox 690 99 1785 204">
     <span class='ocr_line' id='line_1_1' title="bbox 690 99 1785 204; baseline 0.001 -15"><span class='ocrx_word' id='word_1_1' title='bbox 690 139 1016 189; x_wconf 74' lang='grc' dir='ltr'><em>ΝοΜΩΝ</em></span> <span class='ocrx_word' id='word_1_2' title='bbox 1046 132 1107 204; x_wconf 70' lang='grc' dir='ltr'><em>γ’.</em></span> <span class='ocrx_word' id='word_1_3' title='bbox 1662 136 1734 190; x_wconf 80' lang='grc'><em>89</em></span> <span class='ocrx_word' id='word_1_4' title='bbox 1781 99 1785 105; x_wconf 19' lang='lat' dir='ltr'><em>s</em></span> 
     </span>
    </p>
   </div>
   <div class='ocr_carea' id='block_1_2' title="bbox 0 269 1856 2892">
    <p class='ocr_par' dir='ltr' id='par_1_2' title="bbox 0 269 1738 431">
     <span class='ocr_line' id='line_1_2' title="bbox 36 269 1736 349; baseline -0.002 -16"><span class='ocrx_word' id='word_1_5' title='bbox 36 279 506 349; x_wconf 77' lang='grc' dir='ltr'><strong><em>παρακαλουμένη</em></strong></span> <span class='ocrx_word' id='word_1_6' title='bbox 534 272 774 345; x_wconf 81' lang='grc' dir='ltr'><em>ἀμύνειν</em></span> <span class='ocrx_word' id='word_1_7' title='bbox 791 269 894 327; x_wconf 83' lang='grc' dir='ltr'><em>τὸν</em></span> <span class='ocrx_word' id='word_1_8' title='bbox 921 270 1213 343; x_wconf 77' lang='grc' dir='ltr'><em>βάρβαρον</em></span> <span class='ocrx_word' id='word_1_9' title='bbox 1241 272 1378 330; x_wconf 79' lang='grc' dir='ltr'><em>οὔθ’</em></span> <span class='ocrx_word' id='word_1_10' title='bbox 1412 271 1736 345; x_wconf 79' lang='grc' dir='ltr'><strong><em>ὑπήκουσεν</em></strong></span> 
     </span>
     <span class='ocr_line' id='line_1_3' title="bbox 36 350 1738 431; baseline -0.002 -15.083"><span class='ocrx_word' id='word_1_11' title='bbox 36 355 155 416; x_wconf 79' lang='grc' dir='ltr'><em>οὔτ’</em></span> <span class='ocrx_word' id='word_1_12' title='bbox 183 358 373 431; x_wconf 83' lang='grc' dir='ltr'><strong><em>ἤμυνε.</em></strong></span> <span class='ocrx_word' id='word_1_13' title='bbox 410 355 588 415; x_wconf 76' lang='grc' dir='ltr'><em>πολλὰ</em></span> <span class='ocrx_word' id='word_1_14' title='bbox 608 357 669 412; x_wconf 80' lang='grc' dir='ltr'><em>δὲ</em></span> <span class='ocrx_word' id='word_1_15' title='bbox 687 350 934 425; x_wconf 70' lang='grc' dir='ltr'><em>λέγων”</em></span> <span class='ocrx_word' id='word_1_16' title='bbox 894 374 968 408; x_wconf 92' lang='grc' dir='ltr'><em>αν</em></span> <span class='ocrx_word' id='word_1_17' title='bbox 986 374 1069 418; x_wconf 86' lang='grc' dir='ltr'><em>τις</em></span> <span class='ocrx_word' id='word_1_18' title='bbox 1084 351 1152 408; x_wconf 81' lang='grc' dir='ltr'><em>τὰ</em></span> <span class='ocrx_word' id='word_1_19' title='bbox 1171 352 1295 410; x_wconf 90' lang='grc' dir='ltr'><em>τότε</em></span> <span class='ocrx_word' id='word_1_20' title='bbox 1312 354 1590 427; x_wconf 83' lang='grc' dir='ltr'><em>γενόμενα</em></span> <span class='ocrx_word' id='word_1_21' title='bbox 1607 364 1738 426; x_wconf 84' lang='grc' dir='ltr'><em>περὶ</em></span> 
     </span>
    </p>

    <p class='ocr_par' dir='ltr' id='par_1_3' title="bbox 0 433 1739 599">
     <span class='ocr_line' id='line_1_4' title="bbox 0 433 1739 510; baseline -0.005 -7"><span class='ocrx_word' id='word_1_22' title='bbox 0 439 1 455; x_wconf 58' lang='lat'><em>³</em></span> <span class='ocrx_word' id='word_1_23' title='bbox 36 449 256 502; x_wconf 78' lang='grc' dir='ltr'><em>ἐκεῖνον</em></span> <span class='ocrx_word' id='word_1_24' title='bbox 274 442 378 500; x_wconf 79' lang='grc' dir='ltr'><em>τὸν</em></span> <span class='ocrx_word' id='word_1_25' title='bbox 394 438 642 510; x_wconf 78' lang='grc' dir='ltr'><em>πόλεμον</em></span> <span class='ocrx_word' id='word_1_26' title='bbox 659 443 757 509; x_wconf 83' lang='grc' dir='ltr'><em>τῆς</em></span> <span class='ocrx_word' id='word_1_27' title='bbox 764 433 1027 501; x_wconf 77' lang='grc' dir='ltr'><em>Ἐλλάδος</em></span> <span class='ocrx_word' id='word_1_28' title='bbox 1045 434 1308 507; x_wconf 80' lang='grc' dir='ltr'><em>οὖδαμως</em></span> <span class='ocrx_word' id='word_1_29' title='bbox 1327 435 1646 508; x_wconf 80' lang='grc' dir='ltr'><em>εὐσχήμονα</em></span> <span class='ocrx_word' id='word_1_30' title='bbox 1665 435 1739 494; x_wconf 75' lang='grc' dir='ltr'><em>ἂν</em></span> 
     </span>
     <span class='ocr_line' id='line_1_5' title="bbox 38 513 1738 599; baseline -0.006 -15"><span class='ocrx_word' id='word_1_31' title='bbox 38 535 355 599; x_wconf 78' lang='grc' dir='ltr'><em>κατηγοροῖ,</em></span> <span class='ocrx_word' id='word_1_32' title='bbox 376 519 502 579; x_wconf 86' lang='grc' dir='ltr'><em>ουδ’</em></span> <span class='ocrx_word' id='word_1_33' title='bbox 524 513 602 576; x_wconf 76' lang='grc' dir='ltr'><em>αὖ</em></span> <span class='ocrx_word' id='word_1_34' title='bbox 618 517 948 594; x_wconf 72' lang='grc' dir='ltr'><em>ἀμύνασθαι</em></span> <span class='ocrx_word' id='word_1_35' title='bbox 963 519 1069 590; x_wconf 87' lang='grc' dir='ltr'><em>τήν</em></span> <span class='ocrx_word' id='word_1_36' title='bbox 1095 540 1160 589; x_wconf 90' lang='grc' dir='ltr'><em>γε</em></span> <span class='ocrx_word' id='word_1_37' title='bbox 1180 516 1415 575; x_wconf 82' lang='grc' dir='ltr'><em>Ἑλλαδα</em></span> <span class='ocrx_word' id='word_1_38' title='bbox 1438 515 1665 589; x_wconf 85' lang='grc' dir='ltr'><em>λέγων’</em></span> <span class='ocrx_word' id='word_1_39' title='bbox 1638 541 1738 588; x_wconf 90' lang='grc' dir='ltr'><em>ορ-</em></span> 
     </span>
    </p>

    <p class='ocr_par' dir='ltr' id='par_1_4' title="bbox 0 598 1737 698">
     <span class='ocr_line' id='line_1_6' title="bbox 0 598 1737 698; baseline -0.006 -33"><span class='ocrx_word' id='word_1_40' title='bbox 0 646 1 655; x_wconf 46' lang='lat'>1</span> <span class='ocrx_word' id='word_1_41' title='bbox 35 614 158 673; x_wconf 75' lang='grc' dir='ltr'><em>θῶς</em></span> <span class='ocrx_word' id='word_1_42' title='bbox 175 603 249 663; x_wconf 73' lang='grc' dir='ltr'><em>ἄν</em></span> <span class='ocrx_word' id='word_1_43' title='bbox 264 607 440 676; x_wconf 76' lang='grc' dir='ltr'><em>λέγοι·</em></span> <span class='ocrx_word' id='word_1_44' title='bbox 478 599 607 658; x_wconf 80' lang='grc' dir='ltr'><em>ἄλλ’</em></span> <span class='ocrx_word' id='word_1_45' title='bbox 638 606 691 657; x_wconf 86' lang='grc' dir='ltr'><em>εἰ</em></span> <span class='ocrx_word' id='word_1_46' title='bbox 714 598 790 672; x_wconf 87' lang='grc' dir='ltr'><em>μὴ</em></span> <span class='ocrx_word' id='word_1_47' title='bbox 818 599 884 656; x_wconf 91' lang='grc' dir='ltr'><em>τό</em></span> <span class='ocrx_word' id='word_1_48' title='bbox 914 622 975 656; x_wconf 92' lang='grc' dir='ltr'><em>τε</em></span> <span class='ocrx_word' id='word_1_49' title='bbox 1005 598 1323 698; x_wconf 74' lang='grc' dir='ltr'><em>Ἀθηναίων</em></span> <span class='ocrx_word' id='word_1_50' title='bbox 1349 602 1444 656; x_wconf 84' lang='grc' dir='ltr'><em>καὶ</em></span> <span class='ocrx_word' id='word_1_51' title='bbox 1471 599 1535 656; x_wconf 84' lang='grc' dir='ltr'><em>τὸ</em></span> <span class='ocrx_word' id='word_1_52' title='bbox 1553 607 1737 657; x_wconf 86' lang='grc' dir='ltr'><em>Λακε-</em></span> 
     </span>
    </p>

    <p class='ocr_par' dir='ltr' id='par_1_5' title="bbox 0 679 1856 759">
     <span class='ocr_line' id='line_1_7' title="bbox 0 679 1856 759; baseline -0.003 -15"><span class='ocrx_word' id='word_1_53' title='bbox 0 719 2 744; x_wconf 78' lang='grc' dir='ltr'>ι</span> <span class='ocrx_word' id='word_1_54' title='bbox 38 691 343 759; x_wconf 79' lang='grc' dir='ltr'><em>δαιμονίων</em></span> <span class='ocrx_word' id='word_1_55' title='bbox 359 689 523 757; x_wconf 76' lang='grc' dir='ltr'><em>κοινῇ</em></span> <span class='ocrx_word' id='word_1_56' title='bbox 544 680 874 754; x_wconf 74' lang='grc' dir='ltr'><em>διανόημα”</em></span> <span class='ocrx_word' id='word_1_57' title='bbox 836 702 1019 753; x_wconf 90' lang='grc' dir='ltr'><em>ημυνε</em></span> <span class='ocrx_word' id='word_1_58' title='bbox 1037 679 1142 754; x_wconf 81' lang='grc' dir='ltr'><em>τὴν</em></span> <span class='ocrx_word' id='word_1_59' title='bbox 1168 685 1441 738; x_wconf 81' lang='grc' dir='ltr'><em>ἐπιοῦσαν</em></span> <span class='ocrx_word' id='word_1_60' title='bbox 1460 686 1739 751; x_wconf 80' lang='grc' dir='ltr'><em>δουλείαν,</em></span> <span class='ocrx_word' id='word_1_61' title='bbox 1769 693 1856 740; x_wconf 81' lang='grc'><em>693</em></span> 
     </span>
    </p>

    <p class='ocr_par' dir='ltr' id='par_1_6' title="bbox 0 757 1738 840">
     <span class='ocr_line' id='line_1_8' title="bbox 0 757 1738 840; baseline -0.003 -15"><span class='ocrx_word' id='word_1_62' title='bbox 0 800 2 819; x_wconf 86' lang='lat'><em>·</em></span> <span class='ocrx_word' id='word_1_63' title='bbox 37 763 296 840; x_wconf 73' lang='grc' dir='ltr'><em>σχεδόν”</em></span> <span class='ocrx_word' id='word_1_64' title='bbox 257 788 332 823; x_wconf 92' lang='grc' dir='ltr'><em>αν</em></span> <span class='ocrx_word' id='word_1_65' title='bbox 348 765 458 838; x_wconf 79' lang='grc' dir='ltr'><em>ἤδη</em></span> <span class='ocrx_word' id='word_1_66' title='bbox 476 762 643 822; x_wconf 87' lang='grc' dir='ltr'><em>παντ’</em></span> <span class='ocrx_word' id='word_1_67' title='bbox 658 757 734 835; x_wconf 81' lang='grc' dir='ltr'><em>ἦν</em></span> <span class='ocrx_word' id='word_1_68' title='bbox 749 763 1059 835; x_wconf 78' lang='grc' dir='ltr'><em>μεμιγμένα</em></span> <span class='ocrx_word' id='word_1_69' title='bbox 1085 761 1152 820; x_wconf 76' lang='grc' dir='ltr'><em>τὰ</em></span> <span class='ocrx_word' id='word_1_70' title='bbox 1176 771 1292 821; x_wconf 76' lang='grc' dir='ltr'><em>τῶν</em></span> <span class='ocrx_word' id='word_1_71' title='bbox 1307 763 1588 837; x_wconf 84' lang='grc' dir='ltr'><em>Ελλήνων</em></span> <span class='ocrx_word' id='word_1_72' title='bbox 1604 768 1738 836; x_wconf 88' lang='grc' dir='ltr'><em>γένη</em></span> 
     </span>
    </p>

    <p class='ocr_par' dir='ltr' id='par_1_7' title="bbox 0 843 1742 947">
     <span class='ocr_line' id='line_1_9' title="bbox 0 843 1742 947; baseline -0.002 -42"><span class='ocrx_word' id='word_1_73' title='bbox 0 887 3 905; x_wconf 74' lang='lat'>.</span> <span class='ocrx_word' id='word_1_74' title='bbox 38 855 101 909; x_wconf 84' lang='grc' dir='ltr'><em>έν</em></span> <span class='ocrx_word' id='word_1_75' title='bbox 118 849 376 922; x_wconf 78' lang='grc' dir='ltr'><em>ἀλλήλοις</em></span> <span class='ocrx_word' id='word_1_76' title='bbox 395 850 489 905; x_wconf 81' lang='grc' dir='ltr'><em>καὶ</em></span> <span class='ocrx_word' id='word_1_77' title='bbox 503 846 764 947; x_wconf 85' lang='grc' dir='ltr'><em>βαρβαρα</em></span> <span class='ocrx_word' id='word_1_78' title='bbox 778 849 843 903; x_wconf 81' lang='grc' dir='ltr'><em>ἐν</em></span> <span class='ocrx_word' id='word_1_79' title='bbox 857 843 1084 918; x_wconf 67' lang='grc' dir='ltr'><em>’Ἕλλησι</em></span> <span class='ocrx_word' id='word_1_80' title='bbox 1101 849 1196 903; x_wconf 80' lang='grc' dir='ltr'><em>καὶ</em></span> <span class='ocrx_word' id='word_1_81' title='bbox 1207 844 1496 920; x_wconf 75' lang='grc' dir='ltr'><em>Ἑλληνικὰ</em></span> <span class='ocrx_word' id='word_1_82' title='bbox 1518 848 1579 903; x_wconf 86' lang='grc' dir='ltr'><em>έν</em></span> <span class='ocrx_word' id='word_1_83' title='bbox 1600 852 1742 919; x_wconf 88' lang='grc' dir='ltr'><em>βαρ-</em></span> 
     </span>
    </p>

    <p class='ocr_par' dir='ltr' id='par_1_8' title="bbox 0 930 1742 1006">
     <span class='ocr_line' id='line_1_10' title="bbox 0 930 1742 1006; baseline -0.003 -17"><span class='ocrx_word' id='word_1_84' title='bbox 0 980 4 1005; x_wconf 45' lang='grc'><em>,</em></span> <span class='ocrx_word' id='word_1_85' title='bbox 39 933 251 1006; x_wconf 79' lang='grc' dir='ltr'><em>βάροις,</em></span> <span class='ocrx_word' id='word_1_86' title='bbox 271 933 531 1002; x_wconf 80' lang='grc' dir='ltr'><em>καθάπερ</em></span> <span class='ocrx_word' id='word_1_87' title='bbox 562 952 643 986; x_wconf 88' lang='grc' dir='ltr'><em>ων</em></span> <span class='ocrx_word' id='word_1_88' title='bbox 669 930 886 998; x_wconf 79' lang='grc' dir='ltr'><em>Πέρσαι</em></span> <span class='ocrx_word' id='word_1_89' title='bbox 914 935 1262 999; x_wconf 81' lang='grc' dir='ltr'><em>τυραννοῦσι</em></span> <span class='ocrx_word' id='word_1_90' title='bbox 1288 951 1357 985; x_wconf 90' lang='grc' dir='ltr'><em>τα</em></span> <span class='ocrx_word' id='word_1_91' title='bbox 1386 935 1514 999; x_wconf 84' lang='grc' dir='ltr'><em>νῦν,</em></span> <span class='ocrx_word' id='word_1_92' title='bbox 1546 932 1742 984; x_wconf 90' lang='grc' dir='ltr'><em>διαπε-</em></span> 
     </span>
    </p>

    <p class='ocr_par' dir='ltr' id='par_1_9' title="bbox 0 1012 1744 1086">
     <span class='ocr_line' id='line_1_11' title="bbox 0 1012 1744 1086; baseline -0.002 -17"><span class='ocrx_word' id='word_1_93' title='bbox 0 1035 4 1069; x_wconf 67' lang='lat' dir='ltr'>n</span> <span class='ocrx_word' id='word_1_94' title='bbox 43 1015 336 1086; x_wconf 84' lang='grc' dir='ltr'><em>φορημένα</em></span> <span class='ocrx_word' id='word_1_95' title='bbox 371 1015 464 1070; x_wconf 82' lang='grc' dir='ltr'><em>καὶ</em></span> <span class='ocrx_word' id='word_1_96' title='bbox 494 1012 965 1086; x_wconf 81' lang='grc' dir='ltr'><em>ξυμπεφορημένα</em></span> <span class='ocrx_word' id='word_1_97' title='bbox 995 1033 1180 1076; x_wconf 82' lang='grc' dir='ltr'><em>κακως</em></span> <span class='ocrx_word' id='word_1_98' title='bbox 1208 1013 1526 1083; x_wconf 80' lang='grc' dir='ltr'><em>ἐσπαρμένα</em></span> <span class='ocrx_word' id='word_1_99' title='bbox 1552 1031 1744 1067; x_wconf 85' lang='grc' dir='ltr'><em>κατοι-</em></span> 
     </span>
    </p>

    <p class='ocr_par' dir='ltr' id='par_1_10' title="bbox 0 1094 1746 1168">
     <span class='ocr_line' id='line_1_12' title="bbox 0 1094 1746 1168; baseline -0.001 -17"><span class='ocrx_word' id='word_1_100' title='bbox 0 1120 4 1151; x_wconf 56' lang='lat' dir='ltr'>s</span> <span class='ocrx_word' id='word_1_101' title='bbox 43 1107 233 1152; x_wconf 77' lang='grc' dir='ltr'><em>κεῖται.</em></span> <span class='ocrx_word' id='word_1_102' title='bbox 269 1094 450 1164; x_wconf 84' lang='grc' dir='ltr'><em>ταῦτ’,</em></span> <span class='ocrx_word' id='word_1_103' title='bbox 480 1117 527 1151; x_wconf 87' lang='grc' dir='ltr'><em>ω</em></span> <span class='ocrx_word' id='word_1_104' title='bbox 558 1098 790 1150; x_wconf 84' lang='grc' dir='ltr'><em>Κλεινία</em></span> <span class='ocrx_word' id='word_1_105' title='bbox 820 1095 914 1149; x_wconf 79' lang='grc' dir='ltr'><em>καὶ</em></span> <span class='ocrx_word' id='word_1_106' title='bbox 946 1096 1212 1164; x_wconf 89' lang='grc' dir='ltr'><em>Μέγιλλε,</em></span> <span class='ocrx_word' id='word_1_107' title='bbox 1251 1099 1451 1166; x_wconf 82' lang='grc' dir='ltr'><em>ἔχομεν</em></span> <span class='ocrx_word' id='word_1_108' title='bbox 1487 1098 1746 1168; x_wconf 81' lang='grc' dir='ltr'><em>ἐπιτιμᾷν</em></span> 
     </span>
    </p>

    <p class='ocr_par' dir='ltr' id='par_1_11' title="bbox 0 1176 1747 1330">
     <span class='ocr_line' id='line_1_13' title="bbox 0 1176 1747 1249; baseline -0.001 -16"><span class='ocrx_word' id='word_1_109' title='bbox 0 1202 3 1218; x_wconf 71' lang='lat'><em>¹</em></span> <span class='ocrx_word' id='word_1_110' title='bbox 41 1189 156 1243; x_wconf 84' lang='grc' dir='ltr'><em>τοῖς</em></span> <span class='ocrx_word' id='word_1_111' title='bbox 183 1198 245 1235; x_wconf 81' lang='grc' dir='ltr'><em>τε</em></span> <span class='ocrx_word' id='word_1_112' title='bbox 277 1177 452 1233; x_wconf 75' lang='grc' dir='ltr'><em>πάλαι</em></span> <span class='ocrx_word' id='word_1_113' title='bbox 488 1183 792 1241; x_wconf 82' lang='grc' dir='ltr'><em>πολιτικοῖς</em></span> <span class='ocrx_word' id='word_1_114' title='bbox 818 1179 1138 1247; x_wconf 77' lang='grc' dir='ltr'><em>λεγομένοις</em></span> <span class='ocrx_word' id='word_1_115' title='bbox 1167 1178 1261 1233; x_wconf 84' lang='grc' dir='ltr'><em>καὶ</em></span> <span class='ocrx_word' id='word_1_116' title='bbox 1289 1178 1623 1249; x_wconf 78' lang='grc' dir='ltr'><em>νομοθέταις</em></span> <span class='ocrx_word' id='word_1_117' title='bbox 1652 1176 1747 1231; x_wconf 84' lang='grc' dir='ltr'><em>καὶ</em></span> 
     </span>
     <span class='ocr_line' id='line_1_14' title="bbox 42 1255 1747 1330; baseline -0.002 -15"><span class='ocrx_word' id='word_1_118' title='bbox 42 1270 159 1325; x_wconf 81' lang='grc' dir='ltr'><em>τοῖς</em></span> <span class='ocrx_word' id='word_1_119' title='bbox 174 1266 303 1329; x_wconf 84' lang='grc' dir='ltr'><em>νῦν,</em></span> <span class='ocrx_word' id='word_1_120' title='bbox 322 1261 419 1314; x_wconf 78' lang='grc' dir='ltr'><em>ἵνα</em></span> <span class='ocrx_word' id='word_1_121' title='bbox 434 1258 535 1324; x_wconf 75' lang='grc' dir='ltr'><em>τὰς</em></span> <span class='ocrx_word' id='word_1_122' title='bbox 563 1261 739 1322; x_wconf 78' lang='grc' dir='ltr'><em>αἰτίας</em></span> <span class='ocrx_word' id='word_1_123' title='bbox 766 1257 957 1312; x_wconf 73' lang='grc' dir='ltr'><em>αὐτῶν</em></span> <span class='ocrx_word' id='word_1_124' title='bbox 976 1255 1380 1328; x_wconf 72' lang='grc' dir='ltr'><em>ἀναζητοῦντες</em></span> <span class='ocrx_word' id='word_1_125' title='bbox 1398 1255 1747 1330; x_wconf 85' lang='grc' dir='ltr'><em>α’νευρίσκω-</em></span> 
     </span>
    </p>

    <p class='ocr_par' dir='ltr' id='par_1_12' title="bbox 0 1336 1817 1906">
     <span class='ocr_line' id='line_1_15' title="bbox 0 1336 1817 1414; baseline -0.003 -17"><span class='ocrx_word' id='word_1_126' title='bbox 0 1397 2 1408; x_wconf 65' lang='grc'><em>,</em></span> <span class='ocrx_word' id='word_1_127' title='bbox 37 1363 162 1414; x_wconf 87' lang='grc' dir='ltr'><em>μεν,</em></span> <span class='ocrx_word' id='word_1_128' title='bbox 187 1346 249 1397; x_wconf 89' lang='grc' dir='ltr'><em>τί</em></span> <span class='ocrx_word' id='word_1_129' title='bbox 269 1340 422 1407; x_wconf 76' lang='grc' dir='ltr'><em>παρὰ</em></span> <span class='ocrx_word' id='word_1_130' title='bbox 446 1343 624 1395; x_wconf 83' lang='grc' dir='ltr'><em>ταῦτα</em></span> <span class='ocrx_word' id='word_1_131' title='bbox 652 1343 765 1395; x_wconf 82' lang='grc' dir='ltr'><em>ἔδει</em></span> <span class='ocrx_word' id='word_1_132' title='bbox 793 1338 1058 1408; x_wconf 76' lang='grc' dir='ltr'><em>πράττειν</em></span> <span class='ocrx_word' id='word_1_133' title='bbox 1085 1339 1251 1396; x_wconf 76' lang='grc' dir='ltr'><em>ἄλλο·</em></span> <span class='ocrx_word' id='word_1_134' title='bbox 1291 1336 1418 1396; x_wconf 82' lang='grc' dir='ltr'><em>οἷον</em></span> <span class='ocrx_word' id='word_1_135' title='bbox 1449 1339 1517 1412; x_wconf 87' lang='grc' dir='ltr'><em>δὴ</em></span> <span class='ocrx_word' id='word_1_136' title='bbox 1555 1343 1648 1397; x_wconf 84' lang='grc' dir='ltr'><em>καὶ</em></span> <span class='ocrx_word' id='word_1_137' title='bbox 1683 1338 1746 1395; x_wconf 82' lang='grc' dir='ltr'><em>τὸ</em></span> <span class='ocrx_word' id='word_1_138' title='bbox 1779 1348 1817 1391; x_wconf 91' lang='grc' dir='ltr'><strong><em>Β</em></strong></span> 
     </span>
     <span class='ocr_line' id='line_1_16' title="bbox 38 1415 1748 1494; baseline -0.002 -15"><span class='ocrx_word' id='word_1_139' title='bbox 38 1422 223 1494; x_wconf 80' lang='grc' dir='ltr'><em>παρὸν</em></span> <span class='ocrx_word' id='word_1_140' title='bbox 235 1429 481 1494; x_wconf 79' lang='grc' dir='ltr'><em>εἴπομεν,</em></span> <span class='ocrx_word' id='word_1_141' title='bbox 497 1415 570 1487; x_wconf 80' lang='grc' dir='ltr'><em>ὥς</em></span> <span class='ocrx_word' id='word_1_142' title='bbox 591 1419 703 1491; x_wconf 84' lang='grc' dir='ltr'><em>ἄρα</em></span> <span class='ocrx_word' id='word_1_143' title='bbox 726 1418 794 1475; x_wconf 82' lang='grc' dir='ltr'><em>οὕ</em></span> <span class='ocrx_word' id='word_1_144' title='bbox 817 1423 905 1475; x_wconf 89' lang='grc' dir='ltr'><em>δεῖ</em></span> <span class='ocrx_word' id='word_1_145' title='bbox 917 1418 1161 1491; x_wconf 78' lang='grc' dir='ltr'><em>μεγάλας</em></span> <span class='ocrx_word' id='word_1_146' title='bbox 1179 1418 1353 1492; x_wconf 75' lang='grc' dir='ltr'><em>ἀρχὰς</em></span> <span class='ocrx_word' id='word_1_147' title='bbox 1370 1420 1496 1478; x_wconf 79' lang='grc' dir='ltr'><em>οὐδ’</em></span> <span class='ocrx_word' id='word_1_148' title='bbox 1520 1416 1595 1477; x_wconf 83' lang='grc' dir='ltr'><em>αὖ</em></span> <span class='ocrx_word' id='word_1_149' title='bbox 1618 1420 1748 1492; x_wconf 74' lang='grc' dir='ltr'><em>ἀμί-</em></span> 
     </span>
     <span class='ocr_line' id='line_1_17' title="bbox 41 1499 1749 1577; baseline -0.002 -15"><span class='ocrx_word' id='word_1_150' title='bbox 41 1526 213 1571; x_wconf 74' lang='grc' dir='ltr'><em>κτους</em></span> <span class='ocrx_word' id='word_1_151' title='bbox 244 1511 594 1577; x_wconf 84' lang='grc' dir='ltr'><em>νομοθετεῖν,</em></span> <span class='ocrx_word' id='word_1_152' title='bbox 636 1505 1043 1574; x_wconf 81' lang='grc' dir='ltr'><em>διανοηθέντας</em></span> <span class='ocrx_word' id='word_1_153' title='bbox 1077 1500 1140 1558; x_wconf 86' lang='grc' dir='ltr'><em>τὸ</em></span> <span class='ocrx_word' id='word_1_154' title='bbox 1175 1505 1416 1572; x_wconf 92' lang='grc' dir='ltr'><em>τοιόνδε,</em></span> <span class='ocrx_word' id='word_1_155' title='bbox 1454 1499 1544 1559; x_wconf 79' lang='grc' dir='ltr'><em>ὅτι</em></span> <span class='ocrx_word' id='word_1_156' title='bbox 1579 1504 1749 1558; x_wconf 90' lang='grc' dir='ltr'><em>πόλιν</em></span> 
     </span>
     <span class='ocr_line' id='line_1_18' title="bbox 41 1583 1748 1658; baseline -0.002 -15"><span class='ocrx_word' id='word_1_157' title='bbox 41 1588 352 1656; x_wconf 78' lang='grc' dir='ltr'><em>ἐλευθέραν</em></span> <span class='ocrx_word' id='word_1_158' title='bbox 390 1607 451 1642; x_wconf 91' lang='grc' dir='ltr'><em>τε</em></span> <span class='ocrx_word' id='word_1_159' title='bbox 487 1583 631 1641; x_wconf 80' lang='grc' dir='ltr'><em>εἶναι</em></span> <span class='ocrx_word' id='word_1_160' title='bbox 675 1588 763 1641; x_wconf 88' lang='grc' dir='ltr'><em>δεῖ</em></span> <span class='ocrx_word' id='word_1_161' title='bbox 794 1586 888 1641; x_wconf 81' lang='grc' dir='ltr'><em>καὶ</em></span> <span class='ocrx_word' id='word_1_162' title='bbox 928 1590 1184 1657; x_wconf 81' lang='grc' dir='ltr'><em>ἔμφρονα</em></span> <span class='ocrx_word' id='word_1_163' title='bbox 1221 1585 1522 1658; x_wconf 74' lang='grc' dir='ltr'><em>καὶὲαυτῇ</em></span> <span class='ocrx_word' id='word_1_164' title='bbox 1560 1589 1748 1656; x_wconf 85' lang='grc' dir='ltr'><em>φίλην,</em></span> 
     </span>
     <span class='ocr_line' id='line_1_19' title="bbox 42 1665 1750 1740; baseline -0.001 -15"><span class='ocrx_word' id='word_1_165' title='bbox 42 1671 136 1725; x_wconf 82' lang='grc' dir='ltr'><em>καὶ</em></span> <span class='ocrx_word' id='word_1_166' title='bbox 170 1665 273 1725; x_wconf 80' lang='grc' dir='ltr'><em>τὸν</em></span> <span class='ocrx_word' id='word_1_167' title='bbox 308 1673 731 1739; x_wconf 84' lang='grc' dir='ltr'><em>νομοθετοῦντα</em></span> <span class='ocrx_word' id='word_1_168' title='bbox 759 1665 900 1737; x_wconf 79' lang='grc' dir='ltr'><em>πρὸς</em></span> <span class='ocrx_word' id='word_1_169' title='bbox 929 1673 1108 1723; x_wconf 83' lang='grc' dir='ltr'><em>ταῦτα</em></span> <span class='ocrx_word' id='word_1_170' title='bbox 1135 1670 1414 1740; x_wconf 78' lang='grc' dir='ltr'><em>βλέποντα</em></span> <span class='ocrx_word' id='word_1_171' title='bbox 1452 1671 1542 1724; x_wconf 91' lang='grc' dir='ltr'><em>δεῖ</em></span> <span class='ocrx_word' id='word_1_172' title='bbox 1574 1688 1750 1739; x_wconf 90' lang='grc' dir='ltr'><em>νομο-</em></span> 
     </span>
     <span class='ocr_line' id='line_1_20' title="bbox 38 1747 1751 1823; baseline -0.002 -16"><span class='ocrx_word' id='word_1_173' title='bbox 38 1759 243 1807; x_wconf 81' lang='grc' dir='ltr'><em>θετεῖν.</em></span> <span class='ocrx_word' id='word_1_174' title='bbox 290 1748 367 1822; x_wconf 83' lang='grc' dir='ltr'><em>μὴ</em></span> <span class='ocrx_word' id='word_1_175' title='bbox 391 1749 783 1822; x_wconf 77' lang='grc' dir='ltr'><em>θαυμάσωμεν</em></span> <span class='ocrx_word' id='word_1_176' title='bbox 810 1747 872 1805; x_wconf 74' lang='grc' dir='ltr'><em>δὲ</em></span> <span class='ocrx_word' id='word_1_177' title='bbox 900 1754 953 1806; x_wconf 86' lang='grc' dir='ltr'><em>εί</em></span> <span class='ocrx_word' id='word_1_178' title='bbox 978 1749 1245 1816; x_wconf 81' lang='grc' dir='ltr'><em>πολλάκις</em></span> <span class='ocrx_word' id='word_1_179' title='bbox 1272 1749 1381 1823; x_wconf 82' lang='grc' dir='ltr'><em>ἤδη</em></span> <span class='ocrx_word' id='word_1_180' title='bbox 1406 1747 1751 1823; x_wconf 84' lang='grc' dir='ltr'><em>προθέμενοι</em></span> 
     </span>
     <span class='ocr_line' id='line_1_21' title="bbox 40 1829 1750 1906; baseline -0.002 -17"><span class='ocrx_word' id='word_1_181' title='bbox 40 1831 179 1889; x_wconf 77' lang='grc' dir='ltr'><em>ἅττα</em></span> <span class='ocrx_word' id='word_1_182' title='bbox 197 1831 514 1904; x_wconf 81' lang='grc' dir='ltr'><em>εἰρήκαμεν,</em></span> <span class='ocrx_word' id='word_1_183' title='bbox 534 1830 622 1889; x_wconf 82' lang='grc' dir='ltr'><em>ὅτι</em></span> <span class='ocrx_word' id='word_1_184' title='bbox 640 1829 784 1904; x_wconf 85' lang='grc' dir='ltr'><em>πρὸς</em></span> <span class='ocrx_word' id='word_1_185' title='bbox 807 1838 982 1888; x_wconf 79' lang='grc' dir='ltr'><em>ταῦτα</em></span> <span class='ocrx_word' id='word_1_186' title='bbox 1003 1836 1093 1890; x_wconf 88' lang='grc' dir='ltr'><em>δεῖ</em></span> <span class='ocrx_word' id='word_1_187' title='bbox 1115 1841 1452 1905; x_wconf 81' lang='grc' dir='ltr'><em>νομοθετεῖν</em></span> <span class='ocrx_word' id='word_1_188' title='bbox 1470 1833 1750 1906; x_wconf 86' lang='grc' dir='ltr'><em>βλέποντα</em></span> 
     </span>
    </p>

    <p class='ocr_par' dir='ltr' id='par_1_13' title="bbox 0 1912 1809 2071">
     <span class='ocr_line' id='line_1_22' title="bbox 0 1912 1809 1987; baseline -0.002 -15"><span class='ocrx_word' id='word_1_189' title='bbox 0 1950 1 1955; x_wconf 65' lang='lat'><em>=</em></span> <span class='ocrx_word' id='word_1_190' title='bbox 37 1913 142 1972; x_wconf 79' lang='grc' dir='ltr'><em>τὸν</em></span> <span class='ocrx_word' id='word_1_191' title='bbox 159 1918 495 1987; x_wconf 80' lang='grc' dir='ltr'><em>νομοθέτην,</em></span> <span class='ocrx_word' id='word_1_192' title='bbox 523 1912 593 1970; x_wconf 79' lang='grc' dir='ltr'><em>τὰ</em></span> <span class='ocrx_word' id='word_1_193' title='bbox 624 1917 685 1971; x_wconf 81' lang='grc' dir='ltr'><em>δὲ</em></span> <span class='ocrx_word' id='word_1_194' title='bbox 706 1918 1054 1985; x_wconf 87' lang='grc' dir='ltr'><em>προτεθέντα</em></span> <span class='ocrx_word' id='word_1_195' title='bbox 1083 1914 1154 1972; x_wconf 84' lang='grc' dir='ltr'><em>οὐ</em></span> <span class='ocrx_word' id='word_1_196' title='bbox 1179 1913 1356 1973; x_wconf 77' lang='grc' dir='ltr'><em>ταύτὰ</em></span> <span class='ocrx_word' id='word_1_197' title='bbox 1383 1913 1519 1987; x_wconf 82' lang='grc' dir='ltr'><em>ἡμῖν</em></span> <span class='ocrx_word' id='word_1_198' title='bbox 1548 1917 1749 1985; x_wconf 90' lang='grc' dir='ltr'><em>φαίνε-</em></span> <span class='ocrx_word' id='word_1_199' title='bbox 1777 1917 1809 1959; x_wconf 86' lang='lat' dir='ltr'>C</span> 
     </span>
     <span class='ocr_line' id='line_1_23' title="bbox 39 1993 1748 2071; baseline -0.003 -17"><span class='ocrx_word' id='word_1_200' title='bbox 39 2018 130 2054; x_wconf 82' lang='grc' dir='ltr'><em>ται</em></span> <span class='ocrx_word' id='word_1_201' title='bbox 148 1995 407 2053; x_wconf 77' lang='grc' dir='ltr'><em>ἑκάστοτε</em></span> <span class='ocrx_word' id='word_1_202' title='bbox 422 2019 434 2030; x_wconf 91' lang='grc'><em>·</em></span> <span class='ocrx_word' id='word_1_203' title='bbox 464 1994 590 2054; x_wconf 79' lang='grc' dir='ltr'><em>ἀλλ’</em></span> <span class='ocrx_word' id='word_1_204' title='bbox 623 1996 1054 2070; x_wconf 77' lang='grc' dir='ltr'><em>ἀναλογίζεσθαι</em></span> <span class='ocrx_word' id='word_1_205' title='bbox 1070 1998 1194 2071; x_wconf 83' lang='grc' dir='ltr'><em>χρή,</em></span> <span class='ocrx_word' id='word_1_206' title='bbox 1228 1996 1366 2054; x_wconf 81' lang='grc' dir='ltr'><em>ὅταν</em></span> <span class='ocrx_word' id='word_1_207' title='bbox 1384 1993 1527 2067; x_wconf 82' lang='grc' dir='ltr'><em>πρὸς</em></span> <span class='ocrx_word' id='word_1_208' title='bbox 1550 1994 1611 2050; x_wconf 89' lang='grc' dir='ltr'><em>τὸ</em></span> <span class='ocrx_word' id='word_1_209' title='bbox 1636 1996 1748 2050; x_wconf 79' lang='grc' dir='ltr'><em>σω·-</em></span> 
     </span>
    </p>

    <p class='ocr_par' dir='ltr' id='par_1_14' title="bbox 0 2074 1746 2151">
     <span class='ocr_line' id='line_1_24' title="bbox 0 2074 1746 2151; baseline -0.001 -18"><span class='ocrx_word' id='word_1_210' title='bbox 0 2105 2 2126; x_wconf 88' lang='lat'><em>·</em></span> <span class='ocrx_word' id='word_1_211' title='bbox 45 2088 279 2148; x_wconf 80' lang='grc' dir='ltr'><em>φρονεῖν</em></span> <span class='ocrx_word' id='word_1_212' title='bbox 296 2084 494 2151; x_wconf 77' lang='grc' dir='ltr'><em>φῶμεν</em></span> <span class='ocrx_word' id='word_1_213' title='bbox 523 2082 642 2136; x_wconf 84' lang='grc' dir='ltr'><em>δεῖν</em></span> <span class='ocrx_word' id='word_1_214' title='bbox 670 2082 897 2151; x_wconf 86' lang='grc' dir='ltr'><em>βλέπειν</em></span> <span class='ocrx_word' id='word_1_215' title='bbox 916 2075 955 2151; x_wconf 82' lang='grc' dir='ltr'><strong><em>ἦ</em></strong></span> <span class='ocrx_word' id='word_1_216' title='bbox 982 2079 1123 2148; x_wconf 85' lang='grc' dir='ltr'><em>πρὸς</em></span> <span class='ocrx_word' id='word_1_217' title='bbox 1154 2078 1439 2149; x_wconf 85' lang='grc' dir='ltr'><em>φρόνησιν</em></span> <span class='ocrx_word' id='word_1_218' title='bbox 1466 2074 1504 2148; x_wconf 82' lang='grc' dir='ltr'><em>ἢ</em></span> <span class='ocrx_word' id='word_1_219' title='bbox 1535 2081 1746 2148; x_wconf 89' lang='grc' dir='ltr'><em>φιλίαν,</em></span> 
     </span>
    </p>

    <p class='ocr_par' dir='ltr' id='par_1_15' title="bbox 0 2153 1748 2232">
     <span class='ocr_line' id='line_1_25' title="bbox 0 2153 1748 2232; baseline -0.001 -17"><span class='ocrx_word' id='word_1_220' title='bbox 0 2187 3 2210; x_wconf 70' lang='grc' dir='ltr'><strong>ι</strong></span> <span class='ocrx_word' id='word_1_221' title='bbox 44 2157 119 2224; x_wconf 80' lang='grc' dir='ltr'><em>ὥς</em></span> <span class='ocrx_word' id='word_1_222' title='bbox 138 2157 268 2216; x_wconf 80' lang='grc' dir='ltr'><em>ἔσθ’</em></span> <span class='ocrx_word' id='word_1_223' title='bbox 287 2153 454 2227; x_wconf 78' lang='grc' dir='ltr'><em>οὗτος</em></span> <span class='ocrx_word' id='word_1_224' title='bbox 473 2159 501 2216; x_wconf 85' lang='grc' dir='ltr'><strong><em>ὁ</em></strong></span> <span class='ocrx_word' id='word_1_225' title='bbox 523 2158 732 2226; x_wconf 78' lang='grc' dir='ltr'><em>σκοπὸς</em></span> <span class='ocrx_word' id='word_1_226' title='bbox 750 2159 854 2231; x_wconf 79' lang='grc' dir='ltr'><em>οὐχ</em></span> <span class='ocrx_word' id='word_1_227' title='bbox 871 2162 1057 2232; x_wconf 81' lang='grc' dir='ltr'><em>ἕτερος</em></span> <span class='ocrx_word' id='word_1_228' title='bbox 1080 2158 1203 2217; x_wconf 77' lang='grc' dir='ltr'><em>ἀλλ’</em></span> <span class='ocrx_word' id='word_1_229' title='bbox 1240 2157 1270 2216; x_wconf 88' lang='grc' dir='ltr'>ὁ</span> <span class='ocrx_word' id='word_1_230' title='bbox 1293 2157 1479 2230; x_wconf 78' lang='grc' dir='ltr'><em>αὐτός,</em></span> <span class='ocrx_word' id='word_1_231' title='bbox 1499 2159 1593 2215; x_wconf 86' lang='grc' dir='ltr'><em>καὶ</em></span> <span class='ocrx_word' id='word_1_232' title='bbox 1606 2157 1748 2214; x_wconf 80' lang='grc' dir='ltr'><em>ἅλλα</em></span> 
     </span>
    </p>

    <p class='ocr_par' dir='ltr' id='par_1_16' title="bbox 0 2238 1749 2314">
     <span class='ocr_line' id='line_1_26' title="bbox 0 2238 1749 2314; baseline 0 -18"><span class='ocrx_word' id='word_1_233' title='bbox 0 2269 4 2288; x_wconf 86' lang='lat'><em>·</em></span> <span class='ocrx_word' id='word_1_234' title='bbox 43 2239 114 2312; x_wconf 83' lang='grc' dir='ltr'><em>δὴ</em></span> <span class='ocrx_word' id='word_1_235' title='bbox 153 2239 333 2297; x_wconf 76' lang='grc' dir='ltr'><em>πολλοὶ</em></span> <span class='ocrx_word' id='word_1_236' title='bbox 364 2238 511 2314; x_wconf 79' lang='grc' dir='ltr'><em>ἡμᾶς</em></span> <span class='ocrx_word' id='word_1_237' title='bbox 528 2247 759 2298; x_wconf 85' lang='grc' dir='ltr'><em>τοιαῦτα</em></span> <span class='ocrx_word' id='word_1_238' title='bbox 798 2240 872 2298; x_wconf 75' lang='grc' dir='ltr'><em>ἂν</em></span> <span class='ocrx_word' id='word_1_239' title='bbox 898 2246 1156 2314; x_wconf 88' lang='grc' dir='ltr'><em>γίγνηται</em></span> <span class='ocrx_word' id='word_1_240' title='bbox 1184 2240 1419 2314; x_wconf 77' lang='grc' dir='ltr'><em>ῥήματα,</em></span> <span class='ocrx_word' id='word_1_241' title='bbox 1449 2239 1524 2313; x_wconf 84' lang='grc' dir='ltr'><em>μὴ</em></span> <span class='ocrx_word' id='word_1_242' title='bbox 1555 2243 1749 2296; x_wconf 86' lang='grc' dir='ltr'><em>διατα-</em></span> 
     </span>
    </p>

    <p class='ocr_par' dir='ltr' id='par_1_17' title="bbox 0 2327 300 2396">
     <span class='ocr_line' id='line_1_27' title="bbox 0 2327 300 2396; baseline -0.003 -17"><span class='ocrx_word' id='word_1_243' title='bbox 0 2349 6 2385; x_wconf 57' lang='lat' dir='ltr'>t</span> <span class='ocrx_word' id='word_1_244' title='bbox 42 2327 300 2396; x_wconf 67' lang='lat' dir='ltr'><em>Qoette&#39;t&#39;m.</em></span> 
     </span>
    </p>

    <p class='ocr_par' dir='ltr' id='par_1_18' title="bbox 182 2404 1749 2479">
     <span class='ocr_line' id='line_1_28' title="bbox 182 2404 1749 2479; baseline -0.001 -17"><span class='ocrx_word' id='word_1_245' title='bbox 182 2409 302 2462; x_wconf 83' lang='grc' dir='ltr'><em>ΚΛ.</em></span> <span class='ocrx_word' id='word_1_246' title='bbox 332 2406 735 2479; x_wconf 85' lang='grc' dir='ltr'><em>Πειρασόμεθα</em></span> <span class='ocrx_word' id='word_1_247' title='bbox 752 2418 932 2464; x_wconf 84' lang='grc' dir='ltr'><em>ποιεῖν</em></span> <span class='ocrx_word' id='word_1_248' title='bbox 955 2405 1134 2473; x_wconf 74' lang='grc' dir='ltr'><em>οὕτως</em></span> <span class='ocrx_word' id='word_1_249' title='bbox 1162 2405 1482 2471; x_wconf 82' lang='grc' dir='ltr'><em>ἐπανιόντες</em></span> <span class='ocrx_word' id='word_1_250' title='bbox 1498 2405 1631 2470; x_wconf 84' lang='grc' dir='ltr'><em>τούς</em></span> <span class='ocrx_word' id='word_1_251' title='bbox 1651 2404 1749 2461; x_wconf 77' lang='grc' dir='ltr'><em>λό-</em></span> 
     </span>
    </p>

    <p class='ocr_par' dir='ltr' id='par_1_19' title="bbox 0 2486 1750 2562">
     <span class='ocr_line' id='line_1_29' title="bbox 0 2486 1750 2562; baseline -0.001 -19"><span class='ocrx_word' id='word_1_252' title='bbox 0 2503 4 2536; x_wconf 68' lang='grc' dir='ltr'>Ι</span> <span class='ocrx_word' id='word_1_253' title='bbox 47 2502 209 2554; x_wconf 71' lang='grc' dir='ltr'><em>γους·</em></span> <span class='ocrx_word' id='word_1_254' title='bbox 242 2488 338 2544; x_wconf 70' lang='grc' dir='ltr'><em>καὶ</em></span> <span class='ocrx_word' id='word_1_255' title='bbox 356 2493 467 2543; x_wconf 83' lang='grc' dir='ltr'><em>νῦν</em></span> <span class='ocrx_word' id='word_1_256' title='bbox 485 2486 553 2561; x_wconf 86' lang='grc' dir='ltr'><em>δὴ</em></span> <span class='ocrx_word' id='word_1_257' title='bbox 572 2489 635 2546; x_wconf 84' lang='grc' dir='ltr'><em>τὸ</em></span> <span class='ocrx_word' id='word_1_258' title='bbox 651 2491 777 2562; x_wconf 85' lang='grc' dir='ltr'><em>περὶ</em></span> <span class='ocrx_word' id='word_1_259' title='bbox 796 2496 895 2561; x_wconf 84' lang='grc' dir='ltr'><em>τῆς</em></span> <span class='ocrx_word' id='word_1_260' title='bbox 912 2493 1100 2561; x_wconf 87' lang='grc' dir='ltr'><em>φιλίας</em></span> <span class='ocrx_word' id='word_1_261' title='bbox 1117 2510 1178 2546; x_wconf 90' lang='grc' dir='ltr'><em>τε</em></span> <span class='ocrx_word' id='word_1_262' title='bbox 1196 2490 1291 2545; x_wconf 80' lang='grc' dir='ltr'><em>καὶ</em></span> <span class='ocrx_word' id='word_1_263' title='bbox 1310 2487 1640 2560; x_wconf 81' lang='grc' dir='ltr'><em>φρονήσεως</em></span> <span class='ocrx_word' id='word_1_264' title='bbox 1658 2487 1750 2551; x_wconf 82' lang='grc' dir='ltr'><em>καὶ</em></span> 
     </span>
    </p>

    <p class='ocr_par' dir='ltr' id='par_1_20' title="bbox 0 2565 1816 2658">
     <span class='ocr_line' id='line_1_30' title="bbox 0 2565 1816 2658; baseline 0.003 -38"><span class='ocrx_word' id='word_1_265' title='bbox 0 2569 5 2619; x_wconf 69' lang='grc' dir='ltr'>ἑ</span> <span class='ocrx_word' id='word_1_266' title='bbox 49 2565 386 2641; x_wconf 70' lang='grc' dir='ltr'><em>ἐλευθερίας,</em></span> <span class='ocrx_word' id='word_1_267' title='bbox 403 2568 544 2642; x_wconf 79' lang='grc' dir='ltr'><em>πρὸς</em></span> <span class='ocrx_word' id='word_1_268' title='bbox 562 2569 596 2627; x_wconf 83' lang='grc' dir='ltr'>ὅ</span> <span class='ocrx_word' id='word_1_269' title='bbox 613 2593 666 2628; x_wconf 90' lang='grc' dir='ltr'><em>τι</em></span> <span class='ocrx_word' id='word_1_270' title='bbox 683 2571 1033 2658; x_wconf 83' lang='grc' dir='ltr'><em>βουλόμενος</em></span> <span class='ocrx_word' id='word_1_271' title='bbox 1051 2577 1272 2644; x_wconf 82' lang='grc' dir='ltr'><em>ἔμελλες</em></span> <span class='ocrx_word' id='word_1_272' title='bbox 1289 2572 1474 2643; x_wconf 87' lang='grc' dir='ltr'><em>λέγειν</em></span> <span class='ocrx_word' id='word_1_273' title='bbox 1492 2574 1612 2627; x_wconf 90' lang='grc' dir='ltr'><em>δεῖν</em></span> <span class='ocrx_word' id='word_1_274' title='bbox 1631 2584 1749 2625; x_wconf 86' lang='grc' dir='ltr'><em>στο-</em></span> <span class='ocrx_word' id='word_1_275' title='bbox 1782 2576 1816 2617; x_wconf 91' lang='lat' dir='ltr'>D</span> 
     </span>
    </p>

    <p class='ocr_par' dir='ltr' id='par_1_21' title="bbox 0 2647 947 2728">
     <span class='ocr_line' id='line_1_31' title="bbox 0 2647 947 2728; baseline 0.013 -27"><span class='ocrx_word' id='word_1_276' title='bbox 0 2667 7 2718; x_wconf 64' lang='grc' dir='ltr'><strong>μ</strong></span> <span class='ocrx_word' id='word_1_277' title='bbox 48 2647 315 2718; x_wconf 72' lang='grc' dir='ltr'><em>χάζεσθαι</em></span> <span class='ocrx_word' id='word_1_278' title='bbox 331 2650 433 2708; x_wconf 79' lang='grc' dir='ltr'><em>τὸν</em></span> <span class='ocrx_word' id='word_1_279' title='bbox 447 2658 785 2728; x_wconf 86' lang='grc' dir='ltr'><em>νομοθέτην,</em></span> <span class='ocrx_word' id='word_1_280' title='bbox 806 2661 947 2727; x_wconf 87' lang='grc' dir='ltr'><em>λέγε.</em></span> 
     </span>
    </p>

    <p class='ocr_par' dir='ltr' id='par_1_22' title="bbox 0 2728 1747 2810">
     <span class='ocr_line' id='line_1_32' title="bbox 0 2728 1747 2810; baseline 0.001 -22"><span class='ocrx_word' id='word_1_281' title='bbox 0 2758 1 2762; x_wconf 56' lang='grc'>’</span> <span class='ocrx_word' id='word_1_282' title='bbox 193 2733 303 2787; x_wconf 85' lang='lat' dir='ltr'><em>xn.</em></span> <span class='ocrx_word' id='word_1_283' title='bbox 337 2738 455 2791; x_wconf 73' lang='lat' dir='ltr'><em>Ao.</em></span> <span class='ocrx_word' id='word_1_284' title='bbox 481 2734 758 2794; x_wconf 81' lang='grc' dir='ltr'><em>Ακουσον</em></span> <span class='ocrx_word' id='word_1_285' title='bbox 777 2736 845 2810; x_wconf 87' lang='grc' dir='ltr'><em>δὴ</em></span> <span class='ocrx_word' id='word_1_286' title='bbox 874 2742 999 2795; x_wconf 85' lang='grc' dir='ltr'><em>νῦν.</em></span> <span class='ocrx_word' id='word_1_287' title='bbox 1046 2739 1150 2794; x_wconf 80' lang='grc' dir='ltr'><em>εἰσὶ</em></span> <span class='ocrx_word' id='word_1_288' title='bbox 1179 2739 1473 2793; x_wconf 85' lang='grc' dir='ltr'><em>πολιτειων</em></span> <span class='ocrx_word' id='word_1_289' title='bbox 1500 2728 1622 2791; x_wconf 83' lang='grc' dir='ltr'><em>οἷον</em></span> <span class='ocrx_word' id='word_1_290' title='bbox 1639 2754 1747 2804; x_wconf 87' lang='grc' dir='ltr'><em>μη·-</em></span> 
     </span>
    </p>

    <p class='ocr_par' dir='ltr' id='par_1_23' title="bbox 0 2811 1747 2892">
     <span class='ocr_line' id='line_1_33' title="bbox 0 2811 1747 2892; baseline -0.006 -11"><span class='ocrx_word' id='word_1_291' title='bbox 0 2838 3 2851; x_wconf 80' lang='lat'><em>&#39;</em></span> <span class='ocrx_word' id='word_1_292' title='bbox 50 2817 204 2884; x_wconf 58' lang='lat'><em>‘10⁶9</em></span> <span class='ocrx_word' id='word_1_293' title='bbox 233 2811 338 2871; x_wconf 68' lang='lat'><em>0²³0</em></span> <span class='ocrx_word' id='word_1_294' title='bbox 356 2817 519 2887; x_wconf 59' lang='grc' dir='ltr'><em>τινές,</em></span> <span class='ocrx_word' id='word_1_295' title='bbox 542 2811 667 2890; x_wconf 69' lang='grc' dir='ltr'><em>ἐξ</em></span> <span class='ocrx_word' id='word_1_296' title='bbox 621 2841 704 2876; x_wconf 84' lang='grc' dir='ltr'><em>ων</em></span> <span class='ocrx_word' id='word_1_297' title='bbox 720 2842 820 2886; x_wconf 85' lang='grc' dir='ltr'><em>τας</em></span> <span class='ocrx_word' id='word_1_298' title='bbox 840 2820 1011 2887; x_wconf 86' lang='grc' dir='ltr'><em>α’λλας</em></span> <span class='ocrx_word' id='word_1_299' title='bbox 1038 2822 1330 2892; x_wconf 85' lang='grc' dir='ltr'><em>γεγονέναι</em></span> <span class='ocrx_word' id='word_1_300' title='bbox 1359 2822 1537 2889; x_wconf 85' lang='grc' dir='ltr'><em>λέγων</em></span> <span class='ocrx_word' id='word_1_301' title='bbox 1565 2815 1637 2872; x_wconf 77' lang='grc' dir='ltr'><em>ἄν</em></span> <span class='ocrx_word' id='word_1_302' title='bbox 1665 2835 1747 2879; x_wconf 90' lang='grc' dir='ltr'><em>τις</em></span> 
     </span>
    </p>
   </div>
  </div>
 </body>
</html>
