1976 3172
258 165 362 218 420
879 163 1334 210 ΕΠΙΝΟΜΙΣ.

258 302 478 368 δαίμοσι
496 299 760 367 γενέσθαι
786 294 933 367 πλὴν
952 292 1174 365 ὀλίγων,
1195 297 1456 366 μέχριπερ
1478 293 1550 352 ἂν
1568 302 1759 368 ζῶμεν·
1781 302 1947 352 τοῦτο

256 385 585 450 διορίζομαι·
624 375 764 449 καλὴ
791 381 851 434 δὲ
878 380 1028 442 ἐλπὶς
1046 379 1433 450 τελευτήσαντι
1460 390 1646 450 τυχεῖν
1665 376 1946 447 ἁπάντων,

257 454 336 517 ὦν
368 461 534 517 ἕνεκά
560 482 650 525 τις
678 456 1014 531 προθυμοῖτ’
1050 455 1122 514 ἄν
1149 463 1257 526 ζῶν
1286 457 1447 527 τέῶς
1474 459 1722 518 κάλλιστ’
1759 459 1831 516 ἂν
1851 466 1950 534 ζῇν

253 541 393 598 κατὰ
435 543 676 613 δύναμιν
704 543 796 597 καὶ
823 540 1154 640 τελευτήσας
1180 546 1437 612 τελευτῆς
1465 541 1722 614 τοιαύτης
1745 553 1945 613 τυχεῖν.

197 638 232 678 D
259 627 400 694 λέγω
422 622 475 679 δ’
503 621 670 679 ούδεν
695 623 906 694 σοφόν,
918 621 1039 679 ἀλλ’
1063 643 1200 695 οπερ
1223 621 1463 690 ἅπαντες
1487 623 1745 696 Ἕλληνές
1772 645 1829 680 τε
1855 625 1950 679 καὶ

258 706 536 777 βάρβαροι
553 696 943 776 γιγνώσκομέν
973 726 1096 760 τινα
1123 704 1351 776 τρόπου,
1384 703 1459 771 ὦς
1484 709 1536 772 ἐξ
1569 704 1738 779 ἀρχῆς
1766 705 1826 762 τὸ
1856 726 1951 776 γε-

256 788 457 841 νέσθαι
483 783 726 855 χαλεπὸν
750 784 954 840 άπαυτι
988 786 1132 857 ζώω·
1173 792 1397 856 πρῶτον
1428 809 1530 857 μεν
1562 786 1622 843 τὸ
1661 796 1950 858 μετασχεῖν

255 875 351 938 τῆς
384 871 500 921 τῶν
536 868 868 936 κυουμένων
902 867 1080 934 εξεως,
1113 865 1284 920 ἔπειτ’
1317 861 1390 921 αὖ
1421 867 1483 923 τὸ
1514 875 1825 939 γίγνεσθαι,
1857 868 1950 923 καὶ

255 952 335 1004 ἔτι
367 947 428 1003 τὸ
468 950 775 1019 τρέφεσθαι
810 949 902 1002 καὶ
938 945 1332 1016 παιδεύεσθαι,
1372 946 1463 1002 διὰ
1502 949 1694 1003 πόνων
1734 954 1950 1019 μυρίων

139 1050 226 1097 974
255 1037 427 1087 ταῦτα
446 1035 739 1101 γίγνεσθαι
764 1028 1075 1100 ξύμπαντα,
1104 1026 1178 1093 ὥς
1199 1049 1384 1100 φαμεν
1416 1027 1672 1100 ἅπαντες,
1703 1031 1796 1086 καὶ
1816 1030 1948 1101 χρό-

256 1134 353 1177 νος
381 1113 591 1185 βραχὺς
619 1110 691 1168 ἄν
721 1133 802 1177 τις
833 1119 916 1183 εἴη
948 1110 1087 1181 πρὸς
1118 1108 1385 1182 λογισμὸν
1403 1111 1478 1182 μή
1497 1132 1582 1166 τοι
1601 1117 1716 1167 τῶν
1734 1120 1949 1183 μοχθη-

255 1202 390 1266 ρῶν,
416 1193 540 1250 ἀλλ’
582 1190 614 1250 ὃ
644 1199 751 1258 πᾶς
779 1190 852 1248 ἂν
881 1191 1158 1265 ὑπολάβοι
1185 1195 1425 1266 μέτριον.
1458 1189 1623 1261 οὗτος
1656 1195 1715 1252 δὲ
1751 1193 1950 1266 σχεδὸν

254 1276 547 1348 άναπνοὴν
567 1279 723 1333 δοκεῖ
736 1285 915 1332 ποιεῖν
944 1273 1068 1331 τινὰ
1099 1275 1237 1331 κατὰ
1267 1279 1438 1347 μέσον
1461 1296 1538 1350 πῃ
1562 1281 1688 1349 βίον
1717 1277 1818 1333 τὸν
1847 1275 1950 1332 άν-

252 1360 575 1432 θρώπινον·
608 1358 748 1430 ταχύ
768 1356 967 1429 γεμὴν
985 1356 1252 1430 ἐπιλαβὸν
1279 1365 1454 1429 γῆρας
1484 1358 1754 1416 ὁντινοῦν
1785 1359 1949 1431 ποιή-

256 1461 348 1497 σαι
382 1437 454 1498 ὅὶν
483 1439 684 1512 μήποτ’
723 1443 986 1510 ἐθελῆσαι
1016 1439 1188 1495 πάλιν
1216 1437 1543 1511 ἀναβιῶναι,
1574 1442 1948 1512 λογισάμενον

254 1525 355 1582 τὸν
378 1527 723 1597 βεβιωμένον
747 1524 926 1596 ἑαυτῷ
944 1528 1085 1594 βίον,
1117 1521 1266 1586 ὅστις
1293 1522 1367 1593 μὴ
1403 1523 1663 1594 τυγχάνει
1693 1527 1951 1596 παιδικῆς

256 1606 418 1678 δόξης
433 1607 630 1677 μεστὸς
659 1603 754 1661 ὤν.
795 1604 1012 1660 τούτων
1043 1602 1110 1674 δὴ
1138 1609 1195 1659 τί
1217 1606 1350 1659 ποτέ
1375 1625 1471 1676 μοι
1499 1605 1826 1677 τεκμήριον;
1866 1606 1950 1662 ὅτι

196 1705 228 1744 Β
260 1693 473 1760 πέφυκε
492 1688 665 1760 ταύτῃ
684 1687 746 1742 τὸ
765 1692 877 1742 νῦν
905 1684 1246 1757 ζητούμενον
1276 1692 1354 1761 τῷ
1383 1686 1549 1761 λόγω.
1599 1692 1867 1760 ζητοῦμεν
1891 1689 1950 1744 δὲ

255 1773 339 1844 δή,
359 1777 482 1828 τίνα
500 1770 712 1842 τρόπον
741 1770 908 1840 σοφοὶ
936 1770 1310 1842 γενησόμεθα,
1349 1792 1420 1835 ως
1441 1768 1614 1843 ου’σης
1642 1772 1793 1838 τινὸς
1819 1772 1948 1828 ἑκά-

253 1870 401 1919 στοις
419 1853 622 1924 ταύτης
645 1858 742 1923 τῆς
762 1852 1078 1923 δυνάμεως
1112 1849 1148 1924 ἡ
1171 1853 1231 1909 δὲ
1258 1859 1416 1925 φυγῇ
1433 1851 1631 1924 φείηιει
1647 1853 1790 1924 τότε,
1812 1852 1948 1911 ὅταν

251 1958 331 2000 τις
350 1935 489 2006 πρός
508 1955 633 1990 τινα
651 1934 933 2007 φρόνησιν
953 1943 1009 2007 ἴῃ
1028 1956 1142 1990 των
1159 1938 1477 2007 λεγομένων
1493 1955 1703 2007 τεχνων
1729 1931 1768 2008 η’
1801 1958 1947 2009 φρο-

252 2018 472 2090 νήσεων
490 2015 528 2089 ἤ
551 2038 720 2074 τινων
722 2017 926 2074 ἄλλων
943 2017 1215 2074 τοιούτων
1244 2039 1319 2084 ως
1346 2017 1580 2090 οἰόμεθα
1610 2019 1946 2090 έπιστημων,

253 2098 325 2165 ὡς
346 2099 497 2166 άξίας
526 2100 747 2156 τούτων
772 2099 1035 2172 οὐδεμιᾶς
1066 2099 1236 2171 ουσης
1263 2102 1549 2173 ἐπίκλησιν
1577 2101 1823 2173 ῥηθῆναι
1851 2106 1948 2172 τῆς

250 2183 378 2253 περὶ
406 2188 580 2238 ταῦτα
613 2188 812 2254 σοφίας
840 2181 1268 2254 [τάνθρώπινα],
1297 2188 1394 2254 τῆς
1423 2185 1483 2238 δὲ
1513 2189 1688 2254 ψυχῆς
1722 2181 1945 2254 σφόδρα

253 2268 588 2328 πεποιθυίας
608 2268 699 2320 καὶ
717 2267 1146 2338 μαντευομένης,
1178 2261 1252 2330 ὡς
1282 2262 1454 2337 οὔσης
1483 2262 1627 2337 αὐτῇ
1653 2264 1793 2321 κατά
1820 2285 1945 2320 τινα

189 2364 220 2406 c
255 2344 430 2414 φύσιν
448 2344 668 2415 ταύτης,
690 2352 770 2410 τίς
790 2343 837 2400 δ’
860 2351 975 2401 ἔστι
992 2349 1083 2402 καὶ
1100 2345 1235 2403 πότε
1254 2348 1345 2402 καὶ
1366 2352 1499 2418 πῶς,
1521 2345 1590 2404 οὐ
1609 2347 1760 2403 πάνυ
1780 2349 1943 2401 δυνα-

251 2429 419 2498 μένης
440 2428 790 2499 ἐξευρίσκειν.
839 2421 935 2496 ἆρ’
956 2426 1025 2494 οὐ
1053 2429 1232 2499 τούτῳ
1254 2427 1476 2498 σφόδρα
1495 2426 1763 2497 προσέοιχ’
1785 2424 1943 2498 ἡμῶν
1968 2439 1976 2505 ξ

250 2506 283 2579 ἡ
307 2510 430 2578 περὶ
451 2514 657 2579 σοφίαν
676 2506 881 2581 ἀπορία
899 2510 992 2564 καὶ
1010 2507 1242 2580 ζήτησις,
1255 2512 1460 2563 πλείων
1476 2515 1573 2579 τῆς
1585 2507 1849 2572 ἐλπίδος
1822 2508 1942 2563 εκά-

251 2609 363 2663 στῳ
383 2593 681 2663 γιγνομένη
700 2612 814 2647 των
834 2589 955 2647 ὅσοι
984 2589 1097 2648 ἐν’
1070 2601 1201 2662 ημῖν
1232 2591 1459 2646 δυνατοὶ
1486 2595 1770 2660 γίγνονται
1798 2605 1976 2662 φρο-·;

251 2671 424 2771 νίμως
449 2670 655 2738 αὑτους
685 2670 890 2739 άλλους
919 2695 977 2730 τε
1004 2673 1250 2740 ἐξετάσαι
1286 2672 1603 2745 συμφωνως
1641 2671 1731 2729 δια
1757 2672 1940 2744 λόγων

251 2755 480 2811 πάντων
499 2757 590 2811 καὶ
609 2755 788 2828 πάντη
819 2760 1156 2829 λεγομένων;
1189 2755 1345 2812 ταῦτ’
1374 2754 1475 2829 οὐχ
1499 2755 1677 2822 οὕτως
1705 2752 1742 2827 ἢ
1768 2755 1940 2827 ταύτῃ
1975 2828 1976 2831 ¹

252 2837 613 2909 ξυμφήσομεν
635 2841 801 2909 ἒχειν;
