1976 3172
725 98 1177 148 ΕΠΙΝΟΜΙΣ.
1692 94 1796 149 421

250 241 369 291 ΚΛ.
405 230 901 304 Ξυμφήσομενέπ’
927 229 1103 288 ἐλπίδ’
1135 237 1266 296 ἴσως
1293 231 1471 302 ταῦτ’,
1502 226 1546 288 ὦ
1574 232 1711 303 ξένε,
1733 238 1800 305 τῇ

109 315 243 389 μετὰ
264 321 372 379 σοῦ
389 314 525 370 κατὰ
546 314 756 384 χρόνον
778 309 852 368 ἂν
882 315 1170 386 γενομένῃ,
1203 313 1432 380 δοξάσαι
1458 315 1583 383 περὶ
1611 312 1799 369 αὐτῶν

109 401 361 462 εἰσαῦθις
377 395 438 452 τὸ
458 393 856 466 ἀληθέστατον.

249 483 367 534 ΑΘ.
411 475 522 542 Τάς
540 476 712 542 ἄλλας
730 482 941 546 τοίνυν,
972 473 1416 547 ὅσαιέπιστῆμαι
1443 477 1546 547 μέν
1575 481 1680 533 εἰσι
1706 485 1800 533 λε-

1831 331 1864 370 D

106 559 355 631 γόμεναι,
395 557 581 631 σοφὸν
618 559 679 616 δὲ
715 554 820 614 οὐκ
855 556 1188 614 ἀποτελοῦσι
1217 555 1317 612 τὸν
1342 557 1700 628 λαμβάνοντά
1740 581 1799 614 τε
1852 569 1854 572 ’

106 640 277 708 αὐτας
303 645 396 698 καὶ
423 646 635 713 ἔχοντα,
655 646 880 709 πρῶτον
911 643 1188 710 διεξιτέον,
1220 637 1373 703 ὅπως
1399 639 1603 703 ταύτας
1632 641 1799 695 ἐκπο-

108 723 225 778 δῶν
243 726 474 794 θέμενοι
492 720 818 794 πειρώμεθα
837 723 1050 786 ἐκείνας
1070 714 1153 776 οἷν
1173 718 1416 791 δεόμεθα
1437 717 1799 791 παραθέσθαι

102 823 161 859 τε
179 806 271 858 καὶ
289 807 668 874 παραθέμενοι
687 803 1019 874 μανθάνειν.

246 887 306 938 11.
345 890 584 951 Προῖτον
602 883 705 954 μὲν
719 888 915 939 τοίνυν
945 874 1028 937 ὧν
1054 888 1280 953 πρῶτον
1305 885 1388 938 δεῖ
1407 888 1604 956 θνητῷ
1629 885 1797 953 γένει,

105 970 312 1037 ἴδωμεν
332 963 404 1030 ὦς
423 966 528 1022 εἰσὶ
545 965 648 1036 μὲν
666 962 1094 1035 ἀναγκαιόταται
1106 963 1307 1035 σχεδὸν
1326 962 1552 1035 ἀληθῶς
1572 987 1630 1020 τε
1650 970 1796 1036 πρῶ-

103 1070 209 1116 ται,
230 1044 260 1102 ὁ
281 1047 340 1103 δὲ
361 1045 678 1117 ἐπιστήμων
702 1043 1255 1117 αὐτῶν-γιγνόμενος,
1278 1050 1328 1102 εἰ
1353 1047 1445 1101 καὶ
1473 1045 1594 1120 κατ’
1627 1044 1799 1117 ἀρχὰς

105 1129 261 1195 ἔδοξέ
273 1142 355 1193 τις
374 1126 522 1183 εἷναί
535 1148 669 1184 ποτε
688 1127 882 1199 σοφός,
903 1126 1118 1183 οὔκουν
1135 1135 1245 1184 νῦν
1261 1150 1324 1198 γε
1353 1126 1484 1184 οὔτε
1513 1126 1690 1198 σοφὸς
1719 1126 1798 1183 εἶ-

104 1233 197 1266 ναι
216 1210 495 1277 δοξάζεται
513 1208 700 1280 ὀνείδη
711 1231 769 1265 τε
784 1217 922 1280 ἴσχει
933 1215 1146 1280 μᾶλλον
1161 1209 1268 1266 ἀπὸ
1289 1218 1383 1281 τῆς
1400 1212 1658 1281 τοιαύτης
1677 1212 1798 1279 ε’πι-

106 1292 327 1363 στήμης.
364 1295 603 1364 ἐροῦμεν
639 1289 706 1362 δὴ
751 1293 812 1346 αἵ
837 1289 885 1346 τ’
925 1293 1029 1361 εἰσὶ
1057 1293 1149 1348 καὶ
1177 1289 1261 1347 ὅτι
1292 1298 1400 1358 πᾶς
1427 1289 1571 1364 ἀνὴρ
1605 1290 1796 1363 αὐτάς,

104 1373 301 1444 σχεδὸν
320 1373 472 1438 ὅσοις
486 1371 642 1443 ἀγών
657 1373 941 1444 πρόκειται
959 1381 1062 1429 τοῦ
1080 1377 1266 1429 δοκεῖν
1283 1371 1355 1438 ὡς
1375 1374 1605 1446 ἄριστον
1617 1373 1796 1444 ἄνδρα

9 1491 11 1534 j
102 1459 378 1526 ξυμβῆναι
398 1455 705 1526 γενόμενον
723 1454 812 1524 ἄν,
834 1454 1031 1525 φεύγει
1055 1454 1145 1510 διὰ
1166 1454 1265 1519 τὰς
1293 1454 1511 1525 κτήσεις
1536 1462 1632 1527 τῆς
1652 1477 1798 1528 φρο-

107 1536 316 1607 νήσεώς
343 1558 402 1592 τε
420 1537 512 1591 καὶ
532 1535 945 1606 ἐπιτηδεύσεως.
986 1538 1124 1590 ἔστω
1156 1533 1224 1606 δὴ
1256 1541 1479 1605 πρῶτον
1506 1539 1609 1606 μὲν
1641 1535 1675 1607 ἡ
1703 1543 1800 1608 τῆς

104 1614 515 1689 ἀλληλοφαγίας
534 1623 649 1672 τῶν
668 1616 824 1682 ζώων
840 1614 984 1688 ἡμᾶς
1002 1623 1116 1678 τῶν
1143 1619 1264 1688 μέν,
1297 1614 1369 1681 ὡς
1394 1614 1423 1673 ὁ
1452 1617 1635 1687 μῦθός
1665 1620 1798 1688 ἐστι,

103 1700 165 1756 τὸ
186 1700 451 1769 παράπαν
469 1697 846 1771 ἀποστήσασα,
866 1704 980 1755 τῶν
1002 1701 1061 1755 δὲ
1078 1703 1154 1764 εἰς
1178 1699 1282 1770 τήν
1309 1697 1554 1770 νόμιμον
1582 1698 1799 1772 ἐδωδὴν

103 1782 505 1854 καταστήσασα.
530 1784 658 1856 ἵλεῳ
679 1779 724 1845 δ’
743 1780 878 1855 ἡμῖν
899 1785 954 1838 οἱ
970 1781 1223 1851 πρόσθεν
1244 1780 1437 1852 εἴησάν
1455 1802 1514 1837 τε
1531 1783 1624 1837 καὶ
1643 1785 1798 1838 εἰσίν·

104 1869 301 1929 οἵτινες
318 1862 546 1935 μὲνγὰρ
566 1859 674 1920 οὖν
701 1860 879 1929 *οὓς*
907 1865 1169 1935 ἐλέγομεν
1201 1868 1412 1935 πρῶτοι
1440 1865 1798 1934 χαιρέτωσαν.

103 1946 137 2019 ἡ
163 1946 217 2003 δ’
238 1939 343 2002 οὖν
361 1944 612 2018 ἀλφίτων
628 1967 687 2003 τε
706 1947 799 2002 καὶ
827 1945 1084 2018 ἀλεύρων
1109 1951 1326 2017 ποίησις
1355 1942 1469 2016 ἅμα
1498 1947 1591 2000 καὶ
1617 1942 1796 2017 τροφὴ

104 2026 244 2101 καλὴ
265 2028 369 2100 μὲν
386 2032 478 2085 καὶ
491 2026 700 2101 ἀγαθή,
721 2029 905 2099 σοφὸν
925 2029 985 2084 δὲ
1004 2027 1184 2098 ἄνδρα
1203 2027 1399 2092 τελέως
1418 2023 1522 2082 οὐκ
1541 2027 1800 2099 ἐθελήσει

107 2110 238 2168 ποτὲ
258 2109 686 2181 ἀπεργάσασθαι
701 2132 712 2143 ·
729 2118 895 2166 τοῦτο
914 2111 1021 2182 γὰρ
1041 2109 1199 2181 αὐτό,
1221 2108 1255 2181 ἡ
1276 2115 1371 2180 τῆς
1390 2108 1661 2180 ποιήσεως
1680 2111 1799 2164 ἐπί-

104 2200 313 2264 κλησις,
350 2199 466 2248 τῶν
494 2194 849 2265 ποιουμένων
877 2189 1067 2248 αὐτῶν
1097 2195 1421 2263 δυσχέρειαν
1449 2188 1798 2264 ἀπεργάζοιτ’

104 2274 192 2333 ἄν
228 2272 428 2344 σχεδὸν
447 2274 501 2329 δ’
534 2271 723 2331 ούδὲ“
693 2298 726 2346 η
757 2275 939 2347 χώρας
967 2274 1255 2346 ξυμπάσης
1283 2278 1548 2346 γεωργία
1589 2270 1658 2327 ού
1687 2268 1797 2343 γὰρ

102 2361 272 2429 τέχνῃ
282 2354 422 2412 ἀλλά
442 2355 611 2427 φύσει
638 2356 779 2414 κατὰ
806 2357 950 2414 θεὸν
979 2357 1182 2422 πάντες
1213 2356 1534 2427 φαινόμεθα
1567 2362 1678 2438 γῆν
1701 2376 1799 2427 με-

103 2446 524 2510 τακεχειρίσθαι.
561 2443 654 2496 καὶ
680 2441 792 2512 μὴν
825 2438 950 2497 οὐδ’
979 2462 1014 2511 η
1039 2461 1152 2496 των
1183 2439 1460 2511 οἰκήσεών
1482 2460 1545 2508 γε
1577 2435 1798 2508 ξυνυφὴ

107 2522 198 2575 καὶ
218 2519 473 2590 ξύμπασα
493 2525 779 2594 οἰκοδομία
799 2524 890 2578 καὶ
906 2525 1127 2578 σκευῶν
1151 2519 1380 2577 πάντων
1401 2517 1798 2588 ἀπεργαστική,

11 2599 13 2603 ’
91 2606 331 2672 ,χαλκεία
356 2622 415 2657 τε
436 2600 571 2659 καὶ.τ
545 2625 580 2674 η
600 2608 716 2661 τῶν
733 2609 1067 2660 τεκτονικῶν
1087 2604 1179 2658 καὶ
1197 2605 1516 2657 πλαστικῶν
1546 2601 1638 2655 καὶ
1665 2605 1798 2654 πλε-

107 2690 310 2740 κτικῶν
330 2685 419 2739 καὶ
435 2687 513 2740 ἔτι
541 2683 874 2758 ξυμπάντων
893 2683 1154 2757 ὀργάνων
1183 2680 1526 2753 παρασκευή,
1559 2682 1712 2755 δήμῳ
1733 2679 1794 2736 τὸ

108 2766 436 2837 πρόσφορον
458 2763 675 2841 ἔχουσα,
695 2766 817 2825 ἀλλ’
843 2765 945 2826 οὐκ
966 2764 1048 2823 ἐπ’
1075 2764 1242 2838 ἀρετῇ
1263 2767 1546 2837 λεγομένη.
1578 2760 1800 2835 καὶμὴν

1828 1303 1913 1350 975
