1976 3172
283 193 386 244 108
891 192 1368 241 ΠΛΑΤΩΝΟΣ

1822 259 1857 281 δ

283 323 496 396 ρυηκὸς
519 326 681 395 γένος
699 320 1026 380 ὑπακοῦσαι
1055 329 1156 396 μέν
1184 346 1354 380 τινων
1381 346 1574 396 νομων
1602 333 1815 382 καινῶν
1833 327 1976 398 τάχα,

285 402 359 460 ἂν
386 406 678 478 ,ἐθελήσειε
715 402 950 476 μᾶλλον,
987 404 1049 462 τὰ
1090 409 1150 462 δὲ
1186 412 1536 478 συμπνεῦσαι
1581 409 1675 463 καὶ
1709 409 1932 464 καθάπε

280 491 469 543 ἵππων
486 491 678 558 ζεῦγος
695 486 832 543 καθ’
864 489 964 544 ἕνα
983 492 1059 554 εἰς
1076 487 1298 560 ταύτόν,
1323 487 1384 544 τὸ
1408 488 1728 560 λεγόμενον,
1749 493 1899 561 ξυμφ

284 577 450 640 σῆσαι
465 569 675 640 χρόνου
690 576 903 625 πολλοῦ
920 572 1013 626 καὶ
1023 570 1393 641 παγχάλεπον.
1414 569 1530 626 ἄλλ’
1550 569 1725 637 ὅντως
1741 573 1854 627 ἐστὶ
1871 592 1937 626 νο

284 657 524 722 μοθεσία
558 653 651 708 καὶ
687 651 907 708 πόλεων
942 655 1181 724 οἰκισμοὶ
1217 652 1444 709 πάντων
1469 651 1806 709 τελεώτατον
1825 655 1940 724 πρὸ

244 773 254 788 .
284 730 490 803 ἀρετὴν
507 730 746 803 ἀνδρῶν.

427 819 544 868 ΚΛ.
584 814 777 879 Εἰκός·
799 813 910 886 ὅπῃ
932 813 982 870 δ’
1009 808 1084 870 αὖ
1111 813 1512 886 βλέπωντοῦέ
1544 823 1783 887 εἴρηκας,
1803 815 1918 886 φροὶ

282 897 361 948 ἔτι
385 896 744 965 σαφέστερον.
1709 947 1713 949 .

214 988 249 1030 Ε
426 979 507 1030 lv,
537 982 654 1031 ΑΘ.
687 970 752 1030 Ὦ,
765 973 944 1046 ’γαθέ,
959 979 1112 1031 ἔοικα
1130 979 1254 1045 περὶ
1273 983 1600 1047 νομοθετῶν
1619 975 1864 1033 ἐπανιών
1883 998 1952 1031 κα

285 1062 515 1112 σκοπῶν
535 1056 648 1128 ἅμα
676 1059 823 1127 ἐρεῖν
840 1079 892 1112 τι
914 1059 1006 1112 καὶ
1034 1062 1282 1127 φαῦλον·
1321 1055 1443 1112 ἀλλ’
1478 1057 1576 1122 ἐὰν
1607 1057 1746 1127 πρὸς
1770 1058 1934 1128 καιρό

282 1159 408 1193 τινα
427 1142 691 1209 λέγωμεν,
725 1145 952 1211 πρᾶγμα
991 1136 1159 1195 οὐδὲν
1183 1137 1416 1209 γίγνοιτ’
1451 1134 1524 1193 ὄὶν
1550 1142 1647 1194 ἔτι.
1683 1144 1782 1194 καί
1812 1160 1898 1194 τοι
1923 1159 1955 1193 τ

285 1238 419 1274 ποτε
439 1221 810 1291 δυσχεραίνω;
831 1218 1030 1291 σχεδὸν
1047 1221 1156 1293 γάρ
1176 1242 1261 1276 τοι
1280 1219 1462 1276 πάντα
1487 1211 1670 1285 οὕτως
1683 1217 1810 1276 ἔοικ’
1831 1223 1938 1289 ἔχει

285 1300 670 1370 τάνθρώπινα.

424 1388 543 1438 ΚΛ.
586 1387 703 1437 Τοῦ
726 1381 793 1453 δὴ
814 1385 937 1450 πέρι
956 1385 1158 1452 λέγεις;

166 1470 254 1519 709
421 1469 538 1518 ΑΘ.
558 1462 830 1534 ’Έμελλον
847 1467 1046 1534 λέγειν,
1069 1463 1141 1528 ὥς
1159 1461 1341 1528 οὐδείς
1369 1483 1502 1519 ποτε
1533 1461 1855 1533 ἀνθρώπων
1872 1462 1972 1518 ού-

284 1544 381 1601 δεν
398 1552 719 1615 νομοθετεῖ,
749 1545 905 1615 τύχαι
939 1546 999 1601 δε
1028 1546 1120 1600 καὶ
1147 1546 1428 1615 ξυμφοραὶ
1455 1555 1709 1599 παντοῖαι
1737 1548 1902 1598 πίπτο

283 1643 377 1682 σαι
405 1631 680 1690 παντοίως
706 1631 1083 1696 νομοθετοῦσι
1117 1647 1185 1681 τα
1214 1625 1395 1681 πάντα
1422 1622 1567 1696 ἡμῖν.
1602 1621 1641 1696 ἦ
1669 1622 1776 1695 γὰρ
1806 1624 1911 1680 πόλ

283 1706 387 1778 μός
398 1727 485 1772 τις
503 1706 838 1777 βιασάμενος
867 1703 1135 1775 ἀνέτρεψε
1161 1701 1435 1770 πολιτείας
1462 1708 1554 1761 καὶ
1583 1709 1845 1777 μετέβαλε
1872 1699 1976 1781 νόὲ

283 1809 442 1859 μους,
459 1784 495 1857 ἢ
513 1793 703 1853 πενίας
719 1794 958 1859 χαλεπῆς
976 1785 1207 1858 ἀπορία·
1229 1787 1408 1843 πολλὰ
1432 1790 1492 1842 δὲ
1509 1789 1599 1844 καὶ
1620 1787 1778 1843 νόσοι
1798 1785 1976 1857 ἀναν-ς

247 1869 514 1953 ’καζουσι
548 1880 915 1940 καινοτομεῖν,
954 1874 1167 1940 λοιμῶν
1196 1890 1255 1924 τε
1290 1869 1673 1937 ἐμπιπτόντων
1712 1870 1803 1923 καὶ
1833 1867 1976 1937 x96-22

282 1971 389 2006 νον
407 1952 493 2004 ἐπὶ
511 1947 694 2006 πολυν
711 1953 983 2005 ἐνιαυτῶν
1000 1957 1222 2005 πολλῶν
1234 1950 1498 2014 πολλακις
1508 1947 1775 2019 ακαιρίας.
1794 1955 1972 2022 ταῦτα

285 2028 353 2101 δὴ
376 2030 558 2085 πάντα
577 2029 828 2100 προϊδών
844 2052 925 2095 τις
945 2028 1146 2097 ἀΐξειεν
1166 2027 1239 2085 ἂν
1257 2034 1446 2099 εἰπεῖν,
1468 2029 1605 2102 ὅπερ
1627 2029 1732 2100 ἐγώ
1751 2037 1860 2086 νῦν
1882 2029 1950 2100 δή

215 2123 249 2163 Β
284 2111 347 2168 τὸ
367 2109 585 2184 θνητὸν
613 2110 715 2183 μὲν
742 2114 952 2210 μηδένα
980 2120 1309 2183 νομοθετεῖν
1337 2114 1528 2183 μηδέν,
1557 2111 1723 2182 τύχας
1750 2109 1803 2166 δ’
1831 2110 1948 2166 εῖνα

284 2191 483 2263 σχεδὸν
514 2192 732 2249 ἅπαντα
757 2215 826 2249 τα
856 2193 1188 2266 ἀνθρώπινα
1206 2193 1525 2265 πράγματα
1555 2191 1617 2248 τὸ
1637 2190 1688 2248 δ’
1710 2196 1825 2247 ἔστι
1848 2211 1914 2246 πε

282 2294 344 2329 τε
362 2280 650 2353 ναυτιλίαν
670 2278 762 2331 καὶ
779 2273 1186 2376 κυβερνητικὴν
1213 2276 1305 2330 καὶ
1335 2273 1586 2345 ἰατρικὴν
1613 2276 1704 2330 καὶ
1733 2289 1934 2368 στρατη
1974 2324 1976 2326 .

283 2354 451 2426 γικὴν
479 2356 664 2411 πάντα
696 2355 856 2412 ταῦτ’
897 2355 1122 2412 εἰπόντα
1153 2359 1339 2411 δοκεῖν
1369 2350 1435 2410 εὖ
1465 2358 1664 2435 λέγειν,
1694 2352 1834 2409 ἄλλα
1862 2351 1932 2422 γά
1974 2417 1976 2429 ¹

285 2434 488 2507 ὁμοίως
506 2429 580 2492 αὖ
607 2439 699 2493 καὶ
717 2437 846 2493 τόδε
866 2441 979 2492 ἔστι
997 2440 1227 2507 λέγοντα
1257 2428 1323 2490 εὖ
1347 2438 1528 2504 λέγειν
1557 2438 1618 2490 ἐν
1647 2445 1760 2498 τοῖς
1787 2433 1976 2500 αὐτοῖς·

286 2517 521 2583 τούτοις.
1624 2548 1627 2550 >
1942 2530 1976 2581 ,A

426 2606 546 2656 KA.
590 2600 665 2656 Τὸ
696 2593 882 2673 ποῖον;
1930 2602 1976 2673 22ss4

428 2689 547 2738 ΑΘ.
580 2681 673 2749 Ὡς
691 2681 823 2748 θεὸς
843 2682 946 2755 μὲν
968 2683 1149 2739 πάντα
1167 2683 1257 2739 καὶ
1273 2678 1408 2753 μετὰ
1420 2687 1563 2736 θεοῦ
1580 2679 1716 2752 τύχη
1736 2683 1828 2736 καὶ
1847 2702 1916 2736 κα

286 2763 385 2832 ρός
413 2762 782 2836 τάνθρώπινα
821 2769 1234 2838 διακυβερνῶσι
1257 2763 1559 2836 ξύμπαντα.
1617 2760 1976 2841 ἡμερώτερος1

284 2846 400 2919 μὴν
410 2852 596 2918 τρίτον
607 2851 952 2921 ξυγχωρῆσαι
963 2848 1178 2914 τούτοις
1189 2852 1306 2904 δεῖν
1317 2849 1552 2905 ἕπεσθαι
1560 2848 1771 2920 τέχνην·
1793 2866 1919 2918 καιρ
