1976 3172
704 149 1166 198 ΕΠΙΝΟΜΙΣ.
1679 148 1782 200 441

113 307 155 342 τε
174 286 267 341 καὶ
284 286 575 354 ἐλέγχοντα
594 281 663 338 τά
679 280 753 353 μὴ
775 275 957 346 καλῶς
974 284 1220 352 ρηθέντα
1236 305 1247 316 ·
1284 283 1504 349 πάντως
1521 283 1630 355 γὰρ
1649 290 1786 340 καλ-

111 373 252 438 ῑίστη
288 368 380 422 καὶ
424 363 614 434 πρῶτη
649 364 895 435 βάσανος
932 361 1255 431 ἀνθρώποις
1293 362 1483 434 ὀρθῶς
1523 371 1784 436 γίγνεται,

112 448 224 505 ἶσαι
261 449 322 505 δὲ
360 445 464 503 ούκ
502 439 667 501 οὖσαι
710 451 1167 515 προσποιοῦνται,
1209 447 1572 516 ματαιότατος
1612 447 1786 511 πόνος

113 523 373 586 ῗπάντων.
416 531 495 585 ἔτι
517 528 578 584 δὲ
596 526 700 599 τὴν
719 524 1006 598 ἀκρίβειαν
1024 534 1127 582 τοῦ
1152 528 1362 599 χρόνου
1379 527 1512 600 ἡμῖν
1529 532 1784 600 ληπτέον,

112 610 170 677 ὃς
191 611 434 683 ἀκριβῶς
462 609 719 666 ἀποτελεῖ
742 610 923 664 πάντα
942 610 1010 663 τὰ
1039 606 1159 664 κατ’
1190 606 1438 679 οὐρανὸν
1463 610 1784 680 γιγνόμενα,

117 692 168 748 ν’
194 692 223 746 ὁ
243 692 558 759 πιστεύσας,
578 689 652 754 ῶς
672 689 701 744 ὁ
723 689 891 757 λόγος
910 687 1126 760 ἀληθὴς
1144 693 1393 760 γέγονεν,
1424 689 1510 745 ὅτι
1537 690 1785 762 πρεσβύ-
1806 711 1843 751 D

103 775 259 842 εερόν
281 773 333 827 τ’
352 775 502 827 ἐστὶν
518 770 632 841 ἅμα
659 763 752 826 καὶ
768 769 1063 838 θειότερον
1082 771 1229 841 ψυχὴ
1251 772 1520 841 σώματος,
1540 770 1786 843 ἡγήσαιτ’

7 847 9 849 ’
105 850 132 908 ἲ
135 877 168 908 ν
184 853 481 924 παγκάλως
501 873 561 906 τε
579 853 672 906 καὶ
691 854 895 916 ἱκανῶς
914 857 1173 921 εἰρῆσθαι
1190 851 1250 907 τό
1273 857 1430 908 θεῶν
1445 852 1586 908 εἶναι
1605 854 1787 909 πάντα

103 938 231 991 τλέα
263 935 354 989 καὶ
381 934 654 1004 μηδέποτε
689 938 843 1004 λήθῃ
874 937 1012 1003 μηδὲ
1040 936 1265 1007 ἀμελείᾳ
1299 939 1416 989 τῶν
1450 933 1787 1004 κρειττόνων

101 1015 234 1088 ἡμᾶς
269 1021 790 1084 παρωλιγωρῆσθαι.
830 1015 1062 1085 νοητέον
1095 1012 1150 1069 δ’
1189 1017 1301 1071 ἐστὶ
1337 1017 1462 1088 περὶ
1498 1015 1680 1072 πάντα
1716 1015 1785 1071 τὰ

100 1102 322 1153 τοιαῦτα
338 1096 485 1167 τόδε,
507 1092 597 1165 ῶς,
618 1093 716 1152 ἐὰν
733 1099 837 1167 μέν
853 1119 935 1161 τις
962 1098 1165 1152 ἕκαστα
1190 1099 1409 1155 τούτων
1440 1095 1629 1171 ὀρθῶς
1646 1106 1786 1171 λαμ-

98 1180 257 1255 βάνῃ,
277 1177 390 1251 μέγ’
414 1178 617 1250 ὄφελος
634 1183 879 1250 γύγνεται
896 1186 976 1255 τῷ
994 1180 1488 1252 παραλαμβάνοντι
1505 1181 1645 1238 κατὰ
1664 1181 1788 1251 τρόὲ

98 1283 218 1333 πον,
241 1267 292 1318 εἰ
313 1260 374 1317 δὲ
392 1261 487 1333 μή,
506 1260 648 1317 θεὸν
672 1262 903 1333 ἄμεινον
923 1260 1007 1318 ἀεὶ
1024 1269 1213 1318 καλεῖν
1229 1283 1240 1294 ·
1279 1259 1310 1318 ὁ
1337 1266 1399 1320 δὲ
1427 1265 1635 1336 τρόπος
1662 1261 1788 1321 ὅδεὶ

98 1344 306 1416 ἀνάγκη
319 1342 426 1415 γάρ
438 1344 502 1399 τό
521 1366 584 1413 γε
601 1350 875 1400 τοσοῦτον
887 1344 1130 1414 φράζειν.
1151 1350 1265 1400 πᾶν
1284 1345 1603 1417 διάγραμμα
1620 1343 1779 1417 ἀριθ-
1810 1355 1844 1396 Ε

97 1432 201 1482 αοῦ
236 1446 295 1480 τε
332 1425 585 1495 σύστημα
622 1427 714 1479 καὶ
742 1423 1011 1494 ἁρμονίας
1039 1425 1311 1480 σύστασιν
1341 1426 1568 1483 ἅπασαν
1593 1434 1691 1499 τῆς
1728 1449 1787 1482 τε

98 1514 204 1562 τῶν
231 1506 458 1574 ἄστρων
474 1510 782 1575 περιφορᾶς
799 1503 904 1576 τὴν
923 1502 1228 1576 ὁμολογίαν
1247 1501 1429 1562 οὖσαν
1449 1515 1583 1578 μίαν
1602 1507 1787 1582 ἀπάνς

97 1612 204 1646 των
233 1589 593 1660 ἀναφανῆναι
622 1591 711 1644 δεῖ
730 1593 808 1662 τῷ
834 1587 976 1644 κατὰ
1004 1590 1218 1657 τρόπον
1246 1590 1617 1662 μανθάνοντι,
1647 1588 1788 1647 ἀνα-

97 1670 398 1744 φανήσεται
433 1673 510 1740 δέ,
552 1667 644 1739 ἄν,
683 1666 717 1724 δ’
752 1672 1004 1739 λέγομεν,
1033 1666 1223 1739 ὀρθῶς
1250 1692 1332 1735 τις
1360 1675 1436 1735 εἰς
1465 1673 1530 1726 ἓν
1563 1674 1817 1742 βλέπων.

97 1752 382 1825 μανθάνῃ·
421 1750 622 1822 δεσμὸς
638 1747 746 1820 γάρ
767 1748 1031 1822 πεφυκώς
1047 1752 1278 1807 πάντων
1299 1752 1520 1821 τούτων
1540 1748 1616 1817 εἷς
1639 1751 1781 1808 ἀνα·
1810 1765 1901 1811 992

92 1832 398 1906 φανήσεται
426 1835 877 1902 διανοουμένοις’
917 1837 967 1888 εἰ
985 1830 1036 1887 δ’
1060 1830 1242 1897 ἄλλως
1271 1853 1386 1898 πως
1409 1839 1588 1889 ταῦτα
1618 1855 1786 1904 μετα-

93 1918 368 1987 χειριεῖταί
393 1935 491 1984 τις,
520 1912 695 1985 τύχην
732 1917 820 1969 δεῖ
847 1922 1056 1984 καλεῖν,
1089 1912 1275 1983 ῶσπερ
1307 1917 1400 1971 καὶ
1426 1919 1676 1986 λέγομεν.
1713 1909 1783 1971 ού

94 1997 196 2068 γὰρ
212 1995 352 2052 ἄνευ
374 2016 438 2066 γε
456 1994 674 2051 τούτων
702 1996 919 2066 μήποτέ
945 2017 1026 2061 τις
1054 1998 1116 2051 ἐν
1139 1996 1371 2052 πόλεσιν
1394 1994 1675 2067 εὐδαίμων
1692 1999 1787 2066 γέ-

95 2100 249 2149 νηται
269 2078 456 2149 φύσις,
486 2073 611 2132 ἀλλ’
642 2070 808 2142 οὗτος
832 2074 862 2133 ὁ
890 2079 1112 2148 τρόπος,
1144 2076 1287 2150 αὕτη
1315 2075 1350 2150 ἡ
1380 2078 1579 2149 τροφή,
1609 2084 1783 2134 ταῦτα

93 2161 154 2215 τὰ
172 2159 494 2231 μαθήματα,
521 2167 629 2214 εἴτε
647 2158 855 2230 χαλεπὰ
888 2166 996 2215 εἴτε
1025 2158 1210 2233 ῥᾴδια,
1247 2160 1423 2232 ταύτῃ
1436 2163 1781 2229 πορευτέον·

89 2239 358 2313 ἀμελῆσαι
378 2243 438 2298 δὲ
464 2239 534 2297 οὐ
552 2240 790 2311 θεμιτόν
817 2244 931 2296 ἐστι
957 2248 1133 2313 θεῶν,
1162 2248 1523 2312 καταφανοῦς
1549 2247 1784 2312 γενομέ-

89 2345 188 2394 νης
205 2330 301 2395 τῆς
318 2324 546 2379 πάντων
561 2321 750 2379 αὐτῶν
768 2323 908 2379 κατὰ
933 2323 1147 2399 τρόπον
1165 2326 1463 2395 λεγομένης
1483 2324 1670 2396 φήμης
1687 2322 1783 2379 εύ-

85 2412 301 2475 τυχοῦς.
339 2403 439 2459 τὸν
458 2405 518 2460 δὲ
549 2404 838 2475 ξύμπαντα
865 2412 1038 2461 ταῦτα
1066 2403 1245 2471 οὕτως
1275 2405 1555 2478 εἰληφότα,
1576 2413 1779 2461 τοῦτον
1810 2422 1843 2463 Β

86 2488 228 2554 λέγω
257 2484 358 2540 τὸν
386 2483 738 2556 ἀληθέστατα
777 2487 1130 2556 σοφώτατον·
1168 2485 1238 2543 ὂν
1267 2489 1359 2542 καὶ
1390 2490 1782 2556 διισχυρίζομαι

88 2570 297 2632 παίζων
318 2567 410 2621 καὶ
429 2567 756 2635 σπουδάζων
776 2566 906 2638 ἅμα,
928 2566 1020 2624 ὅτε
1034 2569 1267 2640 θανάτῳ
1283 2588 1362 2631 τις
1377 2572 1491 2622 τῶν
1509 2567 1781 2622 τοιούτων

88 2646 192 2718 τὴν
222 2644 400 2702 αὑτοῦ
426 2659 627 2719 μοῖραν
651 2647 977 2720 ἀναπλήσει,
1008 2642 1207 2719 σχεδόν
1226 2648 1431 2717 ἐάνπερ
1459 2646 1533 2703 ἔτ’
1559 2646 1782 2704 ἀποθα-

90 2729 210 2785 νών
238 2722 291 2801 ᾗ,
323 2727 455 2799 μήτε
493 2734 747 2800 μεθέξειν
765 2736 843 2788 ἔτι
875 2738 1096 2787 πολλῶν
1124 2731 1247 2787 τότε
1276 2729 1534 2799 καθάπερ
1564 2735 1674 2786 νῦν
1694 2735 1780 2801 αἰ-

94 2811 375 2882 σθήσεων,
396 2817 522 2882 μιᾶς
542 2833 600 2868 τε
627 2819 820 2886 μοίρας
838 2813 1204 2886 μετειληφότα
1235 2813 1414 2884 μόνον
1434 2815 1525 2869 καὶ
1553 2814 1614 2868 ἐκ
1642 2820 1779 2867 πολ-
