1976 3172
285 117 386 169 176
447 86 455 91 ’
883 106 1360 167 ΠΛΑΤΩΝΟΣ

283 250 454 319 αύτης
483 251 636 319 δίκης
665 249 756 303 καὶ
783 247 1045 320 τελευτὴν
1072 254 1148 314 εἰς
1181 249 1280 305 τὸν
1320 254 1498 321 δῆμον
1530 250 1953 326 ἀποδιδομένην,

281 329 385 402 τὴν
402 329 463 386 δὲ
477 329 730 401 βάσανον
747 331 809 384 ἐν
824 341 940 395 ταῖς
956 336 1233 402 μεγίσταις
1251 328 1440 402 ἀρχαῖς
1456 337 1653 403 τρισίν,
1675 331 1739 399 ἃς
1757 331 1830 390 ἂν
1848 334 1882 390 δ’
1899 357 1957 391 τε

280 414 510 483 φεύγων
535 412 627 469 καὶ
661 409 690 467 ὁ
720 411 939 468 διώκων
966 416 1436 485 ξυνομολογῆτον·
1473 412 1571 469 ἐὰν
1600 414 1660 470 δὲ
1677 414 1752 486 μὴ
1782 415 1957 487 δύνη·

279 500 427 549 σθον
460 499 796 564 κοινωνῆσαι
828 499 925 564 τῆς
947 491 1238 564 ὁμολογίας
1265 491 1441 564 αὐτοί,
1466 493 1573 566 την,
1599 494 1812 568 βουλὴν
1839 499 1954 552 ἐπι-

216 595 249 636 Β
281 578 492 642 κρίνειν
521 573 708 630 αὐτῶν
732 573 835 646 τὴν
868 577 1079 646 αἵρεσιν
1100 576 1375 647 ἑκατέρου.
1412 580 1499 631 δεῖ
1529 577 1589 631 δὲ
1620 574 1686 647 δὴ
1725 579 1817 632 καὶ
1843 584 1956 634 τῶν

279 657 436 710 ἰδίων
472 659 645 711 δικῶν
681 667 972 712 κοινωνεῖν
1011 656 1151 713 κατὰ
1190 658 1429 729 δύναμιν
1467 655 1745 722 ἅπαντας·
1786 655 1815 714 ὁ
1846 657 1955 728 γὰρ

276 733 649 806 ἀκοινώνητος
669 732 749 791 α’)’ν
767 740 1015 803 ἐξουσίας
1041 745 1143 794 τοῦ
1174 738 1522 804 συνδικάζειν
1538 736 1747 808 ἡγεῖται
1765 736 1825 792 τὸ
1849 759 1954 793 πα·-

276 816 462 886 ράπαν
479 823 575 887 τῆς
593 817 801 881 πόλεως
820 818 888 872 οὐ
909 822 1131 888 μέτοχος
1161 819 1300 874 εἶναι
1314 841 1325 850 ·
1357 818 1446 873 διὰ
1468 816 1623 872 ταῦτ’
1653 813 1758 873 οὖν
1778 816 1845 887 δὴ
1864 822 1955 873 καὶ

269 895 410 951 κατὰ
431 894 613 966 φυλὰς
624 894 927 967 ἀναγκαῖον
946 898 1270 968 δικαστήριά
1287 918 1344 952 τε
1363 902 1654 967 γίγνεσθαι
1665 899 1755 953 καὶ
1767 898 1954 972 κλήρῳ

275 977 535 1042 δικαστὰς
571 981 631 1034 ἐκ
672 984 775 1034 τοῦ
805 984 1135 1050 παραχρῆμα
1160 975 1548 1050 ἀδιαφθόρους
1581 990 1696 1043 ταῖς
1727 980 1950 1050 δεήσεσι

276 1057 533 1128 δικάζειν,
549 1056 612 1114 τὸ
638 1056 699 1113 δὲ
716 1061 869 1124 τέλος
887 1065 1097 1130 κρίνειν
1115 1060 1343 1116 πάντων
1361 1066 1475 1116 τῶν
1491 1060 1758 1116 τοιούτων
1777 1063 1950 1116 έκεῖνο

271 1137 332 1194 τὸ
355 1139 729 1211 δικαστήριον,
752 1139 786 1195 ὅ
813 1162 996 1212 φαμεν
1025 1149 1102 1207 εἴς
1125 1162 1190 1211 γε
1219 1138 1586 1213 ἀνθρωπίνην
1613 1143 1852 1212 δύναμιν
1880 1137 1952 1204 ὡς

219 1233 249 1275 C
279 1216 402 1276 οἷόν
419 1242 479 1277 τε
498 1219 968 1292 ἀδιαφθορώτατα
987 1223 1440 1295 παρεσκευάσθαι
1465 1235 1580 1288 τοῖς
1607 1222 1680 1295 μὴ
1711 1223 1953 1293 δυναμέ-

271 1323 391 1367 νοις
408 1303 544 1375 μήτε
561 1306 624 1359 έν
640 1313 754 1369 τοῖς
770 1309 974 1374 γείτοσι
991 1304 1126 1375 μήτε
1146 1307 1207 1360 ἐν
1233 1315 1348 1370 τοῖς
1366 1311 1676 1376 φυλετικοῖς
1694 1307 1951 1374 δικαστη-

272 1388 411 1455 ρίοις
429 1382 890 1441 ἀπαλλάττεσθαι.

411 1469 540 1520 XIV.
577 1472 710 1521 Νῦν
730 1464 795 1536 δὴ
822 1468 954 1535 περὶ
974 1468 1077 1537 μὲν
1107 1467 1430 1537 δικαστήρια
1453 1463 1600 1537 ἡμῖν,
1615 1464 1657 1530 ,ὁὶ
1678 1465 1746 1536 δή
1767 1485 1950 1535 φαμεν

271 1544 406 1602 οὔθ’
431 1543 504 1610 ὥς
522 1543 689 1617 ἀρχὰς
707 1545 839 1602 οὔθ’
873 1546 948 1612 ὥς
965 1546 1038 1619 μὴ
1059 1548 1256 1620 ῥᾴδιον
1277 1549 1501 1603 εἰπόντα
1531 1544 1951 1617 ἀναμφισβητή-

240 1624 242 1626 ’
269 1648 376 1692 τως
395 1631 685 1699 εἰρηκέναι,
706 1630 830 1700 περὶ
849 1630 952 1699 μὲν
969 1635 1143 1684 ταῦτα
1163 1624 1284 1684 οἷον
1304 1627 1618 1700 περιγραφή
1642 1649 1723 1693 τις
1741 1630 1951 1692 ἔξωθεν

269 1713 744 1781 περιγεγραμμένη
763 1710 829 1766 τὰ
859 1715 961 1782 μὲν
990 1707 1192 1784 εἴρηκερ
1223 1711 1291 1767 τά
1322 1710 1377 1767 δ’
1409 1709 1692 1767 ἀπολείπει
1725 1708 1947 1780 σχεδόν·

269 1788 408 1860 πρὸς
427 1790 534 1862 γὰρ
553 1792 695 1846 τέλει
715 1798 1050 1862 νομοθεσίας
1068 1790 1100 1864 ἡ
1123 1797 1294 1848 δικῶν
1324 1790 1557 1864 ἀκριβὴς
1585 1791 1774 1862 νόμων
1793 1792 1949 1854 θέσις

270 1869 384 1941 ἅμα
409 1874 501 1927 καὶ
526 1875 788 1944 διαίρεσις
811 1872 1091 1944 ὀρθότατα
1119 1871 1352 1946 γίγνοιτ’
1379 1870 1452 1929 ἂν
1479 1878 1688 1947 μακρῷ.
1725 1872 1949 1935 ταύταις

209 1972 243 2012 D
271 1953 374 2022 μὲν
411 1946 516 2007 οὖν
542 1955 786 2024 εἰρήσθω
821 1954 959 2027 πρὸς
990 1963 1069 2026 τῷ
1101 1959 1243 2012 τέλει
1277 1958 1591 2028 περιμένειν
1617 1953 1776 2025 ἡμᾶς,
1807 1956 1869 2007 αἱ
1888 1952 1948 2030 δὲ

268 2026 392 2105 περῖ
418 2034 518 2100 τὰς
543 2034 712 2101 ἄλλας
736 2035 904 2109 ἀρχὰς
929 2037 1284 2103 καταστάσεις
1317 2037 1514 2108 σχεδὸν
1550 2035 1653 2114 τῂν
1687 2040 1947 2105 πλείστην

268 2116 525 2186 εἰλήφασι
554 2124 941 2189 νομοθεσίαν·-
959 2117 1020 2175 τὸ
1055 2123 1116 2176 δὲ
1144 2119 1277 2176 ὅλον
1298 2122 1391 2176 καὶ
1421 2118 1647 2191 ἀκριβὲς
1674 2120 1799 2187 περὶ
1825 2113 1976 2180 ἑνός·

266 2216 326 2250 τε
354 2199 446 2252 καὶ
474 2199 701 2255 πάντων
727 2207 841 2256 τῶν
862 2201 1001 2257 κατὰ
1027 2202 1191 2258 πόλιν
1210 2203 1302 2258 καὶ
1328 2198 1614 2271 πολιτικὴν
1648 2206 1831 2254 πᾶσαν
1861 2201 1946 2252 δι-

268 2275 539 2346 οικήσεων
577 2280 681 2335 οὐκ
706 2285 820 2336 ἔστι
853 2285 1117 2351 γενέσθαι
1154 2287 1342 2353 σαφές,
1378 2285 1512 2354 πρὶν
1541 2281 1612 2338 ἂν
1639 2278 1673 2351 ἡ
1707 2281 1946 2345 διέξοδος

267 2353 362 2410 ἀπ’
395 2354 564 2428 ἀρχῆς
591 2359 660 2412 τά
687 2380 744 2413 τε
774 2361 1006 2430 δεύτερα
1034 2365 1125 2418 καὶ
1153 2361 1221 2417 τοὶ
1241 2367 1379 2432 μέσα
1407 2366 1497 2417 καὶ
1524 2362 1704 2415 πάντα
1721 2361 1859 2428 μέρη
1877 2355 1944 2411 τοὶ

267 2438 464 2509 ἑαυτῆς
481 2436 841 2510 ἀπολαβοῦσα
861 2441 1000 2512 πρὸς
1025 2447 1179 2508 τέλος
1205 2443 1480 2514 ἀφίκηται.
1510 2448 1619 2496 νῦν
1646 2440 1760 2511 μην
1786 2442 1848 2494 έν
1864 2445 1943 2512 τῷ

198 2533 232 2574 Ε
265 2517 502 2589 παρόντι
519 2522 672 2591 μέχρι
690 2526 785 2591 τῆς
802 2523 916 2577 τῶν
939 2520 1223 2593 ἀρχόντων
1242 2525 1502 2593 αἱρέσεως
1525 2524 1826 2593 γενομένης
1852 2540 1940 2575 τε-

264 2597 430 2670 λευτὴ
449 2602 555 2670 μὲν
571 2606 688 2656 τῶν
707 2605 1028 2674 ἔμπροσθεν
1046 2604 1185 2677 αὕτη
1205 2603 1435 2676 γίγνοιτ’
1465 2602 1537 2660 ὅῖν
1553 2602 1732 2675 ἱκανή,
1751 2601 1942 2674 νόμων

264 2678 325 2735 δὲ
350 2683 561 2745 θέσεως
590 2679 726 2754 ἀρχὴ
757 2685 849 2740 καὶ
877 2682 1172 2758 ἀναβολῶν
1200 2685 1313 2758 ἅμα
1337 2689 1427 2743 καὶ
1456 2685 1642 2743 ὄκνων
1669 2683 1834 2742 οὐδὲν
1861 2687 1937 2739 ἔτι
1972 2744 1976 2766 Ι,

263 2761 510 2833 δεομένη.
1974 2773 1976 2780 ⁴

78 722 117 737 Q
