1976 3172
263 147 367 201 278
878 147 1050 195 HAA
1068 119 1371 194 Tszzvoz'

264 280 500 352 δημόσια
531 280 590 334 δὲ
619 254 866 348 χρήματα
895 277 1128 343 οὐδενὸς
1154 283 1268 334 τῶν
1303 279 1573 336 τοιούτων
1600 287 1670 354 τῇ
1699 289 1945 357 πολιτείᾳ

263 364 477 432 πρέπον
515 357 586 416 ἂν
621 366 704 430 εἴη
740 363 1052 429 γίγνεσθαι,
1088 361 1149 415 ἐν
1172 353 1209 432 ᾑ
1237 363 1325 415 δεῖ
1346 358 1478 426 τοὺς
1507 361 1712 428 αὐτούς
1739 362 1823 420 ἀεὶ
1853 367 1946 421 καὶ

264 441 457 507 ἴσους’
437 442 601 506 όντας
633 445 901 498 διατελεῖν
934 441 1198 512 κλήρους·
1237 446 1425 512 ζημίας
1452 441 1501 498 δ’
1538 446 1779 515 ἐκτίσεις,
1811 442 1946 501 ὅταν

263 521 476 579 ἀδικεῖν
495 522 617 589 ἄξια
639 527 778 594 δοκῇ
795 544 875 588 τις
892 524 1203 594 χρημάτων,
1226 525 1476 593 ἐκτίνειν,
1497 521 1568 580 ἂν
1587 526 1622 597 ᾐ
1643 546 1694 580 τι
1713 531 1827 580 τῶν
1844 532 1946 582 τοῦ

197 622 228 661 Β
261 604 473 677 κλήρου
492 607 1007 675 κατεσκευασμένου
1031 611 1370 676 περιττεῦον,
1390 608 1546 678 μέχρι
1563 606 1835 664 τοσούτου
1856 611 1946 679 ζη-

264 690 564 759 μιωθέντα,
592 686 651 744 τὸ
679 690 738 745 δὲ
758 692 927 744 πλέον
946 689 1046 760 μή·
1086 688 1182 755 τὰς
1201 688 1251 745 δ’
1284 695 1360 756 εἰς
1387 697 1561 746 ταῦτα
1586 689 1864 763 ἀκριβείας
1884 694 1943 748 ἐκ

263 777 377 826 τῶν
396 770 745 842 ἀπογραφῶν
764 771 1152 842 νομοφύλακες
1171 779 1510 838 σκοποῦντες
1520 771 1580 828 τὸ
1599 776 1770 843 σαφὲς
1789 776 1947 842 ἐξαγ-

263 851 580 920 γελλόντων
596 850 682 906 ἀεὶ
700 862 813 916 τοῖς
828 856 1123 924 δικασταῖς,
1145 853 1294 919 ὅπως
1314 850 1386 910 ἀν
1402 861 1516 910 τῶν
1537 854 1761 925 κλήρων
1779 852 1948 923 ἀργὸς

263 935 450 1003 μηδεὶς
466 936 737 1003 μηδέποτε
766 939 1018 1004 γίγνηται
1047 933 1120 989 δι’
1154 934 1392 1006 ἀπορίαν
1418 936 1727 1006 χρημάτων.
1763 941 1976 1007 ζημίας-

267 1013 327 1068 δὲ
347 1012 418 1069 ἄν
438 1036 518 1078 τις
538 1017 770 1079 πλέονος
789 1013 936 1080 ἄξιος
955 1013 1096 1070 εἶναι
1114 1017 1270 1087 δοκῇ,
1300 1014 1399 1070 ἐὰν
1418 1015 1526 1085 ἄρα
1548 1016 1629 1086 μή
1654 1036 1797 1079 τινες
1824 1020 1950 1072 ἐθέ-

266 1103 438 1151 λωσιν
459 1094 635 1150 αὐτόν
653 1101 768 1150 τῶν
785 1102 966 1165 φίλων
992 1098 1305 1166 ἐγγυᾶσθαί
1330 1118 1388 1152 τε
1421 1097 1513 1152 καὶ
1541 1098 1976 1162 ξυνεκτίνοντεςι

264 1173 706 1247 ἀπελευθεροῦν,
729 1181 946 1247 δεσμοῖς
964 1198 1022 1231 τε
1040 1182 1280 1247 χρονίοις
1308 1178 1399 1233 καὶ
1427 1179 1694 1248 ἐμφανέσι
1723 1182 1821 1233 καί
1844 1195 1952 1233 τισι

212 1276 239 1316 C
267 1265 739 1330 προπηλακισμοῖς
773 1259 1044 1329 κολάζειν,
1076 1257 1273 1330 ἄτιμον
1307 1257 1367 1314 δὲ
1397 1259 1713 1315 παντάπασι
1742 1262 1950 1331 μηδένα

265 1337 406 1394 εἶναι
423 1343 696 1410 μηδέποτε
714 1337 836 1411 μηδ’
858 1338 939 1410 ἐφ’
959 1341 1040 1395 ἑνὶ
1056 1346 1171 1395 τῶν
1189 1338 1613 1411 ἁμαρτημάτων,
1628 1339 1750 1412 μηδ’
1777 1338 1953 1409 ὑπερ-

265 1419 422 1489 όριον
443 1420 697 1490 φυγάδα·
736 1421 992 1476 θάνατον
1021 1420 1081 1475 δὲ
1110 1421 1148 1491 ἢ
1185 1419 1422 1491 δεσμούς
1440 1417 1477 1492 ἦ
1496 1422 1710 1492 πληγὰς
1735 1421 1774 1493 ἥ
1801 1443 1953 1485 τινας

265 1499 557 1572 ἀμόρφους
577 1502 740 1570 ἕδρας
757 1497 794 1572 ἢ
814 1501 1031 1566 στάσεις
1058 1498 1094 1572 ἢ
1123 1501 1493 1571 παραστάσεις
1524 1506 1599 1566 εἰς
1633 1501 1749 1573 ἱεροὶ
1778 1503 1865 1557 ἐπὶ
1883 1500 1949 1556 τα

262 1588 358 1653 τῆς
375 1583 558 1653 χώρας
576 1586 789 1653 ε’σχατα,
809 1579 846 1653 ἢ
863 1583 1160 1653 χρημάτων
1177 1581 1436 1654 καθάπερ
1458 1586 1779 1652 ἔμπροσθεν
1797 1589 1952 1638 εἴπο-

262 1683 366 1734 μεν
386 1665 612 1727 ἐκτίσεις
630 1668 924 1736 γίγνεσθαι
944 1667 1077 1732 δεῖν,
1095 1662 1200 1734 τὴν
1219 1667 1379 1734 δίκην
1407 1663 1620 1733 ταύτην
1639 1668 1949 1733 γίγνεσθαι.

265 1735 514 1799 δικασταὶ
544 1743 602 1799 δε
640 1748 887 1800 ἔστωσαν
915 1744 1172 1800 θανάτου
1201 1743 1328 1815 πέρι
1351 1744 1741 1815 νομοφύλακές
1763 1766 1821 1800 τε
1859 1747 1950 1800 καὶ

262 1822 323 1880 τὸ
343 1831 456 1880 τῶν
475 1833 795 1895 περυσινων
817 1825 1107 1896 ἀρχόντων
1126 1822 1450 1897 ἀριστίνδην
1468 1823 1847 1896 ἀπομερισθεν
1867 1830 1952 1881 δι·-

207 1920 240 1959 D
273 1906 587 1977 καστήριον·
610 1906 912 1979 εἰσαγωγὰς
932 1911 992 1963 δὲ
1009 1907 1224 1964 τούτων
1244 1908 1335 1964 καὶ
1353 1907 1717 1980 προσκλήσεις
1735 1909 1825 1964 καὶ
1848 1907 1951 1963 ὅσα

263 1994 490 2044 τοιαῦτα
508 1991 600 2045 καὶ
619 2011 693 2054 ως
711 1994 799 2046 δεῖ
823 1995 1132 2063 γίγνεσθαι,
1165 2002 1278 2055 τοῖς
1304 1993 1594 2062 νεωτέροις
1622 1992 1952 2061 νομοθέταις

263 2067 364 2139 χρὴ
385 2072 586 2140 μέλειν·
607 2093 709 2142 την
729 2072 1060 2176 διαψήφισιν
1074 2068 1172 2128 δε”
1146 2074 1410 2144 ημέτερον
1426 2077 1595 2143 ἔργον
1606 2080 1948 2143 νομοθετεῖν.

265 2155 402 2205 ἔστω
435 2150 501 2222 δὴ
540 2151 758 2225 φανερὰ
789 2177 891 2225 μεν
918 2152 951 2227 ἡ
977 2159 1165 2226 ψῆφος
1199 2156 1481 2226 τιθεμένη,
1512 2153 1618 2227 πρὸ
1655 2154 1860 2214 τούτου
1891 2153 1950 2209 δὲ

264 2230 401 2286 κατὰ
423 2233 484 2287 τὸ
509 2234 683 2305 στόμα
709 2242 810 2291 τοῦ
842 2237 1144 2302 διώκοντός
1171 2258 1231 2294 τε
1268 2240 1361 2294 καὶ
1395 2236 1704 2308 φεύγοντος
1733 2234 1762 2293 ὁ
1794 2240 1952 2292 δικασ-

267 2310 397 2382 στῆς
416 2312 588 2383 ἑξῆςε
558 2327 690 2385 ημῖν
709 2317 978 2386 ἐγγύτατα
1005 2316 1144 2373 κατὰ
1165 2320 1397 2390 πρέσβιν
1426 2322 1642 2388 ιζέσθω,
1672 2316 1872 2381 πάντες
1895 2314 1946 2371 δ’

266 2397 323 2448 οἶ
346 2400 579 2464 πολῖται,
611 2394 837 2465 ὅσοιπερ
869 2395 941 2452 ἀ“ν
973 2398 1148 2467 άγωσι
1183 2398 1403 2470 σχολήν,
1441 2400 1668 2468 ἐπήκοοι
1704 2403 1950 2453 ἔστωσαν

267 2478 487 2547 σπουδῇ
505 2482 617 2531 τιὸν
634 2476 906 2532 τοιούτων
938 2482 1123 2532 δικῶν.
1161 2481 1345 2547 λέγειν
1373 2478 1433 2532 δε
1465 2479 1563 2532 ἕνα
1584 2477 1771 2548 λόγον,
1793 2483 1950 2547 προῖ-

206 2574 238 2613 Ε
269 2577 368 2611 τον
387 2558 488 2626 μὲν
501 2556 606 2613 ,τὸν
623 2559 910 2628 διώκοντα,
930 2558 1029 2614 τὸν
1049 2557 1108 2614 δὲ
1121 2561 1404 2630 φεύγοντα
1426 2561 1689 2629 δεύτερον
1703 2581 1715 2593 ·
1737 2558 1872 2630 μετὰ
1891 2561 1950 2615 δὲ

261 2635 392 2702 τοὺς
412 2638 615 2708 λόγους
640 2639 873 2705 τούτους
902 2639 1171 2711 ἄρχεσθαι
1201 2640 1302 2712 μὲν
1324 2640 1423 2697 τὸν
1453 2646 1779 2711 γεραίτατον
1809 2638 1948 2701 ἀνα-

262 2723 540 2790 κρίνοντα,
574 2720 731 2777 ἰόντα
769 2726 843 2786 είς
873 2721 975 2792 τὴν
1010 2728 1123 2778 τῶν
1158 2725 1472 2793 λεχθέντων
1503 2726 1698 2790 σκέψιν
1728 2722 1945 2793 ἱκανήν,

263 2799 397 2869 μετὰ
420 2800 479 2857 δὲ
496 2802 596 2858 τὸν
624 2802 1007 2874 πρεσβύτατον
1028 2806 1147 2876 ἑξῆς
1178 2803 1423 2870 ἅπαντας
1447 2804 1547 2877 χρὴ
1570 2809 1885 2873 διεξελθεῖν,
1914 2803 1949 2858 ὅ
