1976 3172
283 90 353 141 44
882 91 1359 138 ΠΛΛ-ΤῼΝΟΣ

423 226 540 278 ΚΛ.
579 227 710 278 Ναί.
1488 243 1491 246 ’

223 312 255 388 1}
426 310 543 360 ΛΘ.
583 311 777 376 Δῆλον
797 302 871 369 ῶς
890 308 1072 376 ἔμοιγε
1102 309 1193 362 καὶ
1213 304 1345 376 ὑμῖν
1371 304 1678 377 ἀναγκαῖόν
1707 311 1824 365 ἐστι
1853 311 1968 380 φά-

281 406 374 440 ναι
392 385 525 451 τους
542 384 653 442 ὑπὸ
674 393 787 442 τῶν
804 384 1086 459 ἡμετέρων
1113 384 1421 459 ἡλικιωτῶν
1452 391 1749 461 κριθέντας
1780 389 1968 461 ὀρθῶς

281 462 354 522 ὅίν
381 473 560 542 νικᾷν.
586 468 658 524 -τό
692 466 800 539 γὰρ
832 473 964 533 ἔθος
987 467 1119 540 ἡμῖν
1146 474 1259 525 τῶν
1287 476 1396 525 νῦν
1425 469 1491 541 δὴ
1524 472 1787 542 πάμπολυ
1806 475 1973 543 ,δοκεῖ

278 556 392 605 τῶν
410 553 472 606 ἐν
490 562 606 615 ταῖς
624 551 855 607 πόλεσιν
873 549 1116 616 ἁπάσαις
1134 553 1225 608 καὶ
1254 558 1539 623 πανταχοῦ
1568 556 1855 624 βέλτιστον
1877 559 1966 625 γί-

277 640 532 701 γνεσθαι.

419 719 538 768 ΚΛ.
583 719 653 769 Τί
675 713 813 785 μήνς

418 799 474 848 V.
515 802 634 851 ΑΘ.
671 803 958 868 Συγχωρῶ
989 795 1054 867 δὴ
1094 796 1155 852 τό
1192 818 1256 868 γε
1283 803 1555 853 τοσοῦτον
1585 799 1680 852 καὶ
1708 796 1814 867 ἐγώ
1853 810 1965 864 τοῖς

277 882 519 946 πολλοῖς,
547 882 664 933 δεῖν
693 876 797 949 τὴν
824 878 1102 950 μουσικὴν
1130 879 1310 952 ἡδονῇ
1336 885 1646 950 κρίνεσθαι,
1669 881 1743 952 μὴ
1775 884 1964 950 μέντοι

276 964 390 1013 τῶν
407 980 470 1028 γε
489 959 878 1030 ἐπιτυχόντων,
908 958 1047 1016 αλλὰ
1079 959 1279 1030 σχεδὸν
1306 965 1525 1034 ἐκείνην
1557 961 1697 1019 εἶναι
1715 970 1963 1019 Μοῦσαν

195 1058 205 1067 ’
275 1045 594 1111 καλλίστην,
612 1039 731 1111 ἥτις
754 1039 886 1105 τοὺς
903 1045 1219 1112 βελτίστους
1246 1042 1338 1096 καὶ
1366 1045 1570 1108 ἱκανῶς
1597 1047 1960 1114 πεπαιδευμέ-

159 1132 246 1178 659
275 1141 411 1184 νους
428 1124 630 1193 τέρπει,
652 1121 887 1192 μάλιστα
912 1123 972 1177 δὲ
991 1121 1109 1192 ἥτις
1130 1122 1228 1178 ἕνα
1247 1120 1350 1178 τόν
1369 1119 1536 1195 ἀρετῇ
1557 1146 1614 1180 τε
1634 1127 1725 1181 καὶ
1744 1128 1963 1199 παιδεία

275 1204 613 1274 διαφέροντα
627 1225 639 1236 ·
687 1202 779 1259 διὰ
813 1209 986 1258 ταῦτα
1024 1204 1084 1259 δὲ
1118 1203 1316 1274 ἀρετῆς
1355 1204 1539 1275 φαμὲν
1576 1210 1795 1263 δεῖσθαι
1833 1206 1964 1272 τοὺς

271 1284 489 1341 τούτων
506 1286 715 1358 κριτάς,
733 1285 818 1342 ὅτι
837 1291 935 1357 τῆς
951 1307 1010 1342 τε
1029 1285 1197 1357 ἄλλης
1208 1287 1476 1358 μετόχους
1494 1286 1701 1353 αὐτοὺς
1718 1289 1859 1345 εἶναι
1881 1294 1966 1347 δεῖ

274 1369 600 1440 φρονήσεως
617 1372 709 1425 καὶ
738 1368 804 1441 δὴ
827 1372 918 1425 καὶ
935 1377 1031 1441 τῆς
1059 1369 1328 1442 ἀνδρείας.
1371 1368 1502 1426 οὔτε
1520 1369 1627 1442 γὰρ
1649 1369 1800 1442 παρὰ
1819 1373 1961 1427 θεά-

270 1474 409 1522 τρου
446 1456 535 1508 δεῖ·
558 1453 660 1509 τόν
686 1475 750 1523 γε
778 1451 967 1525 ἀληθῆ
993 1475 1188 1524 κριτην
1214 1458 1427 1524 κρίνειν
1461 1452 1832 1524 μανθάνοντα
1869 1457 1961 1510 καὶ

270 1533 731 1605 ἐκπληττόμενον
743 1532 853 1590 ὑπὸ
883 1534 1143 1606 θορύβου
1161 1541 1275 1590 τῶν
1298 1540 1522 1590 πολλῶν
1549 1536 1640 1590 καὶ
1667 1540 1764 1606 τῆς
1785 1534 1959 1591 αὐτοῦ

272 1613 647 1686 ἀπαιδευσίας,
669 1614 789 1672 οὔτ’
812 1620 884 1672 αὐ
905 1619 1287 1705 γιγνώσκοντα
1307 1614 1384 1673 δι’
1406 1615 1715 1687 ἀνανδρίαν
1734 1620 1826 1674 καὶ
1845 1623 1959 1674 δει-

271 1697 398 1751 λίαν
420 1699 481 1753 ἐκ
503 1695 712 1753 ταύτοῦ
731 1698 1000 1769 στόματος
1031 1694 1205 1769 οὗπερ
1234 1719 1368 1763 τους
1389 1697 1563 1763 θεοὺς
1593 1700 1956 1756 ἐπεκαλέσατο

210 1784 243 1824 Β
273 1783 488 1850 μέλλων
506 1787 734 1851 κρίνειν,
748 1783 808 1836 ἐκ
826 1782 1033 1836 τούτου
1049 1781 1402 1851 ψευδόμενον
1419 1777 1836 1851 ἀποφαίνεσθαι
1854 1785 1958 1855 ῥᾳ-

269 1861 470 1931 θύμως
487 1860 591 1933 τὴν
608 1868 792 1933 κρίσιν
810 1885 820 1895 ·
859 1862 928 1918 οὐ
955 1862 1064 1934 γὰρ
1085 1862 1336 1935 μαθητὴς
1355 1861 1492 1918 ἄλλα
1512 1862 1918 1932 διδάσκαλος,
1883 1862 1958 1928 ῶς

269 1964 333 2014 γε
357 1943 418 1998 τὸ
442 1946 676 2014 δίκαιον,
696 1951 919 2000 θεατῶν
938 1951 1151 2015 μᾶλλον
1171 1943 1198 2000 ὃ
1221 1944 1410 2015 κριτὴς
1428 1946 1772 2016 καθίζει,-καὶ
1791 1949 1956 2000 ἐναν-

269 2024 604 2096 τιωσόμενος
621 2037 733 2091 τοῖς
750 2024 854 2097 τὴν
870 2023 1082 2097 ἡδονὴν
1101 2024 1174 2097 μὴ
1205 2025 1595 2099 προσηκόντως
1614 2027 1750 2096 μηδὲ
1769 2023 1958 2096 ὀρθῶς
1974 2035 1976 2070 3

272 2104 604 2162 ἀποδιδοῦσι
627 2116 868 2173 θεαταῖς.
901 2110 1032 2179 ἐξῆν
1050 2107 1159 2178 γὰρ
1181 2107 1249 2179 δὴ
1277 2113 1357 2182 τῷ
1387 2113 1602 2176 παλαιῷ
1629 2129 1688 2162 τε
1716 2110 1809 2162 καὶ
1832 2103 1957 2162 Ἑλ·-

269 2192 480 2260 ληνικῶ
499 2188 682 2262 νόμῳ·
719 2188 866 2244 *οὐ*
894 2190 1152 2261 καθάπερ
1181 2187 1211 2245 ὁ
1240 2188 1532 2253 Σικελικός
1557 2209 1616 2243 τε
1643 2189 1736 2244 καὶ
1764 2188 1973 2242 Ἰταλι-1

268 2267 368 2333 κὸς
402 2269 573 2341 νόμος
608 2275 734 2339 νῦν,
772 2277 851 2325 τῶ
876 2271 1083 2342 πλήθει
1117 2276 1236 2325 τῶν
1268 2275 1493 2325 θεατῶν
1528 2271 1835 2337 ἐπιτρέπων
1862 2267 1956 2322 καὶ

269 2350 370 2407 τὸν
388 2357 633 2407 νικῶντα
653 2356 954 2421 διακρίνων
969 2357 1344 2450 χειροτονίαις,
1377 2353 1684 2420 διέφθαρκε
1703 2350 1806 2420 μὲν
1823 2369 1955 2412 τους
1971 2413 1976 2425 ,

211 2448 242 2490 G
272 2454 505 2505 ποιητας
521 2432 748 2499 αὐτούς·
769 2432 909 2505 πρὸς
925 2455 1032 2504 γαρ
1051 2433 1153 2505 τὴν
1172 2438 1286 2488 τῶν
1303 2438 1512 2503 κριτῶν
1527 2427 1739 2502 ἡδονὴν
1757 2436 1955 2486 ποιοῦ·
1975 2464 1976 2503 3

269 2531 360 2594 σιν
378 2516 556 2571 οὖσαν
576 2515 817 2587 φαύλην,
845 2513 983 2571 ῶστε
1003 2515 1163 2570 αὐτοὶ
1180 2511 1386 2578 αὐτοὺς
1418 2517 1474 2568 οι
1496 2514 1692 2569 θεαταὶ
1721 2510 1969 2567 παιδεύ-

268 2589 420 2653 ουσι
448 2601 756 2668 διέφθαρκε
776 2597 829 2653 δ’
849 2594 1029 2653 αὐτοῦ
1045 2602 1146 2653 τοῦ
1164 2596 1412 2664 θεάτρου
1431 2593 1527 2659 τὰς
1550 2591 1784 2665 ηδονας·
1824 2594 1968 2649 δέον

266 2677 376 2752 γὰρ
394 2701 601 2745 αυτους
619 2678 703 2735 ἀεὶ
721 2684 917 2753 βελτίω
930 2686 1046 2735 τῶν
1058 2677 1244 2735 αὐτῶν
1255 2677 1419 2749 ηθῶν
1431 2675 1740 2739 ακούοντας
1755 2678 1966 2766 βελτίωι

265 2765 371 2836 τὴν
388 2761 600 2837 ἡδονὴν
620 2770 808 2834 ἴσχειν,
821 2769 929 2818 νῦν
946 2761 1131 2827 αὐτοῖς
1145 2765 1318 2834 δρῶσι
1335 2765 1448 2815 πᾶν
1466 2756 1794 2815 τούναντίον
1813 2758 1966 2845 ξυμ-ς
