1976 3172
707 66 1027 116 Nommv
1061 59 1141 129 ιβ’.
1652 60 1756 112 405

212 208 332 260 ΚΛ.
360 206 577 270 Καλῶς,
608 221 652 255 ω
683 203 820 269 ξένε,
849 198 1047 267 λέγεις·
1085 196 1225 269 πρὸς
1250 196 1282 252 ὅ
1312 218 1364 252 τι
1394 194 1453 252 δὲ
1470 195 1532 252 τὸ
1552 201 1663 252 νῦν
1683 188 1758 251 αὖ

68 286 248 356 ῥηθὲν
269 291 496 354 εἴρηται,
515 278 681 353 φράζ’
706 285 787 337 ἔτι
808 280 1166 349 σαφέστερον.

208 369 268 421 Χ.
314 370 433 420 ΑΘ.
474 355 540 418 Ὦ
570 367 817 429 Κλεινία,
850 357 1028 415 πολλὰ
1065 365 1178 416 τῶν
1215 363 1534 447 ἔμπροσθεν
1572 362 1756 422 καλως

67 445 326 518 ὕμνηται,
339 443 547 515 σχεδόν
577 442 639 499 δὲ
665 440 767 512 οὐχ
791 438 990 512 ἥκιστα
1014 439 1082 497 τὰ
1114 446 1227 497 τῶν
1246 437 1488 507 Μοιρῶν
1506 439 1760 511 προσρή-

66 548 225 597 ματα.

211 611 328 662 KA.
364 612 508 660 Ποῖα
528 604 626 675 ⁶⁹5³

206 693 324 743 ΛΘ.
365 684 443 752 T6
465 683 709 755 Λάχεσιν
738 680 840 754 μὲν
868 680 972 752 τὴν
1001 681 1225 752 πρώτην
1253 679 1411 751 εἶναι,
1440 662 1665 736 Κλωθω
1697 681 1757 735 δὲ·

65 767 169 839 τὴν
188 768 471 836 δευτέραν,
486 786 590 836 την
610 763 889 833 ’Ἀτροπον
909 761 969 817 δὲ
987 766 1194 833 τρίτην,
1219 761 1488 831 σώτειραν
1515 781 1630 817 των
1660 767 1756 816 λε-

63 850 333 919 χθέντων,
353 843 726 915 ἀπεικασμένα
746 847 815 915 τῇ
832 862 946 898 των
962 845 1333 899 κλωσθέντων
1364 846 1624 915 σωτηρίᾳ,
1654 839 1756 912 τὴν

64 919 488 1002 ἀμετάστροφον
505 926 919 997 ἀπεργαζομένη
937 923 1198 996 δύναμιν·
1221 922 1258 980 ἃ
1286 923 1353 996 δὴ
1373 927 1465 981 καὶ
1482 923 1641 980 πόλει
1659 923 1750 983 καὶ
1777 938 1812 979 D

65 1017 311 1082 πολιτείᾳ
329 1013 417 1065 δεῖ
430 1006 502 1079 μὴ
528 1007 707 1079 μόνον
734 1004 951 1077 ὑγίειαν
974 1007 1067 1062 καὶ
1090 1011 1367 1078 σωτηρίαν
1394 1017 1508 1072 τοῖς
1537 1005 1755 1076 στόμασι

65 1091 524 1163 παρασκευάζειν,
556 1089 696 1146 ἀλλὰ
724 1090 816 1145 καὶ
844 1086 1114 1159 εὐνομίαν
1141 1090 1202 1144 έν
1217 1099 1335 1154 ταῖς
1366 1098 1584 1159 ψυχαῖς,
1610 1093 1753 1159 μᾶλ-

63 1180 167 1229 λον
197 1172 258 1228 δὲ
279 1175 557 1243 σωτηρίαν
585 1175 700 1226 τῶν
727 1169 931 1241 νόμων.
966 1166 1102 1240 ἡμῖν
1130 1167 1185 1224 δ’
1222 1172 1302 1225 ἔτι
1327 1190 1423 1240 μοι
1452 1174 1756 1246 φαίνεσθαι

65 1258 219 1310 δοκεῖ
234 1250 391 1310 τοῦτ’
417 1254 671 1309 ἐλλεῖπον
688 1261 802 1316 τοῖς
820 1250 1012 1321 νόμοις
1031 1247 1189 1320 εἶναι,
1208 1257 1324 1316 πῶς
1350 1248 1453 1322 χρὴ
1485 1248 1589 1322 τὴν
1619 1248 1755 1322 ἀμεγ-
1816 1253 1825 1256 ”

0 1374 1 1380 =
61 1336 384 1406 τάστροφον
402 1332 589 1398 αὐτοῖς
605 1336 965 1403 ἐγγίγνεσθαι
980 1331 1119 1387 κατὰ
1145 1331 1320 1402 φύσιν
1342 1333 1600 1404 δύναμιν.

203 1421 324 1474 ΚΛ.
365 1413 453 1472 Οὐ
475 1411 717 1485 σμικρὰν
733 1414 926 1483 λέγεις,
946 1419 1101 1482 εἴπερ
1129 1415 1242 1468 ἐστὶ
1270 1415 1363 1469 καὶ
1383 1414 1631 1471 δυνατὸν
1661 1411 1756 1470 εὑ-
1819 1427 1823 1430 ’

19 1563 27 1573 .
65 1508 200 1568 ρεῖν,
222 1495 334 1568 ὅπῃ
351 1491 637 1567 γίγνοιτ’”
599 1516 673 1550 αν
687 1495 852 1561 παντὶ
869 1493 1100 1565 κτήματι
1117 1496 1180 1551 τὸ
1199 1492 1471 1551 τοιοῦτον.

209 1583 323 1634 Λᾶ
358 1575 502 1633 ”Αλλ
524 1580 638 1632 ἔστι
654 1574 766 1647 μὴν
785 1574 1114 1647 δυνατόν,”
1070 1597 1143 1641 ως
1169 1579 1236 1646 γέ
1261 1597 1356 1647 μοι
1383 1575 1450 1632 τὰ
1473 1582 1583 1633 νῦν
1611 1597 1755 1634 ποιν-
1787 1602 1818 1641 1⁴:

67 1655 271 1715 τάπασι
288 1663 699 1729 καταφαίνεται.

205 1745 324 1796 KA.
363 1740 465 1811 Μὴ
484 1743 678 1796 τοίνυν
696 1736 1064 1811 ἀφιστώμεθα
1081 1741 1276 1810 μηδενὶ
1305 1738 1513 1816 τρόπῳ,
1533 1743 1666 1811 πρὶν
1684 1737 1756 1797 ἀν

65 1818 218 1875 τοῦτ’
241 1817 379 1875 αὐτὸ
398 1820 826 1891 ἐκπορισώμεθα
845 1831 959 1895 τοῖς
977 1823 1282 1891 εἰρημένοις
1303 1821 1494 1892 νόμοις
1507 1828 1756 1892 ·,γελοῖον

66 1901 175 1972 γάρ
192 1902 256 1958 τό
275 1923 341 1973 γε
357 1903 539 1975 μάτην
556 1904 879 1975 πονήσαντα
907 1900 1099 1959 ὁτιοῦν
1118 1906 1194 1968 είς
1212 1901 1386 1974 μηδὲν
1403 1906 1632 1975 βέβαιον
1650 1925 1756 1960 κα-

66 1987 341 2053 ταβαλεῖν.

207 2070 325 2121 ΑΘ.
361 2062 573 2135 Ὀρθῶς
591 2067 973 2137 παρακελεύει,
1000 2070 1090 2124 καὶ
1112 2069 1204 2138 ἐμὲ
1220 2072 1476 2124 τοιοῦτον
1506 2065 1757 2139 εὑρήσεις

0 2150 10 2166 “
65 2143 253 2202 ἄλλον.

207 2232 323 2284 ΚΛ.
361 2233 561 2294 Καλῶς
598 2227 665 2300 δὴ
703 2232 892 2300 λέγεις.
947 2235 1028 2295 τίς
1063 2224 1173 2287 οὖν
1209 2230 1305 2303 δή,
1343 2228 1479 2304 φῄς,
1514 2235 1755 2302 σωτηρία

63 2307 289 2378 γίγνοιτ’
322 2306 395 2364 ἀν
427 2312 519 2365 καὶ
547 2315 671 2366 τίνα
704 2309 913 2382 τρόπον
938 2316 1184 2385 πολιτεία
1212 2331 1272 2368 τε
1299 2311 1393 2368 καὶ
1420 2322 1532 2376 τοῖς
1563 2310 1756 2383 νόμοις

62 2386 223 2459 ἡμτνε

208 2475 324 2526 ΑΘ.
355 2463 471 2540 'Ao'
494 2469 613 2530 οὐκ
631 2472 938 2546 εἶπομεν,”
905 2496 992 2531 οτι
1016 2478 1104 2532 δεῖ
1127 2448 1405 2545 σύλλογον
1434 2471 1566 2545 ἡμῖν
1596 2476 1658 2528 έν
1688 2477 1754 2544 τῇ
1783 2492 1868 2539 961

66 2551 226 2606 πόλει
253 2559 553 2625 γίγνεσθαι
571 2551 789 2612 τοιόνδε
813 2555 967 2622 τινάς
1002 2559 1135 2613 δέκα
1162 2557 1266 2627 μὲν
1284 2562 1398 2611 ταῖν
1423 2554 1755 2633 νομοφυλά-

66 2653 183 2688 κων
202 2629 333 2697 τοὺς
348 2636 762 2706 πρεσβυτάτους
779 2635 883 2708 ἀεί,
903 2635 1035 2703 τούς
1063 2637 1124 2694 δὲ
1150 2634 1430 2707 τάριστεῖα
1459 2635 1756 2709 εἰληφότας

67 2711 316 2780 ἅπαντας
334 2716 455 2770 δεῖν
471 2718 547 2782 εἰς
562 2714 731 2776 ταύτὸ
753 2721 1124 2789 συλλέγεσθαι
1153 2717 1391 2783 τούτοις·
1428 2721 1506 2774 ἔτι
1537 2715 1597 2774 δὲ
1624 2738 1757 2784 τους
