1976 3172
716 91 1026 141 ΝΟΜΩΝ
1057 87 1139 140 ια’.
1506 138 1509 141 .
1651 91 1770 144 355

63 233 253 285 καλῶν
269 225 583 297 ἐπόμνυσιν
599 227 663 281 έν
690 236 804 291 τοῖς
818 229 934 281 τοῖν
952 222 1324 297 ἀγορανόμων
1342 226 1571 300 νόμοισί
1590 249 1649 284 τε
1668 229 1762 286 καὶ

64 312 481 382 φυλακτηρίοις,
514 304 644 364 οὔτε
678 304 1021 376 ἀνθρώπους
1056 307 1391 379 αἰδούμενος
1429 330 1558 366 ουτε
1587 307 1762 376 θεοὺς

63 390 381 489 σεβόμενος.
420 387 646 454 πάντως
664 386 770 461 μὲν
790 387 860 459 δη
879 386 1056 444 καλὸν
1074 389 1413 462 ἐπιτήδευμα
1441 398 1600 447 θεων
1628 388 1763 449 ὀνό-

59 495 208 545 ματα
239 470 314 545 μὴ
343 476 593 544 χραίνειν
622 473 844 544 ῥᾳδίως,
873 473 1065 540 ἔχοντα
1093 467 1168 536 ὥς
1192 474 1418 542 ἔχουσιν
1440 469 1603 544 ἡμων
1632 471 1764 529 ἑκά-

61 571 221 613 στοτε
245 554 312 612 τά
332 553 511 611 πολλὰ
531 554 591 610 οἰ
602 557 847 609 πλεῖστοι
861 548 1247 623 καθαρότητός
1263 572 1322 608 τε
1339 551 1433 609 καὶ
1451 549 1677 624 ἁγνείας
1695 550 1762 607 τά

59 639 188 709 περὶ
205 638 339 703 τοὺς
353 635 554 701 θεούς·
591 637 644 691 εί
661 629 715 690 δ’
737 654 846 690 ουν
864 631 938 705 μὴ
960 637 1233 705 πείθοιτο,
1252 632 1351 690 ὅδε
1370 631 1567 706 νόμος·
1602 631 1632 689 6
1652 653 1762 689 πω-

58 724 178 775 λῶν
212 715 405 775 ὁτιοῦν
439 718 505 774 έν
539 713 723 789 ἀγορᾷ
759 718 1035 787 μηδέποτε
1069 715 1175 772 δύο
1214 723 1341 789 εἴπῃ
1378 713 1539 787 τιμάς
1571 706 1653 773 ὦν
1690 711 1766 772 ἂν

57 805 235 874 πωλῇ,
254 796 440 871 ἁπλῆν
459 798 522 855 δὲ
539 798 677 855 εἰποό
682 820 732 867 ν,
751 818 826 853 αν
844 797 918 869 μὴ
939 798 1188 869 τυγχάνῃ
1212 798 1433 871 ταύτης,
1454 794 1762 870 ἀποφέρων
1792 813 1823 856 c

57 878 252 953 όρθως
278 877 353 939 α”ν
381 878 659 950 ἀποφέροι
689 879 862 936 πάλιν
895 881 988 935 καὶ
1015 878 1220 951 ταύτης
1237 884 1336 951 τῆς
1357 876 1563 952 ἡμέρας
1581 876 1659 952 μὴ
1678 899 1789 936 τι·

56 964 207 1037 μήσῃ
221 963 459 1029 πλέονος
487 963 626 1034 μηδὲ
652 961 971 1027 ἐλάττονος·
1009 964 1235 1028 ἔπαινος
1255 963 1317 1018 δὲ
1346 959 1517 1032 ὅρκος
1544 982 1605 1019 τε
1633 961 1762 1034 περὶ

59 1044 268 1113 παντὸς
284 1050 390 1102 τοῦ
407 1045 780 1115 πωλουμένου
798 1042 1030 1101 ἀπέστω.
1069 1042 1174 1102 ἐὰν
1192 1046 1257 1100 δέ
1274 1065 1355 1111 τις
1382 1040 1597 1118 ἀπειθῇ
1624 1043 1762 1101 τού-

55 1150 188 1198 τοις,
202 1125 233 1185 ὁ
252 1125 703 1199 παρατυγχάνων
720 1133 836 1185 τῶν
847 1125 1050 1198 ἀστῶν,
1071 1125 1145 1200 μὴ
1158 1130 1387 1184 ἔλαττον
1403 1122 1442 1199 ἢ
1459 1126 1763 1199 τριάκοντα

55 1208 303 1282 γεγονώς
320 1213 432 1281 ἔτη,
446 1209 700 1276 κολάζων
709 1210 814 1281 μὲν
825 1210 924 1267 τὸν
939 1207 1196 1282 ὀμνύντα
1215 1205 1379 1267 ἀνατὶ
1395 1212 1644 1267 τυπτέτω
1662 1230 1760 1279 τις,

56 1292 449 1363 ἀφροντιστῶν
478 1292 540 1347 δὲ
565 1292 658 1347 καὶ
680 1288 940 1348 ἀπενθεὸν
967 1296 1159 1363 ἔνοχος
1189 1297 1330 1348 ἔστω
1360 1291 1519 1366 ψόγῳ
1549 1293 1761 1362 προδο-

54 1379 178 1440 σίας
195 1379 309 1431 τῶν
326 1374 545 1445 νόμων
583 1370 687 1428 τὸν
705 1371 765 1428 δὲ
786 1370 855 1444 δὴ
874 1373 1147 1445 κίβδηλόν
1163 1395 1216 1429 τι
1236 1380 1533 1429 πωλοῦντα
1562 1374 1655 1430 καὶ
1682 1371 1758 1445 μὴ

55 1457 378 1530 δυνάμενον
407 1467 521 1522 τοῖς
551 1461 662 1513 νῦν
695 1459 1001 1512 πείθεσθαι
1035 1453 1224 1527 λόγοις
1258 1452 1288 1512 6
1318 1454 1759 1528 προστυγχάνων
1790 1465 1826 1506 D

58 1547 175 1598 τῶν
193 1540 647 1612 γιγνωσκόντων,
661 1540 899 1606 δυνατὸς
919 1535 1002 1596 ἄν
1012 1541 1328 1612 ἐξελέγχειν,
1339 1542 1599 1598 ἐναντίον
1614 1543 1759 1613 έλέγ-

57 1626 155 1691 ξας
173 1629 288 1680 τῶν
313 1620 626 1694 ἀρχόντων,
653 1617 684 1676 6
713 1621 818 1692 μὲν
848 1625 1049 1687 δοῦλος
1071 1625 1337 1694 φερέσθω
1368 1619 1432 1680 τὰ
1461 1627 1761 1696 κιβδηλευ-

56 1706 167 1763 θὲν
185 1706 278 1762 καὶ
297 1702 327 1762 6
346 1707 616 1776 μέτοικος,
634 1699 665 1760 ὁ
693 1702 754 1759 δὲ
768 1707 996 1776 πολίτης
1012 1702 1088 1776 μὴ
1116 1706 1355 1777 ἐλέγχων
1379 1705 1484 1778 μὲν
1513 1704 1589 1772 οὕς
1616 1703 1760 1765 ἀπο·-

56 1791 273 1859 στεροῖν
305 1785 438 1852 τοῦς
459 1785 634 1851 θεοὺς
666 1782 843 1852 κακὸς
870 1784 1251 1858 ἀγορευέσθω,
1279 1789 1500 1859 ἐλέγξας
1528 1791 1590 1845 δὲ
1619 1789 1760 1846 ἀνα-

53 1870 336 1938 θέτωτοτς
357 1865 463 1941 τὴν
479 1866 698 1940 ἀγοράν
717 1872 907 1940 ἔχουσι
933 1876 1105 1935 θεοῖς.
1144 1867 1174 1927 6
1205 1870 1265 1928 δὲ
1294 1868 1362 1943 δὴ
1391 1870 1638 1942 φανερὸς
1664 1892 1759 1944 γε·

56 1950 296 2024 νόμενός
313 1972 367 2008 τι
387 1957 595 2008 πωλῶν
612 1958 889 2022 τοιοῦτον,
911 1950 1052 2021 πρὸς
1070 1958 1148 2026 τῷ
1176 1960 1521 2026 στερηθῆναι
1540 1959 1643 2012 τοῦ
1671 1977 1759 2011 κι·

54 2036 485 2108 βδηλευθέντος,
518 2031 730 2107 ὁπόσης
759 2030 833 2089 ἂν
859 2040 1019 2106 τιμῆς
1042 2032 1254 2108 ἀξιώσῃ
1279 2034 1343 2092 τὸ
1371 2035 1758 2112 πωλούμενον,

54 2116 198 2173 κατὰ
217 2114 472 2188 δραχμὴν
492 2114 735 2187 ἑκάστην
751 2123 819 2188 τῇ
836 2115 1060 2187 μάστιγι
1088 2118 1385 2175 τυπτέσθω
1410 2117 1625 2190 πληγὰς
1642 2117 1753 2176 ὑπὸ
1782 2130 1817 2172 Ε

57 2199 303 2271 κήρυκος
321 2201 385 2256 ἐν
402 2205 471 2272 τῇ
485 2197 685 2272 ἀγορᾷ,
707 2201 1052 2271 κηρύξαντος
1073 2194 1156 2258 ὦν
1172 2203 1338 2259 ἕνεκα
1354 2203 1538 2275 μέλλει
1554 2202 1759 2260 τύπτε-

56 2288 208 2338 σθαι.
228 2277 296 2337 τά
316 2284 374 2338 δὲ
390 2280 805 2354 κιβδηλεύματά
824 2302 882 2338 τε
899 2283 991 2339 καὶ
1009 2288 1346 2356 κακουργίας
1363 2291 1478 2342 τῶν
1494 2286 1759 2343 πωλούν-

0 2358 7 2403 ἷ
53 2383 169 2420 των
205 2365 265 2419 οἵ
290 2382 349 2418 τε
386 2359 733 2435 ἀγορανόμοι
764 2365 859 2420 καὶ
899 2366 958 2420 ol
994 2366 1402 2438 νομοφύλακες,
1439 2368 1759 2441 πυθόμενοι

57 2446 173 2499 ταῖν
191 2446 468 2517 ἐμπείρων
486 2445 614 2518 περὶ
637 2446 860 2516 ἕκαστα,
881 2442 1333 2519 ἀναγραψάντων
1358 2446 1396 2504 ὂὶ
1418 2470 1478 2505 τε
1496 2448 1599 2520 χρὴ
1629 2468 1757 2505 ποι-

60 2534 145 2580 εῖν
162 2522 262 2580 τὸν
279 2532 578 2586 πωλοῦντα
597 2530 691 2586 καὶ
709 2526 746 2585 ἃ
765 2529 861 2601 μκή,
880 2531 973 2585 καὶ
993 2528 1211 2601 πρόσθε
1242 2534 1346 2586 τοῦ
1375 2528 1758 2602 ἀγορανομίου

57 2606 282 2662 θέντων
312 2608 374 2663 ἐν
400 2608 572 2684 στήλῃ
597 2609 910 2682 γράψαντες
941 2610 1154 2681 νόμους
1188 2609 1330 2666 εἶναι
1357 2622 1471 2677 τοῖς
1497 2614 1625 2681 περὶ
1653 2610 1758 2684 τὴν

59 2692 157 2758 τῆς
175 2688 383 2759 ἀγορᾶς
399 2696 589 2765 χρείαν
603 2692 853 2765 μηνυτὰς
872 2702 1083 2762 σαφεῖς.
1120 2688 1187 2747 τά
1207 2693 1270 2748 δὲ
1286 2693 1410 2763 περὶ
1438 2699 1552 2749 τῶν
1579 2692 1753 2750 ἀστυ-
1782 2700 1875 2751 918

59 2772 256 2842 νόμων
273 2773 336 2829 έν
364 2783 480 2839 τοῖς
498 2774 751 2844 πρόσθεν
771 2778 978 2840 [κανῶς
1006 2781 1240 2846 εἴρηται·
1281 2773 1379 2831 ἐὰν
1390 2777 1475 2878 *6⁸¹
1499 2797 1552 2832 τι
1582 2797 1754 2850 προς-

1315 2857 1372 2901 23
