1976 3172
711 114 1029 163 ΝΟΜΩΝ
1059 107 1120 176 β’.
1215 180 1223 187 ι
1685 103 1786 163 49’

67 253 198 318 τοὺς
215 252 316 309 τὸν
334 250 579 323 ἥδιστον,
592 246 798 311 ἄτοπος
809 243 998 302 αὐτῶν
1016 243 1045 302 ὁ
1066 246 1235 316 λόγος
1250 243 1324 302 ἂν
1340 255 1602 318 γίγνοιτο.
1626 248 1757 321 βού·

67 342 235 405 λομαι
249 336 312 390 δέ
326 353 423 404 μοι
439 329 515 402 μὴ
534 331 623 385 ἐπὶ
651 334 807 385 θεῶν
826 329 1090 398 λέγεσθαι
1118 324 1180 382 τὸ
1210 334 1486 398 τοιοῦτον,
1516 328 1639 386 ἀλλ’
1669 333 1759 387 ἐπὶ

67 418 322 484 πατέρων
346 414 441 482 καὶ
467 416 794 482 νομσθετῶν
821 414 1062 481 μᾶλλον·
1099 412 1197 465 καί
1219 430 1313 480 μοι
1342 406 1408 465 τὰ
1437 413 1760 482 ἔμπροσθεν

65 495 394 568 ἠρωτημένα
413 494 621 563 πατέρα
640 513 700 547 τε
718 492 810 548 καὶ
827 494 1146 565 νομοθέτην
1171 489 1504 563 ἠρωτήσθω,
1535 488 1565 547 6
1596 491 1651 547 δ’
1681 497 1827 549 εί-Ε.

67 580 231 647 πέτω,
255 597 332 640 ως
348 571 379 630 ὁ
400 578 510 641 ζων
527 571 630 630 τὸν
647 572 878 645 ἥδιστον
896 579 1024 645 βίον
1042 574 1156 630 ἐστὶ
1176 574 1616 645 μακαριώτατος·
1646 571 1760 630 εἶτα

66 657 202 730 μετὰ
220 663 395 713 ταῦτα
413 653 580 726 ἔγωγ’
604 678 679 712 αν
706 660 914 727 φαίην·
942 679 986 712 ω
1009 655 1202 728 πάτερ,
1227 654 1330 727 οὐχ
1348 678 1423 722 ως
1441 653 1760 727 εὐδαιμονέ-

66 739 237 797 στατά
278 760 346 811 με
380 738 623 810 ἐβούλου
656 742 787 811 {qim
823 736 947 795 ἀλλ’
987 735 1074 795 ἀεὶ
1108 737 1564 809 διακελευόμενος
1592 734 1762 794 οὐδὲν

67 821 282 878 ἐπαύου
301 825 402 894 ζῇν
418 842 486 891 με
505 818 580 886 ὦς
598 818 932 877 δικαιότατα.
980 819 1156 894 ταύτῃ
1174 819 1278 893 μὲν
1297 813 1403 878 οὖν
1419 818 1450 878 ὁ
1472 822 1763 892 τιθέμενος

67 911 176 960 εἴτε
209 904 520 975 νομοθέτης
547 910 657 960 εἴτε
692 900 874 974 πατὴρ
912 900 1116 970 ἄτοπος
1143 899 1218 960 ὄὶν
1243 901 1394 975 οἶμαι
1423 906 1515 961 καὶ
1553 903 1763 975 ἄπορος

68 989 322 1056 φαίνοιτο
342 990 445 1042 τοῦ
474 979 923 1057 ξυμφωνούντως
949 986 1144 1059 ἑαυτῷ.
1157 988 1364 1056 λέγειν·
1401 991 1453 1042 εἰ
1479 982 1530 1041 δ’
1562 978 1636 1040 αὖ
1662 986 1764 1041 τὸν

70 1063 423 1123 δικαιότατον
441 1066 940 1141 εὐδαιμονέστατον
956 1064 1324 1138 αποφαίνοιτο
1345 1074 1481 1146 βίον
1486 1067 1646 1139 εἶναι,
1670 1072 1764 1139 ζη-

68 1157 159 1202 τοτ
173 1167 285 1202 που
303 1153 410 1213 πᾶς
429 1169 503 1203 αν
532 1144 562 1203 ὁ
593 1146 836 1219 ἀκούων,
870 1146 1037 1220 οἶμαι,
1063 1153 1122 1205 τί
1143 1169 1248 1205 ποτ
1258 1148 1362 1206 ’έν
1397 1148 1549 1224 αὐτῷ
1576 1148 1638 1206 τὸ
1668 1155 1764 1220 τῆς

69 1225 276 1300 ἡδονῆς
290 1239 543 1300 κρεῖττον
560 1220 787 1297 ἆγαθόν
803 1251 861 1284 τε
882 1232 976 1285 καὶ
991 1229 1170 1286 καλὸν
1195 1229 1226 1286 ὁ
1255 1231 1428 1331 νόμός
1445 1205 1578 1288 ένδν
1603 1234 1759 1287 έπαι-
1793 1244 1879 1291 663
1946 1287 1959 1295 ,

0 1360 2 1381 ³
68 1319 165 1365 νεῖ.
201 1314 261 1363 τί
270 1307 379 1378 γὰρ
408 1306 476 1379 δὴ
510 1311 705 1382 δικαίῳ
730 1311 1102 1382 χωριζόμενον
1118 1310 1323 1382 ἡδονῆς
1341 1311 1621 1383 ἀγαθὸν”
1585 1337 1658 1371 αν
1675 1320 1764 1386 γί-

0 1519 4 1620 r

67 1409 287 1460 γνοιτο,
313 1392 468 1460 φέρε,
485 1391 645 1455 κλέος
663 1411 722 1446 τε
739 1393 832 1446 καὶ
850 1395 1077 1457 ἔπαινος
1094 1393 1235 1463 πρὸς
1252 1390 1577 1462 ἀνθρώπων
1595 1417 1653 1451 τε
1673 1398 1765 1452 καὶ

64 1476 222 1526 θεων
240 1463 333 1541 ἆρ’
356 1471 507 1528 ἐστὶν
526 1469 751 1543 ἆγαθόν
769 1472 873 1543 μὲν
888 1474 980 1530 καὶ
998 1472 1191 1546 καλόν,
1211 1471 1377 1547 αηδὲς
1396 1477 1476 1547 δέ,
1501 1475 1765 1534 δύσκλεια

68 1549 503 1621 δὲἾτᾶναντίας”
463 1571 680 1627 ηκιστα,
702 1577 747 1612 ω
730 1547 893 1627 φίλε
910 1560 1211 1629 νομοθέτα,
1233 1555 1502 1630 φήσομεν
1539 1557 1682 1616 ἀλλὰ
1698 1560 1761 1616 τὸ

0 1642 2 1655 “
66 1656 202 1736 μητε
227 1632 355 1693 τινὰ
380 1634 592 1694 ἀδικεῖν
620 1637 757 1710 μήτε
783 1636 896 1698 ὑπό
924 1660 1075 1707 τινος
1103 1638 1421 1698 ἀδικεῖσθαι
1449 1664 1573 1714 μων
1600 1641 1765 1715 ἀηδὲς

0 1710 4 1821 Ι

0 2027 3 2118 f
69 2046 287 2101 δίκαιον
312 2047 407 2103 καὶ
442 2044 671 2147 ἀγαθόν
696 2071 755 2107 τε
793 2052 886 2107 καὶ
919 2051 1093 2109 καλὸν
1123 2054 1366 2120 πιθανός
1392 2051 1471 2126 γ’,
1502 2059 1553 2111 εί
1583 2056 1758 2127 μηδὲν
1789 2072 1822 2113 Β

68 1718 189 1786 μέν,
215 1715 439 1788 ἀγαθὰν
458 1715 575 1775 δὲ’“
538 1742 574 1790 η
600 1719 793 1793 καλόν,
813 1719 880 1777 τὰ
900 1718 954 1778 δ’
984 1722 1144 1794 ἕτερα
1170 1719 1305 1796 ἡδέα
1332 1726 1454 1797 μέν,
1484 1723 1682 1799 αἰσχροὶ
1703 1725 1763 1784 δε

0 1838 3 1849 ,
68 1798 351 1868 καὶκακα;

208 1886 331 1936 ΚΛ.
366 1884 481 1943 Καὶ
508 1887 654 1950 πῶς,

208 1965 338 2019 vm.
357 1972 478 2022 ΑΘ.
513 1964 787 2024 Οὐκοῦνὸ
805 1968 910 2040 μὲν
927 1991 1003 2043 μη
1021 1975 1268 2043 χωρίζων
1286 1971 1453 2043 λόγος
1469 1970 1578 2045 ἡδύ
1596 1994 1655 2029 τε
1671 1976 1764 2030 καὶ

0 2122 3 2187 ἕ
68 2126 279 2197 ἓτερον,
309 2126 449 2196 πρὸς
476 2129 541 2185 τό
578 2151 703 2187 τινα
731 2133 947 2189 ἐθέλειν
974 2138 1072 2206 ζῇν
1100 2131 1202 2190 τὸν
1238 2133 1396 2193 ὅσιον
1427 2138 1520 2193 καὶ
1546 2140 1762 2194 δίκαιον

0 2222 2 2226 ’
67 2212 211 2279 βίον,
242 2205 383 2267 ωστι
402 2212 684 2284 νομοθέτῃ
704 2234 769 2284 γε
796 2221 1072 2287 αἴσχιστος
1091 2216 1279 2287 λόγων
1307 2219 1401 2274 καὶ
1427 2219 1763 2276 ἐναντιώτα-

0 2325 3 2344 ,
66 2310 178 2359 τος,
206 2287 269 2355 ὃς
285 2285 452 2363 ανμὴ
473 2298 557 2364 φῇ
572 2300 746 2350 ταῦτα
772 2317 953 2363 ουτως
982 2301 1151 2370 ἔχειν·
1172 2300 1357 2364 οὐδεὶς
1382 2300 1493 2371 γὰρ
1519 2323 1593 2357 αν
1617 2301 1761 2358 ἑκών

0 2388 4 2411 ³
64 2370 252 2427 ἐθέλοι
266 2375 571 2430 πείθεσθαι
596 2374 859 2448 πράττειν
886 2384 1072 2454 τοῦτο,
1093 2379 1202 2457 ὅτῳ
1223 2380 1298 2454 μὴ
1324 2382 1387 2439 τὸ
1416 2390 1628 2456 χαίρειν
1657 2390 1760 2441 τοῦ

67 2455 365 2520 λυπεῖσθαι
403 2456 644 2514 πλέον”
609 2478 811 2517 επεται.
867 2467 1224 2537 σκοτοδινιᾷν
1256 2465 1318 2521 δὲ
1354 2463 1417 2523 τὸ
1454 2466 1759 2538 πόρρωθεν

67 2529 356 2604 ὁρώμενον
372 2543 512 2596 πᾶσί
524 2560 584 2597 τε
600 2563 675 2608 ως
690 2546 821 2610 ἔπος
839 2549 1017 2603 εἰπεῖν
1025 2548 1119 2604 καὶ
1130 2545 1198 2619 δὴ
1218 2550 1436 2614 καὶτοῖς
1446 2552 1603 2606 παισὶ
1613 2570 1759 2620 παρ-

67 2616 204 2684 έχει·
241 2621 551 2695 νομοθέτης
577 2620 652 2695 δ’,
683 2622 851 2698 οἶμαι,
881 2626 1051 2696 δόξαν
1086 2634 1165 2697 εἰς
1198 2628 1534 2690 τούναντίον
1552 2633 1758 2690 τούτου

22 2706 30 2716 “
64 2697 394 2770 καταστήσει
421 2701 485 2760 τὸ
514 2705 715 2774 σκότος
745 2706 990 2784 ἀφελών,
1028 2715 1122 2770 καὶ
1147 2717 1334 2773 πείσει
1362 2710 1519 2786 ἁμοὸς
1550 2718 1617 2787 γέ
1641 2735 1756 2780 πως
1785 2730 1816 2773 C

66 2781 704 2907 ἕθεσέῗίξοὲπέίνοιςκαὶ
730 2791 935 2866 λόγοις,
969 2816 1043 2862 ως
1069 2797 1556 2869 ἐσκιαγραφημένα
1574 2817 1642 2852 τα
1671 2799 1757 2853 δί-

1848 1995 1853 1999 ῃ
1869 1959 1879 1988 Ι
