1976 3172
728 140 1043 198 NOMszN
1075 135 1126 201 ξ.
1658 135 1764 203 233

71 283 222 342 τοῦτ’
246 304 352 339 ουν
371 279 495 337 τότε
510 283 835 351 κρινοῦμεν,
853 272 992 330 ὅταν
1010 277 1155 346 ἔργῳ
1175 272 1343 343 λόγος
1371 270 1791 344 ἀκολουθήσας
1797 290 1833 332 D

75 366 299 438 μηνύσῃ
314 385 368 420 τι
384 360 560 434 σαφὲς
582 365 700 417 τῶν
722 379 784 416 τε
813 356 1000 413 αλλων
1020 376 1102 410 ων
1129 362 1315 426 εἴρηκε
1337 356 1463 426 πέρι
1480 353 1626 411 καὶ“
1591 376 1677 411 οτι
1700 360 1772 428 τῇ

78 452 348 520 πολεμικῇ
364 443 510 516 μάχῃ
521 448 719 499 πασῶν
727 438 1009 509 κινήσεων
1023 434 1058 492 ὅ
1059 458 1200 501 ντως
1211 438 1326 492 ἐστὶ
1336 435 1604 506 ξυγγενὴς
1625 437 1769 492 πολύ

79 526 311 600 μάλισθ’
320 524 469 598 ἡμῖν
486 522 520 596 ἡ
546 521 773 592 τοιαύτη
800 519 968 590 πάλη,
998 519 1092 574 καὶ
1123 517 1191 589 δὴ
1222 516 1376 573 καὶ’”’
1342 539 1428 572 οτι
1455 520 1543 572 δεῖ·
1561 518 1773 588 ταύτην

81 613 296 680 ἐκείνης
314 607 479 678 χάριν
496 602 856 674 ἐπιτηδεύειν,
878 599 1000 657 ἀλλ’
1023 599 1128 656 οὐκ
1147 603 1369 671 ἐκείνην
1388 598 1592 670 ταύτης
1611 598 1773 655 ἕνεκα

83 690 434 763 μανθάνειν.

221 776 343 829 ΚΛ.
379 776 580 835 Καλῶς
595 766 763 825 τοῦτό
782 787 847 837 γε
870 767 1060 837 λέγεις.

221 855 399 910 xvm.
433 858 553 909 ΑΘ.
590 855 726 907 Νῦν
745 847 814 921 δὴ
832 855 929 919 τῆς
951 846 1054 920 μὲν
1081 848 1208 919 περὶ
1237 850 1582 917 παλαίστραν
1601 846 1778 903 δυνά-

83 955 228 1008 μεως
246 934 307 991 τὸ
327 934 486 1006 μέχρι
509 931 669 1002 δεῦρ’
689 929 823 1003 ἡμῖν
843 930 1119 1002 εἰρήσθω·
1154 929 1281 998 περὶ
1301 930 1363 983 δὲ
1380 934 1478 1000 τῆς
1495 926 1665 999 ἄλλης
1689 949 1779 984 κι-

84 1017 297 1088 νήσεως
314 1013 523 1080 παντὸς
539 1019 641 1071 τοῦ
658 1014 929 1112 σώματος,
954 1005 1022 1083 ἦς
1038 1010 1102 1067 τὸ
1134 1017 1395 1067 πλεῖστον
1422 1013 1588 1082 μέρος
1608 1008 1843 1112 ὀρχη-Ε

88 1104 179 1153 σίν
196 1096 319 1153 τινά
337 1118 421 1162 τις
437 1094 876 1167 προσαγορεύων
893 1091 1083 1164 ὀρθῶς
1100 1090 1175 1149 ἄν
1193 1094 1517 1165 φθέγγοιτο,
1547 1091 1652 1148 δύο
1677 1090 1781 1163 μεν

90 1176 262 1249 αὐτῆς
293 1181 412 1250 εἴδη
446 1176 550 1249 χρὴ
580 1182 820 1248 νομίζειν
856 1174 1015 1247 εἶναι,
1051 1173 1157 1247 τὴν
1195 1197 1297 1247 μεν
1321 1181 1437 1231 τῶν
1466 1173 1782 1231 καλλιόνων

90 1259 364 1331 σωμάτων
381 1261 470 1315 ἐπὶ
486 1260 549 1315 τό
571 1257 781 1330 σεμνὸν
807 1261 1172 1330 μιμουμένην,
1201 1257 1307 1329 τὴν
1337 1259 1398 1314 δὲ
1427 1260 1543 1312 τῶν
1571 1255 1785 1326 αἰσχιό-

93 1344 213 1398 νων
229 1342 318 1397 ἐπὶ
336 1337 399 1396 τὸ
418 1345 659 1410 φαῦλον,
678 1342 772 1394 καὶ
791 1338 963 1395 πάλιν
983 1345 1087 1394 τοῦ
1107 1340 1334 1408 φαύλου
1348 1360 1407 1394 τε
1432 1338 1536 1394 δύο
1566 1340 1660 1394 καὶ
1682 1341 1785 1392 τοῦ

90 1424 403 1480 σπουδαίου
438 1419 544 1476 δύο
575 1421 754 1489 ἕτερα.
800 1425 905 1475 τοῦ
929 1418 995 1490 δὴ
1029 1423 1339 1475 σπουδαίου
1366 1418 1470 1491 τὴν
1505 1420 1608 1490 μὲν
1645 1417 1788 1474 κατὰ

90 1502 337 1574 πόλεμον
358 1502 454 1559 καὶ
470 1503 534 1560 ἐν
549 1507 751 1575 βιαίοις
768 1503 1162 1574 ἐμπλακέντων
1179 1500 1374 1566 πόνοις
1393 1501 1667 1573 σωμάτων
1686 1521 1789 1571 μεν

96 1590 303 1667 καλῶν,
327 1590 506 1656 ψυχῆς
523 1581 577 1640 δ’
599 1582 885 1657 ἀνδρικῆς,
903 1584 1006 1657 τὴν
1026 1582 1080 1640 δ’
1101 1587 1166 1641 ἐν
1185 1581 1509 1655 εὐπραγίαις
1526 1605 1586 1639 τε
1616 1582 1790 1681 οὔσης

92 1673 272 1738 ψυχῆς
299 1665 598 1738 σωφρονος
616 1669 679 1724 ἐν
704 1664 934 1740 ἡδοναῖς
961 1688 1021 1723 τε
1048 1668 1359 1739 ἐμμέτροις·
1404 1666 1690 1738 εἰρηνικὴν
1717 1663 1790 1720 ἄν

93 1770 176 1813 τις
194 1750 373 1818 λέγων
386 1746 527 1804 κατὰ
543 1750 720 1820 φύσιν
733 1748 839 1821 τὴν
854 1750 1120 1822 τοιαύτην
1139 1747 1370 1821 ὄρχησιν
1381 1751 1546 1819 λέγοι.
1574 1747 1677 1819 τὴν
1695 1766 1789 1803 πο-

98 1828 332 1901 λεμικὴν
350 1828 420 1902 δὴ
439 1830 675 1903 τούτων,
696 1832 872 1904 ἄλλην
890 1827 1070 1889 οὖσαν
1090 1838 1187 1903 τῆς
1199 1835 1494 1903 εἰρηνικῆς,
1516 1834 1792 1900 πυρρίχην
1818 1847 1905 1895 815

99 1911 174 1968 ἄν
194 1933 275 1979 τις
293 1909 484 1981 ὀρθῶς
502 1914 930 1986 προσαγορεύοι,
941 1915 1040 1980 τάς
1058 1935 1116 1970 τε
1135 1912 1425 1984 εὐλαβείας
1443 1918 1640 1967 πασῶν
1655 1917 1788 1981 πλη-

99 2000 217 2063 γῶν
234 1994 327 2049 nal
345 1998 532 2066 βολῶν
549 1997 836 2053 ἐκνεύσεσι
850 1999 942 2054 καὶ
963 1994 1170 2062 ὑπείξει
1187 1996 1339 2066 πάσῃ
1366 1995 1458 2050 καὶ
1484 1991 1789 2063 ἐκπηδήσε-

102 2089 196 2128 σιν
214 2076 277 2130 lv
294 2071 426 2139 ὕψει
445 2076 537 2132 καὶ
561 2075 665 2142 ξὺν
683 2076 1014 2134 ταπεινώσει
1030 2077 1397 2148 μιμουμένην,
1417 2076 1509 2131 καὶ
1536 2071 1634 2139 τὰς
1652 2072 1792 2129 ταύ-

100 2176 219 2220 ταις
240 2157 510 2227 ἐναντίας,
529 2155 628 2223 τὰς
643 2160 729 2215 ἐπὶ
748 2157 815 2214 τὰ
837 2156 1102 2229 δραστικὰ
1124 2157 1436 2229 φερομένας
1453 2150 1529 2211 αὐ
1548 2154 1794 2227 σχήματα
1901 2159 1907 2168 ’

102 2240 166 2292 ἔν
182 2258 241 2292 τε
258 2247 375 2302 ταῖς
394 2245 509 2294 τῶν
526 2238 703 2306 τόξων
721 2246 911 2312 βολαῖς
922 2242 1013 2297 καὶ
1033 2238 1310 2296 ἀκοντίων
1328 2240 1419 2296 καὶ
1437 2243 1633 2293 πασῶν
1651 2243 1795 2308 πλη-

102 2324 222 2389 γῶν
255 2318 538 2391 μιμήματα
573 2322 954 2393 ἐπιχειρούσας
978 2329 1291 2393 μιμεῖσθαι·
1328 2320 1394 2377 τό
1425 2340 1486 2376 τε
1520 2317 1704 2392 ὀρθὸν
1733 2320 1795 2375 ἐν

100 2399 319 2464 τούτοις
336 2401 428 2455 καὶ
447 2399 509 2455 τὸ
531 2399 783 2473 εὕτοιῙον,
807 2408 922 2459 τῶν
941 2400 1175 2474 ἀγαθῶν
1194 2402 1469 2474 σωμάτων
1487 2403 1580 2459 καὶ
1598 2407 1793 2473 ψυχῶν
1818 2418 1853 2459 Β

105 2476 316 2536 ὁπόταν
332 2487 586 2556 γίγνηται
613 2489 846 2556 μίμημα,
873 2482 1189 2557 εὐθυφερὲς
1209 2483 1284 2549 ιὸς
1301 2484 1363 2541 τό
1397 2481 1543 2540 πολύ
1565 2489 1679 2540 τῶν
1697 2490 1800 2539 τοῦ

110 2558 361 2631 σώματος
386 2569 572 2634 μελῶν
605 2564 962 2637 γιγνόμενον,
994 2563 1178 2638 ὀρθὸν
1208 2563 1311 2637 μὲν
1338 2562 1400 2620 τὸ
1428 2571 1703 2634 τοιοῦτον,
1734 2563 1795 2619 τὸ

107 2644 166 2698 δὲ
187 2641 402 2710 ῑῡύῑθῑθ
419 2648 606 2702 *που*
624 2649 880 2705 ἐναντίον
899 2646 1004 2705 οὐκ
1032 2646 1214 2719 ὀρθὸν
1233 2644 1671 2718 ἀποδεχόμενος
1692 2645 1796 2717 τὴν

109 2725 168 2779 δὲ
206 2722 490 2795 εἰρηνικὴν
517 2725 744 2800 ὄρχησιν
771 2727 895 2802 τῇδ’
932 2723 1006 2785 αὐ
1040 2732 1366 2800 θεωρητέον
1391 2728 1657 2798 ἑκάστων,
1690 2736 1796 2783 εἴτε

107 2803 298 2876 ὀρθῶς
325 2813 433 2863 εἴτε
450 2805 681 2879 μὴκατὰ
701 2810 879 2883 φύσιν
905 2833 986 2878 τις
1013 2817 1108 2883 τῆς
1135 2815 1306 2881 καλῆς
1334 2807 1613 2883 ὀρχήσεως
1641 2808 1797 2866 ἀντι-
