<?xml version="1.0" encoding="UTF-8"?>
<!DOCTYPE html PUBLIC "-//W3C//DTD XHTML 1.0 Transitional//EN"
    "http://www.w3.org/TR/xhtml1/DTD/xhtml1-transitional.dtd">
<html xmlns="http://www.w3.org/1999/xhtml" xml:lang="en" lang="en">
 <head>
  <title>
</title>
<meta http-equiv="Content-Type" content="text/html;charset=utf-8" />
  <meta name='ocr-system' content='tesseract 3.04.00' />
  <meta name='ocr-capabilities' content='ocr_page ocr_carea ocr_par ocr_line ocrx_word'/>
</head>
<body>
  <div class='ocr_page' id='page_1' title='image "./dialogisecumdumt05platuoft_0335.png"; bbox 0 0 1976 3172; ppageno 0'>
   <div class='ocr_carea' id='block_1_1' title="bbox 706 161 1748 223">
    <p class='ocr_par' dir='ltr' id='par_1_1' title="bbox 706 161 1748 223">
     <span class='ocr_line' id='line_1_1' title="bbox 706 161 1748 223; baseline -0.001 -7"><span class='ocrx_word' id='word_1_1' title='bbox 706 166 1022 223; x_wconf 73' lang='grc' dir='ltr'><em>ΝΟΜῼΝ</em></span> <span class='ocrx_word' id='word_1_2' title='bbox 1052 161 1122 215; x_wconf 80' lang='grc' dir='ltr'><strong><em>θ’.</em></strong></span> <span class='ocrx_word' id='word_1_3' title='bbox 1642 166 1748 220; x_wconf 76' lang='grc'><strong><em>303</em></strong></span> 
     </span>
    </p>
   </div>
   <div class='ocr_carea' id='block_1_2' title="bbox 0 292 1874 2902">
    <p class='ocr_par' dir='ltr' id='par_1_2' title="bbox 12 292 1822 1411">
     <span class='ocr_line' id='line_1_2' title="bbox 12 292 1751 374; baseline 0.002 -18"><span class='ocrx_word' id='word_1_4' title='bbox 12 320 13 323; x_wconf 72' lang='grc'>’</span> <span class='ocrx_word' id='word_1_5' title='bbox 67 322 240 371; x_wconf 87' lang='grc' dir='ltr'><strong><em>μενον</em></strong></span> <span class='ocrx_word' id='word_1_6' title='bbox 257 298 492 371; x_wconf 77' lang='grc' dir='ltr'><strong><em>ἄταφον.</em></strong></span> <span class='ocrx_word' id='word_1_7' title='bbox 528 292 696 363; x_wconf 78' lang='grc' dir='ltr'><strong><em>οὗτος</em></strong></span> <span class='ocrx_word' id='word_1_8' title='bbox 713 298 783 370; x_wconf 82' lang='grc' dir='ltr'><strong><em>δὴ</em></strong></span> <span class='ocrx_word' id='word_1_9' title='bbox 799 297 975 369; x_wconf 88' lang='grc' dir='ltr'><strong><em>νόμος</em></strong></span> <span class='ocrx_word' id='word_1_10' title='bbox 992 295 1114 363; x_wconf 85' lang='grc' dir='ltr'><strong><em>εἷς</em></strong></span> <span class='ocrx_word' id='word_1_11' title='bbox 1089 309 1220 371; x_wconf 81' lang='grc' dir='ltr'><strong><em>ημῖν</em></strong></span> <span class='ocrx_word' id='word_1_12' title='bbox 1246 304 1385 373; x_wconf 88' lang='grc' dir='ltr'><strong><em>ἔστω</em></strong></span> <span class='ocrx_word' id='word_1_13' title='bbox 1404 301 1599 372; x_wconf 89' lang='grc' dir='ltr'><strong><em>κύριος</em></strong></span> <span class='ocrx_word' id='word_1_14' title='bbox 1626 305 1751 374; x_wconf 85' lang='grc' dir='ltr'><strong><em>περὶ</em></strong></span> 
     </span>
     <span class='ocr_line' id='line_1_3' title="bbox 67 378 1754 478; baseline 0.002 -40"><span class='ocrx_word' id='word_1_15' title='bbox 67 384 255 454; x_wconf 89' lang='grc' dir='ltr'><strong><em>φόνου</em></strong></span> <span class='ocrx_word' id='word_1_16' title='bbox 270 387 546 453; x_wconf 75' lang='grc' dir='ltr'><strong><em>κείμενος,</em></strong></span> <span class='ocrx_word' id='word_1_17' title='bbox 572 382 663 436; x_wconf 85' lang='grc' dir='ltr'><strong><em>καὶ</em></strong></span> <span class='ocrx_word' id='word_1_18' title='bbox 682 379 749 437; x_wconf 79' lang='grc' dir='ltr'><strong><em>τὰ</em></strong></span> <span class='ocrx_word' id='word_1_19' title='bbox 766 378 869 478; x_wconf 64' lang='grc' dir='ltr'><strong><em>μὲν</em></strong></span> <span class='ocrx_word' id='word_1_20' title='bbox 885 380 1011 449; x_wconf 82' lang='grc' dir='ltr'><strong><em>περὶ</em></strong></span> <span class='ocrx_word' id='word_1_21' title='bbox 1027 378 1095 434; x_wconf 75' lang='grc' dir='ltr'><strong><em>τά</em></strong></span> <span class='ocrx_word' id='word_1_22' title='bbox 1116 386 1344 437; x_wconf 83' lang='grc' dir='ltr'><strong><em>τοιαῦτα</em></strong></span> <span class='ocrx_word' id='word_1_23' title='bbox 1362 386 1519 454; x_wconf 86' lang='grc' dir='ltr'><strong><em>μέχρι</em></strong></span> <span class='ocrx_word' id='word_1_24' title='bbox 1536 384 1754 445; x_wconf 85' lang='grc' dir='ltr'><strong><em>τούτων</em></strong></span> 
     </span>
     <span class='ocr_line' id='line_1_4' title="bbox 67 456 1752 537; baseline 0.001 -16"><span class='ocrx_word' id='word_1_25' title='bbox 67 465 269 531; x_wconf 80' lang='grc' dir='ltr'><strong><em>οὕτως·</em></strong></span> <span class='ocrx_word' id='word_1_26' title='bbox 307 456 389 520; x_wconf 70' lang='grc' dir='ltr'><strong><em>ὧν</em></strong></span> <span class='ocrx_word' id='word_1_27' title='bbox 406 461 510 520; x_wconf 70' lang='grc' dir='ltr'><strong><em>δὲ’</em></strong></span> <span class='ocrx_word' id='word_1_28' title='bbox 485 485 516 519; x_wconf 96' lang='grc' dir='ltr'><strong><em>ο</em></strong></span> <span class='ocrx_word' id='word_1_29' title='bbox 534 470 750 526; x_wconf 84' lang='grc' dir='ltr'><strong><em>κτείνας</em></strong></span> <span class='ocrx_word' id='word_1_30' title='bbox 764 457 857 532; x_wconf 84' lang='grc' dir='ltr'><strong><em>ἔφ’</em></strong></span> <span class='ocrx_word' id='word_1_31' title='bbox 879 456 960 525; x_wconf 82' lang='grc' dir='ltr'><strong><em>οἷς</em></strong></span> <span class='ocrx_word' id='word_1_32' title='bbox 978 481 1037 517; x_wconf 91' lang='grc' dir='ltr'><strong><em>τε</em></strong></span> <span class='ocrx_word' id='word_1_33' title='bbox 1057 459 1247 532; x_wconf 85' lang='grc' dir='ltr'><strong><em>ὀρθως</em></strong></span> <span class='ocrx_word' id='word_1_34' title='bbox 1274 485 1348 518; x_wconf 90' lang='grc' dir='ltr'><strong><em>αν</em></strong></span> <span class='ocrx_word' id='word_1_35' title='bbox 1376 463 1629 533; x_wconf 79' lang='grc' dir='ltr'><strong><em>καθαρὸς</em></strong></span> <span class='ocrx_word' id='word_1_36' title='bbox 1648 473 1752 537; x_wconf 73' lang='grc' dir='ltr'><strong><em>εἴη,</em></strong></span> 
     </span>
     <span class='ocr_line' id='line_1_5' title="bbox 67 544 1753 618; baseline -0.001 -15"><span class='ocrx_word' id='word_1_37' title='bbox 67 546 191 603; x_wconf 85' lang='grc' dir='ltr'><strong><em>τάδ’</em></strong></span> <span class='ocrx_word' id='word_1_38' title='bbox 221 550 385 601; x_wconf 76' lang='grc' dir='ltr'><strong><em>ἔστω·</em></strong></span> <span class='ocrx_word' id='word_1_39' title='bbox 422 544 648 614; x_wconf 78' lang='grc' dir='ltr'><strong><em>νύκτωρ</em></strong></span> <span class='ocrx_word' id='word_1_40' title='bbox 672 563 838 614; x_wconf 89' lang='grc' dir='ltr'><strong><em>φωρα</em></strong></span> <span class='ocrx_word' id='word_1_41' title='bbox 869 547 947 607; x_wconf 84' lang='grc' dir='ltr'><strong><em>εἰς</em></strong></span> <span class='ocrx_word' id='word_1_42' title='bbox 978 547 1162 600; x_wconf 80' lang='grc' dir='ltr'><strong><em>οἰκίαν</em></strong></span> <span class='ocrx_word' id='word_1_43' title='bbox 1188 544 1429 600; x_wconf 79' lang='grc' dir='ltr'><strong><em>εἰσιόντα</em></strong></span> <span class='ocrx_word' id='word_1_44' title='bbox 1460 546 1548 599; x_wconf 84' lang='grc' dir='ltr'><strong><em>ἐπὶ</em></strong></span> <span class='ocrx_word' id='word_1_45' title='bbox 1574 552 1753 618; x_wconf 80' lang='grc' dir='ltr'><strong><em>κλοπῇ</em></strong></span> 
     </span>
     <span class='ocr_line' id='line_1_6' title="bbox 66 621 1754 699; baseline -0.001 -15"><span class='ocrx_word' id='word_1_46' title='bbox 66 627 362 699; x_wconf 79' lang='grc' dir='ltr'><strong><em>χρημάτων</em></strong></span> <span class='ocrx_word' id='word_1_47' title='bbox 389 626 489 683; x_wconf 73' lang='grc' dir='ltr'><strong><em>ἐὰν</em></strong></span> <span class='ocrx_word' id='word_1_48' title='bbox 515 622 657 685; x_wconf 81' lang='grc' dir='ltr'><strong><em>ἔλων</em></strong></span> <span class='ocrx_word' id='word_1_49' title='bbox 688 629 875 696; x_wconf 83' lang='grc' dir='ltr'><strong><em>κτείνῃ</em></strong></span> <span class='ocrx_word' id='word_1_50' title='bbox 908 646 1007 694; x_wconf 85' lang='grc' dir='ltr'><strong><em>τις,</em></strong></span> <span class='ocrx_word' id='word_1_51' title='bbox 1042 621 1295 691; x_wconf 79' lang='grc' dir='ltr'><strong><em>καθαρὸς</em></strong></span> <span class='ocrx_word' id='word_1_52' title='bbox 1325 629 1491 680; x_wconf 84' lang='grc' dir='ltr'><strong><em>ἔστω</em></strong></span> <span class='ocrx_word' id='word_1_53' title='bbox 1530 627 1624 681; x_wconf 84' lang='grc' dir='ltr'><strong><em>καὶ</em></strong></span> <span class='ocrx_word' id='word_1_54' title='bbox 1655 626 1754 682; x_wconf 80' lang='grc' dir='ltr'><strong><em>ἐὰν</em></strong></span> 
     </span>
     <span class='ocr_line' id='line_1_7' title="bbox 66 703 1818 780; baseline 0.001 -14"><span class='ocrx_word' id='word_1_55' title='bbox 66 708 396 780; x_wconf 76' lang='grc' dir='ltr'><strong><em>λωποδύτην</em></strong></span> <span class='ocrx_word' id='word_1_56' title='bbox 423 705 772 779; x_wconf 72' lang='grc' dir='ltr'><strong><em>ἀμυνόμενος</em></strong></span> <span class='ocrx_word' id='word_1_57' title='bbox 809 703 1125 778; x_wconf 82' lang='grc' dir='ltr'><strong><em>ἆποκτείνῃ,</em></strong></span> <span class='ocrx_word' id='word_1_58' title='bbox 1161 704 1415 775; x_wconf 81' lang='grc' dir='ltr'><strong><em>καθαρὸς</em></strong></span> <span class='ocrx_word' id='word_1_59' title='bbox 1449 711 1611 763; x_wconf 80' lang='grc' dir='ltr'><strong><em>ἔστω·</em></strong></span> <span class='ocrx_word' id='word_1_60' title='bbox 1659 708 1753 764; x_wconf 85' lang='grc' dir='ltr'><strong><em>καὶ</em></strong></span> <span class='ocrx_word' id='word_1_61' title='bbox 1790 725 1818 767; x_wconf 91' lang='lat' dir='ltr'>C</span> 
     </span>
     <span class='ocr_line' id='line_1_8' title="bbox 65 783 1755 860; baseline -0.001 -15"><span class='ocrx_word' id='word_1_62' title='bbox 65 789 482 856; x_wconf 77' lang='grc' dir='ltr'><strong><em>ἐὰνέλευθέραν</em></strong></span> <span class='ocrx_word' id='word_1_63' title='bbox 492 799 731 859; x_wconf 80' lang='grc' dir='ltr'><strong><em>γυναῖκα</em></strong></span> <span class='ocrx_word' id='word_1_64' title='bbox 742 788 992 859; x_wconf 84' lang='grc' dir='ltr'><strong><em>βιάζηταί</em></strong></span> <span class='ocrx_word' id='word_1_65' title='bbox 1010 809 1093 853; x_wconf 91' lang='grc' dir='ltr'><strong><em>τις</em></strong></span> <span class='ocrx_word' id='word_1_66' title='bbox 1107 783 1144 859; x_wconf 79' lang='grc' dir='ltr'><em>ἢ</em></span> <span class='ocrx_word' id='word_1_67' title='bbox 1163 791 1330 843; x_wconf 83' lang='grc' dir='ltr'><strong><em>παῖδα</em></strong></span> <span class='ocrx_word' id='word_1_68' title='bbox 1342 790 1467 857; x_wconf 81' lang='grc' dir='ltr'><strong><em>περὶ</em></strong></span> <span class='ocrx_word' id='word_1_69' title='bbox 1486 788 1553 844; x_wconf 79' lang='grc' dir='ltr'><strong><em>τὰ</em></strong></span> <span class='ocrx_word' id='word_1_70' title='bbox 1572 786 1755 860; x_wconf 85' lang='grc' dir='ltr'><strong><em>άφρο-</em></strong></span> 
     </span>
     <span class='ocr_line' id='line_1_9' title="bbox 66 866 1756 943; baseline 0 -17"><span class='ocrx_word' id='word_1_71' title='bbox 66 874 232 941; x_wconf 89' lang='grc' dir='ltr'><strong><em>δίσια,</em></strong></span> <span class='ocrx_word' id='word_1_72' title='bbox 268 871 492 940; x_wconf 83' lang='grc' dir='ltr'><strong><em>νηποινὶ</em></strong></span> <span class='ocrx_word' id='word_1_73' title='bbox 525 869 781 925; x_wconf 77' lang='grc' dir='ltr'><strong><em>τεθνάτω</em></strong></span> <span class='ocrx_word' id='word_1_74' title='bbox 810 867 923 924; x_wconf 79' lang='grc' dir='ltr'><strong><em>ὑπό</em></strong></span> <span class='ocrx_word' id='word_1_75' title='bbox 938 890 998 924; x_wconf 87' lang='grc' dir='ltr'><strong><em>τε</em></strong></span> <span class='ocrx_word' id='word_1_76' title='bbox 1023 874 1128 929; x_wconf 84' lang='grc' dir='ltr'><strong><em>τοῦ</em></strong></span> <span class='ocrx_word' id='word_1_77' title='bbox 1155 866 1520 941; x_wconf 81' lang='grc' dir='ltr'><strong><em>ὑβρισθέντος</em></strong></span> <span class='ocrx_word' id='word_1_78' title='bbox 1548 875 1644 943; x_wconf 78' lang='grc' dir='ltr'><strong><em>βίᾳ</em></strong></span> <span class='ocrx_word' id='word_1_79' title='bbox 1664 871 1756 926; x_wconf 83' lang='grc' dir='ltr'><strong><em>καὶ</em></strong></span> 
     </span>
     <span class='ocr_line' id='line_1_10' title="bbox 60 946 1756 1024; baseline -0.001 -16"><span class='ocrx_word' id='word_1_80' title='bbox 60 949 175 1008; x_wconf 76' lang='grc' dir='ltr'><strong><em>ὑπὸ</em></strong></span> <span class='ocrx_word' id='word_1_81' title='bbox 212 948 423 1020; x_wconf 81' lang='grc' dir='ltr'><strong><em>πατρὸς</em></strong></span> <span class='ocrx_word' id='word_1_82' title='bbox 455 947 492 1021; x_wconf 82' lang='grc' dir='ltr'><strong><em>ἦ</em></strong></span> <span class='ocrx_word' id='word_1_83' title='bbox 527 946 861 1021; x_wconf 73' lang='grc' dir='ltr'><strong><em>ἀδελφῶν-ἦ</em></strong></span> <span class='ocrx_word' id='word_1_84' title='bbox 896 953 1091 1005; x_wconf 76' lang='grc' dir='ltr'><strong><em>υἱέων·</em></strong></span> <span class='ocrx_word' id='word_1_85' title='bbox 1127 949 1227 1006; x_wconf 80' lang='grc' dir='ltr'><strong><em>ἐάν</em></strong></span> <span class='ocrx_word' id='word_1_86' title='bbox 1255 971 1314 1005; x_wconf 89' lang='grc' dir='ltr'><strong><em>τε</em></strong></span> <span class='ocrx_word' id='word_1_87' title='bbox 1350 947 1494 1022; x_wconf 79' lang='grc' dir='ltr'><strong><em>ἀνὴρ</em></strong></span> <span class='ocrx_word' id='word_1_88' title='bbox 1530 951 1756 1024; x_wconf 76' lang='grc' dir='ltr'><strong><em>ἐπιτύχῃ</em></strong></span> 
     </span>
     <span class='ocr_line' id='line_1_11' title="bbox 65 1029 1754 1104; baseline -0.001 -16"><span class='ocrx_word' id='word_1_89' title='bbox 65 1040 274 1104; x_wconf 69' lang='grc' dir='ltr'><strong><em>γαμετῇ</em></strong></span> <span class='ocrx_word' id='word_1_90' title='bbox 298 1034 519 1104; x_wconf 76' lang='grc' dir='ltr'><strong><em>γυναικὶ</em></strong></span> <span class='ocrx_word' id='word_1_91' title='bbox 550 1034 862 1103; x_wconf 77' lang='grc' dir='ltr'><strong><em>βιαζομένῃ,</em></strong></span> <span class='ocrx_word' id='word_1_92' title='bbox 890 1036 1107 1096; x_wconf 88' lang='grc' dir='ltr'><strong><em>κτείνας</em></strong></span> <span class='ocrx_word' id='word_1_93' title='bbox 1127 1029 1228 1086; x_wconf 85' lang='grc' dir='ltr'><strong><em>τὸν</em></strong></span> <span class='ocrx_word' id='word_1_94' title='bbox 1256 1030 1585 1102; x_wconf 79' lang='grc' dir='ltr'><strong><em>βιαζόμενον</em></strong></span> <span class='ocrx_word' id='word_1_95' title='bbox 1614 1035 1754 1087; x_wconf 83' lang='grc' dir='ltr'><strong><em>ἔστω</em></strong></span> 
     </span>
     <span class='ocr_line' id='line_1_12' title="bbox 67 1111 1752 1186; baseline 0 -18"><span class='ocrx_word' id='word_1_96' title='bbox 67 1113 319 1183; x_wconf 82' lang='grc' dir='ltr'><strong><em>καθαρὸς</em></strong></span> <span class='ocrx_word' id='word_1_97' title='bbox 346 1116 408 1170; x_wconf 79' lang='grc' dir='ltr'><strong><em>ἐν</em></strong></span> <span class='ocrx_word' id='word_1_98' title='bbox 434 1120 514 1186; x_wconf 75' lang='grc' dir='ltr'><strong><em>τῷ</em></strong></span> <span class='ocrx_word' id='word_1_99' title='bbox 539 1112 719 1186; x_wconf 72' lang='grc' dir='ltr'><strong><em>νόμῳ·</em></strong></span> <span class='ocrx_word' id='word_1_100' title='bbox 756 1115 849 1168; x_wconf 81' lang='grc' dir='ltr'><strong><em>καὶ</em></strong></span> <span class='ocrx_word' id='word_1_101' title='bbox 876 1111 976 1168; x_wconf 89' lang='grc' dir='ltr'><strong><em>ε’άν</em></strong></span> <span class='ocrx_word' id='word_1_102' title='bbox 1008 1134 1089 1178; x_wconf 92' lang='grc' dir='ltr'><strong><em>τις</em></strong></span> <span class='ocrx_word' id='word_1_103' title='bbox 1115 1113 1278 1184; x_wconf 83' lang='grc' dir='ltr'><strong><em>πατρὶ</em></strong></span> <span class='ocrx_word' id='word_1_104' title='bbox 1305 1118 1540 1184; x_wconf 78' lang='grc' dir='ltr'><strong><em>βοηθῶν</em></strong></span> <span class='ocrx_word' id='word_1_105' title='bbox 1567 1114 1752 1169; x_wconf 89' lang='grc' dir='ltr'><strong><em>θάνα-</em></strong></span> 
     </span>
     <span class='ocr_line' id='line_1_13' title="bbox 67 1191 1756 1267; baseline 0 -18"><span class='ocrx_word' id='word_1_106' title='bbox 67 1217 183 1262; x_wconf 90' lang='grc' dir='ltr'><strong><em>τον,</em></strong></span> <span class='ocrx_word' id='word_1_107' title='bbox 222 1196 396 1266; x_wconf 69' lang='grc' dir='ltr'><strong><em>μηδὲν</em></strong></span> <span class='ocrx_word' id='word_1_108' title='bbox 438 1192 672 1250; x_wconf 81' lang='grc' dir='ltr'><strong><em>ἀνόσιον</em></strong></span> <span class='ocrx_word' id='word_1_109' title='bbox 702 1198 923 1264; x_wconf 80' lang='grc' dir='ltr'><strong><em>δρῶντι,</em></strong></span> <span class='ocrx_word' id='word_1_110' title='bbox 948 1201 1136 1267; x_wconf 82' lang='grc' dir='ltr'><strong><em>κτείνῃ</em></strong></span> <span class='ocrx_word' id='word_1_111' title='bbox 1163 1194 1307 1266; x_wconf 88' lang='grc' dir='ltr'><strong><em>τινά,</em></strong></span> <span class='ocrx_word' id='word_1_112' title='bbox 1336 1193 1372 1266; x_wconf 82' lang='grc' dir='ltr'><em>ἢ</em></span> <span class='ocrx_word' id='word_1_113' title='bbox 1406 1196 1570 1267; x_wconf 84' lang='grc' dir='ltr'><strong><em>μητρὶ</em></strong></span> <span class='ocrx_word' id='word_1_114' title='bbox 1599 1191 1637 1267; x_wconf 79' lang='grc' dir='ltr'><strong><em>ἢ</em></strong></span> <span class='ocrx_word' id='word_1_115' title='bbox 1666 1198 1756 1250; x_wconf 90' lang='grc' dir='ltr'><strong><em>τέ-</em></strong></span> 
     </span>
     <span class='ocr_line' id='line_1_14' title="bbox 66 1272 1822 1348; baseline 0 -17"><span class='ocrx_word' id='word_1_116' title='bbox 66 1272 269 1347; x_wconf 83' lang='grc' dir='ltr'><strong><em>κνοιςῆ</em></strong></span> <span class='ocrx_word' id='word_1_117' title='bbox 279 1275 543 1346; x_wconf 76' lang='grc' dir='ltr'><strong><em>ἀδελφοῖς</em></strong></span> <span class='ocrx_word' id='word_1_118' title='bbox 560 1272 596 1346; x_wconf 84' lang='grc' dir='ltr'><strong><em>ἦ</em></strong></span> <span class='ocrx_word' id='word_1_119' title='bbox 614 1277 1010 1348; x_wconf 79' lang='grc' dir='ltr'><strong><em>ξυγγεννήτορι</em></strong></span> <span class='ocrx_word' id='word_1_120' title='bbox 1021 1281 1252 1347; x_wconf 84' lang='grc' dir='ltr'><strong><em>τέκνων,</em></strong></span> <span class='ocrx_word' id='word_1_121' title='bbox 1263 1275 1485 1342; x_wconf 90' lang='grc' dir='ltr'><strong><em>πάντως</em></strong></span> <span class='ocrx_word' id='word_1_122' title='bbox 1503 1275 1755 1348; x_wconf 79' lang='grc' dir='ltr'><strong><em>καθαρὰς</em></strong></span> <span class='ocrx_word' id='word_1_123' title='bbox 1785 1297 1822 1338; x_wconf 85' lang='lat'><strong><em>1)</em></strong></span> 
     </span>
     <span class='ocr_line' id='line_1_15' title="bbox 68 1361 222 1411; baseline 0 0"><span class='ocrx_word' id='word_1_124' title='bbox 68 1361 222 1411; x_wconf 89' lang='grc' dir='ltr'><strong><em>ἔστω.</em></strong></span> 
     </span>
    </p>

    <p class='ocr_par' dir='ltr' id='par_1_3' title="bbox 68 1427 1761 1923">
     <span class='ocr_line' id='line_1_16' title="bbox 207 1427 1758 1509; baseline 0.003 -18"><span class='ocrx_word' id='word_1_125' title='bbox 207 1433 466 1492; x_wconf 77' lang='grc' dir='ltr'>ΧΠ1.Τὰ</span> <span class='ocrx_word' id='word_1_126' title='bbox 485 1436 589 1508; x_wconf 73' lang='grc' dir='ltr'><strong><em>μὲν</em></strong></span> <span class='ocrx_word' id='word_1_127' title='bbox 605 1441 802 1492; x_wconf 89' lang='grc' dir='ltr'><strong><em>τοίνυν</em></strong></span> <span class='ocrx_word' id='word_1_128' title='bbox 820 1439 945 1506; x_wconf 80' lang='grc' dir='ltr'><strong><em>περὶ</em></strong></span> <span class='ocrx_word' id='word_1_129' title='bbox 965 1436 1185 1508; x_wconf 87' lang='grc' dir='ltr'><strong><em>τροφήν</em></strong></span> <span class='ocrx_word' id='word_1_130' title='bbox 1202 1458 1260 1493; x_wconf 91' lang='grc' dir='ltr'><strong><em>τε</em></strong></span> <span class='ocrx_word' id='word_1_131' title='bbox 1279 1437 1454 1509; x_wconf 75' lang='grc' dir='ltr'><strong><em>ζώσης</em></strong></span> <span class='ocrx_word' id='word_1_132' title='bbox 1473 1445 1651 1509; x_wconf 81' lang='grc' dir='ltr'><strong><em>ψυχῆς</em></strong></span> <span class='ocrx_word' id='word_1_133' title='bbox 1666 1427 1758 1495; x_wconf 82' lang='grc' dir='ltr'><strong><em>καὶ</em></strong></span> 
     </span>
     <span class='ocr_line' id='line_1_17' title="bbox 68 1517 1758 1592; baseline 0.001 -16"><span class='ocrx_word' id='word_1_134' title='bbox 68 1524 342 1587; x_wconf 82' lang='grc' dir='ltr'><strong><em>παιδείαν,</em></strong></span> <span class='ocrx_word' id='word_1_135' title='bbox 382 1541 463 1575; x_wconf 91' lang='grc' dir='ltr'><strong><em>ων</em></strong></span> <span class='ocrx_word' id='word_1_136' title='bbox 496 1518 642 1591; x_wconf 81' lang='grc' dir='ltr'><strong><em>αὐτῇ</em></strong></span> <span class='ocrx_word' id='word_1_137' title='bbox 677 1518 924 1591; x_wconf 83' lang='grc' dir='ltr'><strong><em>τυχούσῃ</em></strong></span> <span class='ocrx_word' id='word_1_138' title='bbox 952 1520 1054 1589; x_wconf 80' lang='grc' dir='ltr'><strong><em>μὲν</em></strong></span> <span class='ocrx_word' id='word_1_139' title='bbox 1085 1518 1309 1590; x_wconf 89' lang='grc' dir='ltr'><strong><em>βιωτόν,</em></strong></span> <span class='ocrx_word' id='word_1_140' title='bbox 1342 1517 1662 1592; x_wconf 77' lang='grc' dir='ltr'><strong><em>ἀτυχησάσῃ</em></strong></span> <span class='ocrx_word' id='word_1_141' title='bbox 1698 1522 1758 1578; x_wconf 77' lang='grc' dir='ltr'><strong><em>δὲ</em></strong></span> 
     </span>
     <span class='ocr_line' id='line_1_18' title="bbox 70 1599 1759 1674; baseline -0.001 -15"><span class='ocrx_word' id='word_1_142' title='bbox 70 1601 420 1672; x_wconf 85' lang='grc' dir='ltr'><strong><em>τούναντίον,</em></strong></span> <span class='ocrx_word' id='word_1_143' title='bbox 433 1623 524 1657; x_wconf 87' lang='grc' dir='ltr'><strong><em>και</em></strong></span> <span class='ocrx_word' id='word_1_144' title='bbox 505 1603 663 1672; x_wconf 80' lang='grc' dir='ltr'><strong><em>περὶ</em></strong></span> <span class='ocrx_word' id='word_1_145' title='bbox 677 1601 946 1658; x_wconf 82' lang='grc' dir='ltr'><strong><em>θανάτων</em></strong></span> <span class='ocrx_word' id='word_1_146' title='bbox 964 1622 1078 1656; x_wconf 89' lang='grc' dir='ltr'><strong><em>των</em></strong></span> <span class='ocrx_word' id='word_1_147' title='bbox 1097 1599 1338 1671; x_wconf 91' lang='grc' dir='ltr'><strong><em>βιαίων</em></strong></span> <span class='ocrx_word' id='word_1_148' title='bbox 1315 1624 1380 1667; x_wconf 84' lang='grc' dir='ltr'><strong><em>ας</em></strong></span> <span class='ocrx_word' id='word_1_149' title='bbox 1398 1605 1487 1658; x_wconf 78' lang='grc' dir='ltr'><strong><em>δεῖ</em></strong></span> <span class='ocrx_word' id='word_1_150' title='bbox 1497 1612 1759 1674; x_wconf 85' lang='grc' dir='ltr'><strong><em>τιμωριας</em></strong></span> 
     </span>
     <span class='ocr_line' id='line_1_19' title="bbox 70 1681 1760 1758; baseline 0.001 -17"><span class='ocrx_word' id='word_1_151' title='bbox 70 1691 366 1757; x_wconf 78' lang='grc' dir='ltr'><strong><em>γίγνεσθαι</em></strong></span> <span class='ocrx_word' id='word_1_152' title='bbox 382 1683 854 1755; x_wconf 82' lang='grc' dir='ltr'><strong><em>νενομοθετήσθω</em></strong></span> <span class='ocrx_word' id='word_1_153' title='bbox 866 1706 879 1718; x_wconf 89' lang='grc'><em>·</em></span> <span class='ocrx_word' id='word_1_154' title='bbox 916 1681 982 1740; x_wconf 77' lang='grc' dir='ltr'><strong><em>τὰ</em></strong></span> <span class='ocrx_word' id='word_1_155' title='bbox 1005 1684 1065 1740; x_wconf 76' lang='grc' dir='ltr'><strong><em>δὲ</em></strong></span> <span class='ocrx_word' id='word_1_156' title='bbox 1083 1685 1207 1754; x_wconf 83' lang='grc' dir='ltr'><strong><em>περὶ</em></strong></span> <span class='ocrx_word' id='word_1_157' title='bbox 1231 1683 1336 1756; x_wconf 82' lang='grc' dir='ltr'><strong><em>τὴν</em></strong></span> <span class='ocrx_word' id='word_1_158' title='bbox 1353 1707 1468 1742; x_wconf 87' lang='grc' dir='ltr'><strong><em>των</em></strong></span> <span class='ocrx_word' id='word_1_159' title='bbox 1487 1685 1760 1758; x_wconf 87' lang='grc' dir='ltr'><strong><em>σωμάτων</em></strong></span> 
     </span>
     <span class='ocr_line' id='line_1_20' title="bbox 71 1763 1757 1840; baseline 0 -16"><span class='ocrx_word' id='word_1_160' title='bbox 71 1766 292 1839; x_wconf 80' lang='grc' dir='ltr'><strong><em>τροφὴν</em></strong></span> <span class='ocrx_word' id='word_1_161' title='bbox 309 1767 412 1840; x_wconf 73' lang='grc' dir='ltr'><strong><em>μὲν</em></strong></span> <span class='ocrx_word' id='word_1_162' title='bbox 429 1769 523 1824; x_wconf 82' lang='grc' dir='ltr'><strong><em>καὶ</em></strong></span> <span class='ocrx_word' id='word_1_163' title='bbox 541 1771 796 1824; x_wconf 79' lang='grc' dir='ltr'><strong><em>παιδείαν</em></strong></span> <span class='ocrx_word' id='word_1_164' title='bbox 814 1775 1040 1839; x_wconf 70' lang='grc' dir='ltr'><strong><em>εἴρηται,</em></strong></span> <span class='ocrx_word' id='word_1_165' title='bbox 1061 1764 1122 1821; x_wconf 87' lang='grc' dir='ltr'><strong><em>τὸ</em></strong></span> <span class='ocrx_word' id='word_1_166' title='bbox 1145 1763 1201 1820; x_wconf 85' lang='grc' dir='ltr'><strong><em>δ’</em></strong></span> <span class='ocrx_word' id='word_1_167' title='bbox 1232 1765 1496 1839; x_wconf 80' lang='grc' dir='ltr'><strong><em>ἐχόμενον</em></strong></span> <span class='ocrx_word' id='word_1_168' title='bbox 1523 1768 1757 1840; x_wconf 88' lang='grc' dir='ltr'><strong><em>τούτων,</em></strong></span> 
     </span>
     <span class='ocr_line' id='line_1_21' title="bbox 71 1846 1761 1923; baseline -0.001 -15"><span class='ocrx_word' id='word_1_169' title='bbox 71 1854 134 1908; x_wconf 77' lang='grc' dir='ltr'><strong><em>αἱ</em></strong></span> <span class='ocrx_word' id='word_1_170' title='bbox 156 1856 327 1923; x_wconf 82' lang='grc' dir='ltr'><strong><em>βίαιοι</em></strong></span> <span class='ocrx_word' id='word_1_171' title='bbox 361 1850 584 1920; x_wconf 81' lang='grc' dir='ltr'><strong><em>πράξεις</em></strong></span> <span class='ocrx_word' id='word_1_172' title='bbox 612 1846 713 1905; x_wconf 83' lang='grc' dir='ltr'><strong><em>ὑπ’</em></strong></span> <span class='ocrx_word' id='word_1_173' title='bbox 742 1849 998 1922; x_wconf 78' lang='grc' dir='ltr'><strong><em>ἀλλήλων</em></strong></span> <span class='ocrx_word' id='word_1_174' title='bbox 1021 1846 1284 1905; x_wconf 75' lang='grc' dir='ltr'><strong><em>ἀκούσιοί</em></strong></span> <span class='ocrx_word' id='word_1_175' title='bbox 1304 1870 1363 1905; x_wconf 92' lang='grc' dir='ltr'><strong><em>τε</em></strong></span> <span class='ocrx_word' id='word_1_176' title='bbox 1390 1853 1483 1906; x_wconf 86' lang='grc' dir='ltr'><strong><em>καὶ</em></strong></span> <span class='ocrx_word' id='word_1_177' title='bbox 1514 1850 1761 1907; x_wconf 83' lang='grc' dir='ltr'><strong><em>ἑκούσιοι</em></strong></span> 
     </span>
    </p>

    <p class='ocr_par' dir='ltr' id='par_1_4' title="bbox 0 1924 1758 2019">
     <span class='ocr_line' id='line_1_22' title="bbox 0 1924 1758 2019; baseline -0.001 -31"><span class='ocrx_word' id='word_1_178' title='bbox 0 1924 5 2019; x_wconf 79' lang='grc' dir='ltr'>Ι</span> <span class='ocrx_word' id='word_1_179' title='bbox 70 1932 395 2005; x_wconf 76' lang='grc' dir='ltr'><strong><em>γιγνόμεναι</em></strong></span> <span class='ocrx_word' id='word_1_180' title='bbox 415 1933 723 2001; x_wconf 82' lang='grc' dir='ltr'><strong><em>διοριστέον</em></strong></span> <span class='ocrx_word' id='word_1_181' title='bbox 743 1936 819 1998; x_wconf 81' lang='grc' dir='ltr'><strong><em>εἰς</em></strong></span> <span class='ocrx_word' id='word_1_182' title='bbox 838 1931 1079 2004; x_wconf 87' lang='grc' dir='ltr'><strong><em>δύναμιν</em></strong></span> <span class='ocrx_word' id='word_1_183' title='bbox 1096 1934 1158 1988; x_wconf 80' lang='grc' dir='ltr'><strong><em>αἵ</em></strong></span> <span class='ocrx_word' id='word_1_184' title='bbox 1170 1932 1231 1988; x_wconf 85' lang='grc' dir='ltr'><strong><em>τέ</em></strong></span> <span class='ocrx_word' id='word_1_185' title='bbox 1259 1935 1364 1987; x_wconf 83' lang='grc' dir='ltr'><strong><em>εἰσι</em></strong></span> <span class='ocrx_word' id='word_1_186' title='bbox 1392 1929 1526 1988; x_wconf 84' lang='grc' dir='ltr'><strong><em>καὶ</em></strong></span> <span class='ocrx_word' id='word_1_187' title='bbox 1504 1929 1647 2003; x_wconf 91' lang='grc' dir='ltr'><strong><em>όσαι,</em></strong></span> <span class='ocrx_word' id='word_1_188' title='bbox 1668 1932 1758 1988; x_wconf 80' lang='grc' dir='ltr'><strong><em>καὶ</em></strong></span> 
     </span>
    </p>

    <p class='ocr_par' dir='ltr' id='par_1_5' title="bbox 0 2011 1824 2087">
     <span class='ocr_line' id='line_1_23' title="bbox 0 2011 1824 2087; baseline -0.001 -16"><span class='ocrx_word' id='word_1_189' title='bbox 0 2045 2 2052; x_wconf 59' lang='lat'>&gt;</span> <span class='ocrx_word' id='word_1_190' title='bbox 75 2035 157 2071; x_wconf 90' lang='grc' dir='ltr'><strong><em>ων</em></strong></span> <span class='ocrx_word' id='word_1_191' title='bbox 174 2011 250 2071; x_wconf 73' lang='grc' dir='ltr'><strong><em>ἄν</em></strong></span> <span class='ocrx_word' id='word_1_192' title='bbox 265 2013 639 2087; x_wconf 74' lang='grc' dir='ltr'><strong><em>τυγχάνουσαι</em></strong></span> <span class='ocrx_word' id='word_1_193' title='bbox 655 2014 1017 2086; x_wconf 82' lang='grc' dir='ltr'><strong><em>τιμωρήσεων</em></strong></span> <span class='ocrx_word' id='word_1_194' title='bbox 1035 2012 1095 2070; x_wconf 84' lang='grc' dir='ltr'><strong><em>τὸ</em></strong></span> <span class='ocrx_word' id='word_1_195' title='bbox 1126 2013 1456 2085; x_wconf 88' lang='grc' dir='ltr'><strong><em>πρόσφορον</em></strong></span> <span class='ocrx_word' id='word_1_196' title='bbox 1483 2017 1658 2084; x_wconf 81' lang='grc' dir='ltr'><strong><em>ἔχοιεν</em></strong></span> <span class='ocrx_word' id='word_1_197' title='bbox 1686 2035 1759 2070; x_wconf 92' lang='grc' dir='ltr'><strong><em>αν</em></strong></span> <span class='ocrx_word' id='word_1_198' title='bbox 1789 2038 1824 2079; x_wconf 82' lang='lat' dir='ltr'><strong>E</strong></span> 
     </span>
    </p>

    <p class='ocr_par' dir='ltr' id='par_1_6' title="bbox 0 2093 1760 2168">
     <span class='ocr_line' id='line_1_24' title="bbox 0 2093 1760 2168; baseline 0.001 -17"><span class='ocrx_word' id='word_1_199' title='bbox 0 2113 2 2129; x_wconf 85' lang='lat'><strong>¹</strong></span> <span class='ocrx_word' id='word_1_200' title='bbox 73 2097 312 2152; x_wconf 76' lang='grc' dir='ltr'><strong><em>ἕκασται.</em></strong></span> <span class='ocrx_word' id='word_1_201' title='bbox 348 2101 523 2152; x_wconf 88' lang='grc' dir='ltr'><strong><em>ταῦτα</em></strong></span> <span class='ocrx_word' id='word_1_202' title='bbox 548 2093 667 2167; x_wconf 89' lang='grc' dir='ltr'><strong><em>μετ’</em></strong></span> <span class='ocrx_word' id='word_1_203' title='bbox 697 2099 899 2167; x_wconf 79' lang='grc' dir='ltr'><strong><em>έκετνα,</em></strong></span> <span class='ocrx_word' id='word_1_204' title='bbox 930 2094 1004 2161; x_wconf 80' lang='grc' dir='ltr'><strong><em>ὡς</em></strong></span> <span class='ocrx_word' id='word_1_205' title='bbox 1034 2099 1230 2166; x_wconf 85' lang='grc' dir='ltr'><strong><em>ἔοικεν,</em></strong></span> <span class='ocrx_word' id='word_1_206' title='bbox 1257 2094 1448 2166; x_wconf 85' lang='grc' dir='ltr'><strong><em>ὀρθως</em></strong></span> <span class='ocrx_word' id='word_1_207' title='bbox 1475 2117 1548 2151; x_wconf 91' lang='grc' dir='ltr'><strong><em>αν</em></strong></span> <span class='ocrx_word' id='word_1_208' title='bbox 1586 2117 1760 2168; x_wconf 90' lang='grc' dir='ltr'><strong><em>νομο-</em></strong></span> 
     </span>
    </p>

    <p class='ocr_par' dir='ltr' id='par_1_7' title="bbox 0 2151 1762 2331">
     <span class='ocr_line' id='line_1_25' title="bbox 0 2151 1760 2249; baseline 0.001 -17"><span class='ocrx_word' id='word_1_209' title='bbox 0 2151 3 2246; x_wconf 74' lang='lat'>!</span> <span class='ocrx_word' id='word_1_210' title='bbox 74 2184 310 2235; x_wconf 82' lang='grc' dir='ltr'><strong><em>θετοττο.</em></strong></span> <span class='ocrx_word' id='word_1_211' title='bbox 344 2176 631 2248; x_wconf 87' lang='grc' dir='ltr'><strong><em>τραύματα</em></strong></span> <span class='ocrx_word' id='word_1_212' title='bbox 654 2177 722 2247; x_wconf 81' lang='grc' dir='ltr'><strong><em>δὴ</em></strong></span> <span class='ocrx_word' id='word_1_213' title='bbox 742 2179 834 2233; x_wconf 85' lang='grc' dir='ltr'><strong><em>καὶ</em></strong></span> <span class='ocrx_word' id='word_1_214' title='bbox 850 2176 1126 2248; x_wconf 74' lang='grc' dir='ltr'><strong><em>πηρώσεις</em></strong></span> <span class='ocrx_word' id='word_1_215' title='bbox 1153 2178 1215 2233; x_wconf 85' lang='grc' dir='ltr'><strong><em>έκ</em></strong></span> <span class='ocrx_word' id='word_1_216' title='bbox 1237 2177 1573 2249; x_wconf 88' lang='grc' dir='ltr'><strong><em>τραυμάτων</em></strong></span> <span class='ocrx_word' id='word_1_217' title='bbox 1600 2177 1667 2234; x_wconf 90' lang='grc' dir='ltr'><strong><em>τά</em></strong></span> <span class='ocrx_word' id='word_1_218' title='bbox 1696 2199 1760 2248; x_wconf 77' lang='grc' dir='ltr'><strong><em>γε</em></strong></span> 
     </span>
     <span class='ocr_line' id='line_1_26' title="bbox 76 2254 1762 2331; baseline 0.002 -19"><span class='ocrx_word' id='word_1_219' title='bbox 76 2257 311 2326; x_wconf 84' lang='grc' dir='ltr'><strong><em>δεύτερα</em></strong></span> <span class='ocrx_word' id='word_1_220' title='bbox 327 2256 464 2328; x_wconf 79' lang='grc' dir='ltr'><strong><em>μετὰ</em></strong></span> <span class='ocrx_word' id='word_1_221' title='bbox 482 2257 767 2323; x_wconf 88' lang='grc' dir='ltr'><strong><em>θανάτους</em></strong></span> <span class='ocrx_word' id='word_1_222' title='bbox 785 2260 879 2316; x_wconf 81' lang='grc' dir='ltr'><strong><em>καὶ</em></strong></span> <span class='ocrx_word' id='word_1_223' title='bbox 906 2256 935 2315; x_wconf 87' lang='grc' dir='ltr'>ὁ</span> <span class='ocrx_word' id='word_1_224' title='bbox 968 2257 1315 2331; x_wconf 83' lang='grc' dir='ltr'><strong><em>φαυλότατος</em></strong></span> <span class='ocrx_word' id='word_1_225' title='bbox 1342 2254 1415 2314; x_wconf 73' lang='grc' dir='ltr'><strong><em>ἄν</em></strong></span> <span class='ocrx_word' id='word_1_226' title='bbox 1432 2258 1619 2325; x_wconf 79' lang='grc' dir='ltr'><strong><em>τάξειε</em></strong></span> <span class='ocrx_word' id='word_1_227' title='bbox 1646 2266 1762 2316; x_wconf 81' lang='grc' dir='ltr'><strong><em>τῶν</em></strong></span> 
     </span>
    </p>

    <p class='ocr_par' dir='ltr' id='par_1_8' title="bbox 0 2338 1874 2902">
     <span class='ocr_line' id='line_1_27' title="bbox 0 2338 1761 2413; baseline 0.001 -17"><span class='ocrx_word' id='word_1_228' title='bbox 0 2365 1 2370; x_wconf 60' lang='grc'>’</span> <span class='ocrx_word' id='word_1_229' title='bbox 74 2341 164 2396; x_wconf 73' lang='grc' dir='ltr'><strong><em>ἐπὶ</em></strong></span> <span class='ocrx_word' id='word_1_230' title='bbox 183 2341 364 2411; x_wconf 89' lang='grc' dir='ltr'><strong><em>νόμον</em></strong></span> <span class='ocrx_word' id='word_1_231' title='bbox 377 2342 747 2412; x_wconf 76' lang='grc' dir='ltr'><strong><em>τρεπομένων.</em></strong></span> <span class='ocrx_word' id='word_1_232' title='bbox 780 2338 846 2397; x_wconf 78' lang='grc' dir='ltr'><strong><em>τά</em></strong></span> <span class='ocrx_word' id='word_1_233' title='bbox 867 2340 935 2412; x_wconf 89' lang='grc' dir='ltr'><strong><em>δὴ</em></strong></span> <span class='ocrx_word' id='word_1_234' title='bbox 955 2340 1260 2412; x_wconf 85' lang='grc' dir='ltr'><strong><em>τραύματα,</em></strong></span> <span class='ocrx_word' id='word_1_235' title='bbox 1280 2340 1540 2413; x_wconf 85' lang='grc' dir='ltr'><strong><em>καθάπερ</em></strong></span> <span class='ocrx_word' id='word_1_236' title='bbox 1569 2344 1629 2397; x_wconf 79' lang='grc' dir='ltr'><strong><em>οἰ</em></strong></span> <span class='ocrx_word' id='word_1_237' title='bbox 1652 2342 1761 2412; x_wconf 90' lang='grc' dir='ltr'><strong><em>φό-</em></strong></span> 
     </span>
     <span class='ocr_line' id='line_1_28' title="bbox 73 2419 1759 2498; baseline 0.001 -20"><span class='ocrx_word' id='word_1_238' title='bbox 73 2442 164 2478; x_wconf 89' lang='grc' dir='ltr'><strong><em>νοι</em></strong></span> <span class='ocrx_word' id='word_1_239' title='bbox 182 2421 462 2494; x_wconf 84' lang='grc' dir='ltr'><strong><em>διῄρηντο,</em></strong></span> <span class='ocrx_word' id='word_1_240' title='bbox 490 2425 809 2493; x_wconf 87' lang='grc' dir='ltr'><strong><em>διαιρετέον,</em></strong></span> <span class='ocrx_word' id='word_1_241' title='bbox 837 2420 906 2478; x_wconf 77' lang='grc' dir='ltr'><strong><em>τὰ</em></strong></span> <span class='ocrx_word' id='word_1_242' title='bbox 925 2425 1030 2495; x_wconf 75' lang='grc' dir='ltr'><strong><em>μὲν</em></strong></span> <span class='ocrx_word' id='word_1_243' title='bbox 1046 2421 1300 2490; x_wconf 76' lang='grc' dir='ltr'><strong><em>ἀκούσια,</em></strong></span> <span class='ocrx_word' id='word_1_244' title='bbox 1320 2419 1387 2478; x_wconf 80' lang='grc' dir='ltr'><strong><em>τὰ</em></strong></span> <span class='ocrx_word' id='word_1_245' title='bbox 1408 2423 1468 2478; x_wconf 78' lang='grc' dir='ltr'><strong><em>δὲ</em></strong></span> <span class='ocrx_word' id='word_1_246' title='bbox 1483 2430 1671 2498; x_wconf 76' lang='grc' dir='ltr'><strong><em>θυμῷ,</em></strong></span> <span class='ocrx_word' id='word_1_247' title='bbox 1692 2446 1759 2480; x_wconf 93' lang='grc' dir='ltr'><strong><em>τα</em></strong></span> 
     </span>
     <span class='ocr_line' id='line_1_29' title="bbox 78 2501 1760 2597; baseline 0.002 -41"><span class='ocrx_word' id='word_1_248' title='bbox 78 2502 139 2557; x_wconf 62' lang='grc' dir='ltr'><strong><em>δὲ</em></strong></span> <span class='ocrx_word' id='word_1_249' title='bbox 157 2501 335 2597; x_wconf 84' lang='grc' dir='ltr'><strong><em>φόβφ,</em></strong></span> <span class='ocrx_word' id='word_1_250' title='bbox 350 2504 419 2560; x_wconf 80' lang='grc' dir='ltr'><strong><em>τὰ</em></strong></span> <span class='ocrx_word' id='word_1_251' title='bbox 439 2502 499 2560; x_wconf 70' lang='grc' dir='ltr'><strong><em>δὲ</em></strong></span> <span class='ocrx_word' id='word_1_252' title='bbox 516 2501 698 2560; x_wconf 85' lang='grc' dir='ltr'><strong><em>ὁπόσα</em></strong></span> <span class='ocrx_word' id='word_1_253' title='bbox 722 2506 783 2560; x_wconf 86' lang='grc' dir='ltr'><strong><em>έκ</em></strong></span> <span class='ocrx_word' id='word_1_254' title='bbox 811 2509 1076 2576; x_wconf 82' lang='grc' dir='ltr'><strong><em>προνοίας</em></strong></span> <span class='ocrx_word' id='word_1_255' title='bbox 1106 2504 1330 2561; x_wconf 80' lang='grc' dir='ltr'><strong><em>ἑκούσια</em></strong></span> <span class='ocrx_word' id='word_1_256' title='bbox 1359 2508 1645 2575; x_wconf 82' lang='grc' dir='ltr'><strong><em>ξυμβαίνει</em></strong></span> <span class='ocrx_word' id='word_1_257' title='bbox 1672 2527 1760 2575; x_wconf 76' lang='grc' dir='ltr'><strong><em>γι-</em></strong></span> 
     </span>
     <span class='ocr_line' id='line_1_30' title="bbox 78 2581 1760 2659; baseline 0.004 -22"><span class='ocrx_word' id='word_1_258' title='bbox 78 2581 346 2652; x_wconf 76' lang='grc' dir='ltr'><strong><em>γνόμενα·</em></strong></span> <span class='ocrx_word' id='word_1_259' title='bbox 388 2589 731 2659; x_wconf 78' lang='grc' dir='ltr'><strong><em>προρρητέον</em></strong></span> <span class='ocrx_word' id='word_1_260' title='bbox 754 2587 824 2659; x_wconf 84' lang='grc' dir='ltr'><strong><em>δή</em></strong></span> <span class='ocrx_word' id='word_1_261' title='bbox 852 2609 904 2643; x_wconf 95' lang='grc' dir='ltr'><strong><em>τι</em></strong></span> <span class='ocrx_word' id='word_1_262' title='bbox 939 2589 1063 2657; x_wconf 85' lang='grc' dir='ltr'><strong><em>περὶ</em></strong></span> <span class='ocrx_word' id='word_1_263' title='bbox 1092 2586 1320 2645; x_wconf 86' lang='grc' dir='ltr'><strong><em>πάντων</em></strong></span> <span class='ocrx_word' id='word_1_264' title='bbox 1349 2592 1462 2641; x_wconf 81' lang='grc' dir='ltr'><strong><em>τῶν</em></strong></span> <span class='ocrx_word' id='word_1_265' title='bbox 1491 2586 1760 2643; x_wconf 87' lang='grc' dir='ltr'><strong><em>τοιούτων</em></strong></span> 
     </span>
     <span class='ocr_line' id='line_1_31' title="bbox 78 2661 1759 2740; baseline 0.002 -22"><span class='ocrx_word' id='word_1_266' title='bbox 78 2664 314 2734; x_wconf 84' lang='grc' dir='ltr'><strong><em>τοιόνδε,</em></strong></span> <span class='ocrx_word' id='word_1_267' title='bbox 345 2661 422 2729; x_wconf 74' lang='grc' dir='ltr'><strong><em>ὥς</em></strong></span> <span class='ocrx_word' id='word_1_268' title='bbox 448 2664 557 2737; x_wconf 74' lang='grc' dir='ltr'><strong><em>ἄρα</em></strong></span> <span class='ocrx_word' id='word_1_269' title='bbox 585 2668 794 2740; x_wconf 84' lang='grc' dir='ltr'><strong><em>νόμους</em></strong></span> <span class='ocrx_word' id='word_1_270' title='bbox 829 2668 1152 2739; x_wconf 74' lang='grc' dir='ltr'><strong><em>ἀνθρώποις</em></strong></span> <span class='ocrx_word' id='word_1_271' title='bbox 1175 2666 1482 2738; x_wconf 75' lang='grc' dir='ltr'><strong><em>ἀναγκαῖον</em></strong></span> <span class='ocrx_word' id='word_1_272' title='bbox 1499 2672 1759 2724; x_wconf 85' lang='grc' dir='ltr'><strong><em>τίθεσθαι</em></strong></span> 
     </span>
     <span class='ocr_line' id='line_1_32' title="bbox 79 2745 1757 2822; baseline -0.005 -10"><span class='ocrx_word' id='word_1_273' title='bbox 79 2747 168 2801; x_wconf 64' lang='grc' dir='ltr'><strong><em>καὶ</em></strong></span> <span class='ocrx_word' id='word_1_274' title='bbox 190 2749 288 2817; x_wconf 77' lang='grc' dir='ltr'><strong><em>ζῇν</em></strong></span> <span class='ocrx_word' id='word_1_275' title='bbox 305 2766 443 2804; x_wconf 82' lang='grc' dir='ltr'><strong><em>κατα</em></strong></span> <span class='ocrx_word' id='word_1_276' title='bbox 460 2746 686 2819; x_wconf 77' lang='grc' dir='ltr'><strong><em>νόμους,</em></strong></span> <span class='ocrx_word' id='word_1_277' title='bbox 697 2773 732 2821; x_wconf 85' lang='grc' dir='ltr'><strong><em>η</em></strong></span> <span class='ocrx_word' id='word_1_278' title='bbox 710 2745 927 2822; x_wconf 59' lang='grc' dir='ltr'><strong><em>*μηδὲν</em></strong></span> <span class='ocrx_word' id='word_1_279' title='bbox 942 2752 1228 2820; x_wconf 86' lang='grc' dir='ltr'><strong><em>διαφέρειν</em></strong></span> <span class='ocrx_word' id='word_1_280' title='bbox 1244 2770 1358 2804; x_wconf 89' lang='grc' dir='ltr'><strong><em>των</em></strong></span> <span class='ocrx_word' id='word_1_281' title='bbox 1370 2746 1549 2819; x_wconf 88' lang='grc' dir='ltr'><strong><em>πάντη</em></strong></span> <span class='ocrx_word' id='word_1_282' title='bbox 1562 2768 1757 2819; x_wconf 76' lang='grc' dir='ltr'><strong><em>αγριω·</em></strong></span> 
     </span>
     <span class='ocr_line' id='line_1_33' title="bbox 78 2826 1874 2902; baseline 0.004 -21"><span class='ocrx_word' id='word_1_283' title='bbox 78 2827 259 2882; x_wconf 78' lang='grc' dir='ltr'><strong><em>τάτων</em></strong></span> <span class='ocrx_word' id='word_1_284' title='bbox 278 2832 511 2897; x_wconf 84' lang='grc' dir='ltr'><strong><em>θηρίων.</em></strong></span> <span class='ocrx_word' id='word_1_285' title='bbox 546 2826 583 2900; x_wconf 81' lang='grc' dir='ltr'><strong><em>ἡ</em></strong></span> <span class='ocrx_word' id='word_1_286' title='bbox 604 2830 662 2887; x_wconf 69' lang='grc' dir='ltr'><strong><em>δὲ</em></strong></span> <span class='ocrx_word' id='word_1_287' title='bbox 685 2835 830 2888; x_wconf 81' lang='grc' dir='ltr'><strong><em>αἰτία</em></strong></span> <span class='ocrx_word' id='word_1_288' title='bbox 850 2832 1065 2888; x_wconf 88' lang='grc' dir='ltr'><strong><em>τούτων</em></strong></span> <span class='ocrx_word' id='word_1_289' title='bbox 1090 2828 1249 2902; x_wconf 80' lang='grc' dir='ltr'><strong><em>ἥδε,</em></strong></span> <span class='ocrx_word' id='word_1_290' title='bbox 1227 2829 1311 2886; x_wconf 89' lang='grc' dir='ltr'><strong><em>ότι</em></strong></span> <span class='ocrx_word' id='word_1_291' title='bbox 1333 2829 1498 2901; x_wconf 81' lang='grc' dir='ltr'><strong><em>φύσις</em></strong></span> <span class='ocrx_word' id='word_1_292' title='bbox 1529 2828 1760 2900; x_wconf 76' lang='grc' dir='ltr'><strong><em>α’νθροό-</em></strong></span> <span class='ocrx_word' id='word_1_293' title='bbox 1787 2842 1874 2889; x_wconf 79' lang='grc'><strong><em>875</em></strong></span> 
     </span>
    </p>
   </div>
  </div>
 </body>
</html>
