1976 3172
260 133 331 187 84
873 132 1350 187 ΠΛΑΤΩΝΟΣ

309 293 315 298 ·
402 272 520 322 ΑΘ.
566 265 681 337 Τὴν
701 265 937 337 ὅταντῴ
958 286 1009 319 τι
1030 263 1197 330 δόξαν
1218 263 1392 320 καλὸν
1408 262 1444 336 ἦ
1464 263 1688 335 ἀγαθὸν
1707 265 1847 322 εἶναι
1874 268 1951 340 μὴ

260 354 396 419 φιλῇ
415 353 580 403 τοῦτο
602 346 740 403 ἀλλά
760 352 910 418 μισῇ,
932 343 992 400 τὸ
1026 348 1085 401 δὲ
1115 350 1366 418 πονηρὸν
1394 350 1487 402 καὶ
1517 346 1711 403 ἄδικον
1743 352 1953 404 δοκοῦν

261 428 405 485 εἶναι
420 436 558 501 φιλῇ
577 452 634 485 τε
663 431 754 485 καὶ
783 426 1101 498 ἀσπάζηται.
1139 430 1347 500 ταύτην
1373 429 1478 500 τὴν
1509 432 1821 500 διαφωνίαν
1850 431 1951 485 λύ-

260 531 368 582 πης
401 532 459 566 τε
479 512 570 566 καὶ
602 508 807 582 ἡδονῆς
828 508 968 581 πρὸς
997 508 1100 580 τὴν
1123 509 1262 566 κατὰ
1293 511 1466 582 λόγον
1496 511 1665 577 δόξαν
1702 509 1951 582 ἀμαθίαν

261 593 402 664 φημὶ
421 590 560 648 εἶναι
577 590 681 664 τὴν
702 590 951 663 ἐσχοζτην,
972 596 1236 662 μεγίστην
1249 594 1326 662 δέ,
1347 591 1431 648 ὅτι
1450 599 1551 648 τοῦ
1569 592 1824 663 πλήθους
1841 593 1954 647 ἐστὶ

202 695 234 734 Β
265 681 360 745 τῆς
378 680 580 746 ψυχῆς·
617 672 679 729 τὸ
699 672 806 745 γὰρ
825 673 1185 744 λυπούμενον
1214 674 1305 729 καὶ
1333 671 1609 745 ἡδόμενον
1628 673 1798 745 αὐτῆς
1817 672 1952 745 ὅπερ

261 756 435 826 δῆμός
451 777 510 811 τε
528 758 620 811 καὶ
640 761 858 827 πλῆθος
890 754 1103 820 πόλεώς
1131 757 1294 814 ἐστιν
1334 753 1472 811 όταν
1502 778 1608 812 ουν
1633 757 1952 827 ἐπιστήμαις

259 834 296 908 ἢ
316 833 544 902 δόξαις
517 835 554 908 η’
573 837 722 911 λόγῳ
742 839 1084 906 ἐναντιῶται,
1104 847 1217 900 τοῖς
1238 836 1405 906 φύσει
1433 836 1690 936 ἀρχικοῖς,
1722 835 1755 908 ἡ
1787 836 1974 907 ψυχή,

260 924 425 973 τοῦτο
446 916 648 973 ἄνοιαν
666 918 1088 1017 προσαγορεύω,
1110 918 1323 984 πόλεως
1331 940 1416 1018 τε,
1448 917 1584 975 ὅταν
1605 918 1856 1023 ἄρχουσι(
1862 919 1956 973 καὶ

262 1000 458 1071 νόμοις
486 1001 559 1071 μη
592 1005 852 1071 πείθηται
881 999 942 1055 τό
975 1005 1209 1070 πλῆθος,
1244 997 1469 1070 ταύτόν,
1498 1002 1590 1056 καὶ
1621 1000 1687 1071 δὴ
1719 1002 1811 1056 καὶ
1831 997 1968 1064 ἑνὸς,

261 1077 485 1152 ἀνδρός,
507 1078 716 1154 ὁπόταν
735 1083 893 1137 καλοὶ
910 1083 970 1135 ἐν
990 1085 1139 1151 ψυχῇ
1158 1078 1316 1150 λόγοι
1333 1080 1552 1145 ἐνόντες
1571 1083 1743 1177 μηδεν
1757 1087 1956 1136 ποιῶσι

261 1163 450 1231 πλέον,
483 1159 622 1216 ἀλλά
650 1160 716 1232 δὴ
755 1161 972 1226 τούτοις
1009 1168 1123 1216 πᾶν
1157 1158 1502 1216 τούναντίον.
1539 1162 1740 1226 ταύτας
1777 1161 1955 1226 πάσας

204 1251 235 1293 C
262 1241 507 1313 ἀμαθίας
537 1241 632 1308 τάς
660 1239 1143 1317 πλημμελεστάτας
1171 1242 1334 1314 ἔγωγ’
1371 1237 1444 1298 ἀν
1471 1249 1635 1314 θείην
1664 1242 1875 1308 πόλεώς
1890 1261 1954 1299 τε

261 1325 402 1380 καὶ
373 1322 498 1389 ενὸς
521 1323 757 1380 ἑκάστου
775 1331 888 1381 τῶν
907 1331 1166 1396 πολιτων,
1186 1322 1312 1380 ἀλλ’
1346 1323 1414 1380 ού
1435 1324 1532 1389 τάς
1550 1333 1663 1380 τῶν
1686 1329 1954 1396 δημιουρ-

261 1412 395 1478 γῶν,
422 1410 472 1462 εί
488 1404 598 1479 α’ρα
617 1429 727 1477 μου
745 1406 1221 1478 καταμανθάνετε,
1243 1428 1286 1461 ω
1268 1400 1515 1477 ξένοι,
1494 1429 1522 1462 ο
1518 1405 1702 1477 λέγω.

403 1493 522 1543 ΚΛ.
561 1489 959 1560 Μανθάνομέν
987 1510 1064 1560 τε,
1103 1482 1148 1544 c5
1172 1493 1315 1559 φίλε,
1354 1491 1446 1544 καὶ
1483 1495 1883 1561 συγχωροῦμεν
1919 1487 1954 1544 ὁὶ

262 1572 454 1639 λέγεις.

404 1658 522 1707 ΑΘ.
567 1658 746 1709 Τοῦτο
767 1655 869 1724 μὲν
888 1658 1082 1709 τοίνυν
1103 1652 1249 1709 οὕτω
1271 1657 1480 1708 κείσθω
1507 1655 1844 1724 δεδογμένον
1862 1655 1954 1710 καὶ

261 1733 582 1836 λεγόμενον,
610 1731 684 1799 ὣς
703 1746 815 1800 τοῖς
835 1733 992 1791 ταῦτ’
1029 1735 1410 1806 ἀμαθαίνουσι
1437 1741 1553 1791 τῶν
1580 1742 1823 1791 πολιτῶν
1855 1736 1956 1791 ού·-

199 1866 211 1870 ,
262 1815 357 1870 δεν
382 1817 734 1886 ἐπιτρεπτέον
755 1815 928 1888 ἀρχῆς
946 1817 1211 1888 ἐχόμενον
1228 1819 1322 1873 καὶ
1344 1839 1417 1882 ως
1448 1815 1722 1888 ἀμαθέσιν
1750 1816 1955 1873 ὀνειδι-

262 1900 439 1968 στέον,
462 1892 533 1951 ἂν
551 1899 643 1952 καὶ
661 1896 813 1953 πάνυ
832 1904 1139 1969 λογιστικοί
1159 1921 1217 1954 τε
1237 1892 1339 1955 ωσι
1356 1901 1449 1955 καὶ
1467 1899 1648 1954 πάντα
1677 1921 1744 1977 τα
1763 1898 1953 1970 κομψά

196 1992 230 2032 D
261 1978 354 2033 καὶ
373 1976 478 2033 όσα
503 1977 642 2050 πρὸς
661 1978 822 2049 τοῖχος
838 1985 933 2050 τῆς
962 1986 1142 2051 ψυχῆς
1171 1980 1459 2052 πεφυκότα
1489 1968 1955 2052 διαπεπονημένοι

263 2059 500 2132 ἅπαντα,
531 2059 663 2125 τοὺς
693 2060 752 2116 δὲ
778 2059 1112 2118 τούναντίον
1140 2066 1363 2134 ἔχοντας
1390 2063 1607 2119 τούτων
1633 2061 1707 2130 ως
1742 2063 1955 2135 σοφούς

220 2203 223 2210 Α
262 2163 319 2196 τε
358 2145 720 2214 προσρητέον,
764 2139 836 2198 ἀν
873 2145 965 2199 καὶ
1011 2144 1073 2199 τὸ
1106 2147 1431 2217 -λεγόμενον
1477 2146 1614 2218 μήτε
1659 2146 1954 2219 γράμματα

261 2223 398 2294 μήτε
417 2235 536 2279 νεῖν
559 2227 904 2296 ἐπίστωνται,
935 2227 1027 2283 καὶ
1048 2225 1145 2292 τὰς
1172 2226 1343 2299 ἀρχάς
1372 2230 1566 2286 δοτέον
1594 2252 1668 2295 ως
1696 2234 1948 2302 ἔμφροσι.

262 2310 382 2368 πῶς
397 2302 505 2375 γάρ
527 2305 615 2375 ἄν,
636 2329 679 2360 ω
701 2312 871 2377 φίλοι,
896 2306 1033 2362 ἄνευ
1053 2312 1375 2379 ξυμφωνίας
1392 2309 1594 2380 γένοιτ’
1632 2307 1704 2366 ἀν
1736 2311 1953 2406 φρονή-

262 2401 401 2450 σεως
430 2388 522 2441 καὶ
551 2385 614 2440 τὸ
649 2387 1016 2456 σμικρότατον
1045 2387 1213 2455 εἷδος;
1251 2389 1356 2444 οὐκ
1391 2394 1557 2458 ἔστιν,
1589 2388 1715 2444 ἀλλ’
1753 2413 1786 2460 η
1815 2398 1951 2446 καλ-

263 2471 418 2538 λίστη
439 2468 531 2523 καὶ
550 2471 776 2538 μεγίστη
796 2489 909 2523 των
928 2472 1270 2538 ξυμφωνιων
1296 2474 1522 2540 μεγίστη
1553 2469 1850 2526 δικαιότατ’
1878 2468 1951 2527 ἀν

262 2550 474 2618 λέγοιτο
518 2552 705 2619 σοφία,
743 2544 809 2620 ἧς
846 2547 874 2605 6
906 2548 1008 2621 μὲν
1034 2550 1172 2606 κατὰ
1210 2551 1381 2622 λόγον
1407 2557 1516 2618 ζῶν
1552 2554 1794 2623 μέτοχος,
1833 2550 1861 2607 ὁ
1894 2552 1946 2608 δ’

263 2628 697 2701 ἀπολειπόμενος
717 2632 1058 2704 οἰκοφθόρος
1077 2634 1169 2688 καὶ
1187 2635 1311 2703 περὶ
1336 2634 1503 2690 πόλιν
1527 2633 1747 2708 οὐδαμῇ
1765 2633 1945 2706 σωτὴρ

199 2725 232 2764 Ε
264 2709 403 2769 ἀλλὰ
422 2720 534 2769 πᾶν
551 2711 882 2771 τούναντίον
900 2712 1235 2786 ἀμαθαίνων
1254 2720 1330 2782 είς
1356 2722 1528 2773 ταῦτα
1556 2712 1812 2774 ἑκάστοτε
1835 2739 1948 2788 φα-
