1976 3172
254 139 324 191 72
851 136 1323 212 ΠΛΑΤΩΝρΣ
1361 131 1367 137 ·

253 266 318 328 εὖ
336 276 416 342 τῶ
425 276 506 343 σῷ
523 270 670 343 λόγῳ
690 272 832 324 ἔοικε
850 281 1166 339 μαρτυρεῖν,
1187 268 1247 324 τὸ
1271 267 1497 341 ἀρχαῖον
1516 267 1703 325 αὐτῶν
1721 271 1809 326 ἐπὶ
1827 270 1930 342 τὴν

254 350 549 423 ἀγριότητα
569 348 659 406 διὰ
677 353 1019 421 μυθολογίας
1043 350 1391 419 ἐπανενεγκώ
1397 371 1440 404 ν.

392 439 511 489 ΑΘ.
550 438 681 502 Ναί,
721 436 1096 503 ξυμμαρτυρεῖ
1123 433 1229 502 γὰρ
1259 433 1349 486 καὶ
1378 431 1636 502 λάβωμέν
1662 452 1727 502 γε
1760 431 1932 488 αὐτὸν
1961 423 1976 431 ⁸

253 515 523 587 μηνυτήν,
552 512 637 570 ὅτι
654 518 903 569 τοιαῦται
927 518 1191 568 πολιτεῖαι
1215 516 1506 583 γίγνονταί
1529 532 1676 568 ποτε.

393 601 511 654 ΚΛ.
550 601 764 660 Καλῶς.

393 685 513 734 ΛΘ.
549 683 698 732 Μῶν
718 668 824 731 οὗν
843 675 948 731 οὐκ
975 677 1035 730 ἐκ
1063 674 1278 730 τούτων
1309 682 1423 731 τῶν
1452 673 1590 730 κατὰ
1618 680 1750 745 μίαν
1777 683 1934 777 οἴκηκ
1972 686 1976 690 ’

254 767 344 815 σίν
383 760 476 815 καὶ
510 757 644 813 κατὰ
686 760 846 827 γένος
881 759 1297 827 διεσπαρμένων
1332 754 1442 812 ὑπὸ
1480 755 1712 826 ἀπορίας
1744 763 1838 827 τῆς
1873 759 1934 812 ἐν

193 843 226 886 Ε
257 850 373 904 ταῖς
402 846 662 910 φθοραῖς,
683 839 745 892 ἐν
763 832 930 905 οἷέτό,
947 836 1329 911 πρεσβύτατον
1352 835 1503 908 ἄρχει
1528 835 1616 892 διὰ
1635 835 1696 893 τό
1716 835 1819 907 τὴν
1840 834 1932 906 ἀρ-

174 947 179 951 ·
210 935 213 939 ’
250 919 355 994 χὴν
373 917 560 984 αὐτοῖς
589 921 649 973 ἐκ
679 915 884 989 πατρὸς
901 920 997 994 καὶ,
1014 916 1224 988 ,μητρὸς
1241 921 1546 990 γεγονέναι,
1578 914 1658 983 οἷς
1676 918 1936 988 ἑπόμενοι

253 1000 512 1072 καθάπερ
550 999 777 1071 ὄρνιθες
807 997 1012 1070 ἀγέλην
1041 1005 1175 1069 μίαν
1204 999 1514 1069 ποιήσουσι,
1548 1000 1936 1071 πατρονομού-

254 1104 411 1153 μενοι
428 1085 520 1138 καὶ
539 1085 825 1153 βασιλείαν
848 1082 1047 1134 πασῶν
1065 1079 1419 1149 δικαιοτάτην
1434 1081 1882 1151 βασιλευόμενοι;

394 1169 452 1218 Κ
455 1168 514 1221 Α.
551 1161 717 1217 Πάνυ
736 1160 838 1231 μὲν
858 1154 978 1215 οὖν.

393 1251 510 1301 ΑΘ.
554 1241 711 1299 Μετὰ
732 1246 792 1298 δὲ
806 1241 981 1297 ταῦτά
999 1262 1061 1311 γε
1082 1245 1158 1306 εἰς
1173 1240 1235 1296 τὸ
1256 1243 1450 1298 κοινὸν
1469 1247 1683 1313 μείζους
1705 1250 1938 1300 ποιοῦν-

253 1349 341 1393 τες
359 1327 545 1392 πόλεις
563 1330 786 1391 πλείους
805 1328 1181 1395 συνέρχονται,
1213 1326 1306 1379 καὶ
1333 1327 1420 1380 ἐπὶ
1449 1331 1717 1395 γεωργίας
1748 1325 1845 1390 τὰς
1874 1328 1937 1381 ἐν

137 1410 222 1455 681
255 1421 371 1475 ταῖς
388 1407 685 1478 ὑπωρείαις
702 1409 995 1477 τρέπονται
1013 1405 1251 1475 πρώτας,
1272 1407 1603 1477 περιβόλους
1629 1428 1688 1462 τε
1716 1410 1936 1477 αἱμασι-

258 1493 416 1557 ώδεις
433 1490 586 1556 τινὰς
603 1496 797 1560 τειχῶν
813 1488 1059 1594 ἐρύματα
1077 1491 1190 1562 ζῶν
1207 1495 1426 1560 θηρίων
1447 1491 1608 1545 ἕνεκα
1627 1494 1936 1559 ποιοῦνται,

256 1579 390 1645 μιάν
418 1578 600 1629 οἰκίαν
617 1594 690 1627 αυ
712 1568 909 1642 κοινὴν
927 1573 1019 1626 καὶ
1047 1570 1294 1640 μεγάλην
1315 1568 1727 1635 ἀποτελοῦντες.

398 1654 634 1712 ΚΛ.Τὸ
653 1661 799 1727 γοῦν
817 1652 964 1718 εἰκὸς
981 1652 1150 1708 ταῦθ’
1175 1652 1323 1708 οὕτω
1349 1658 1657 1725 γίγνεσθαι.

395 1745 513 1795 ΑΘ.
557 1742 628 1793 Τί
640 1738 728 1803 δέ;
765 1735 894 1791 τόδε
917 1737 1026 1804 ἀρα
1045 1733 1148 1790 οὐκ
1168 1735 1338 1802 εἰκός;

395 1818 632 1876 ΚΛ.Τὸ
653 1829 839 1883 ποιον;

396 1909 514 1959 ΑΘ.
556 1905 684 1956 Τῶν
710 1899 980 1971 οἰκήσεων
1008 1898 1224 1954 τούτων
1251 1897 1519 1968 μειζόνων
1547 1893 1940 1967 αὐξανομένων

256 1987 317 2041 ἐκ
335 1981 450 2040 τῶν
468 1981 780 2039 ἐλαττόνων
790 1984 883 2038 καὶ
900 1980 1137 2053 πρώτων
1150 1979 1382 2050 ἑκάστην
1400 1986 1512 2035 τῶν
1528 1985 1776 2052 σμικρῶν
1796 1999 1940 2048 παρ·-

258 2077 399 2122 εἴναι
427 2063 566 2121 κατὰ
604 2067 765 2134 γένος
801 2068 1038 2134 ἔχουσαν
1066 2063 1166 2117 τόν
1191 2083 1250 2118 τε
1285 2060 1667 2132 πρεσβύτατον
1702 2059 1942 2131 ἄρχοντα

186 2158 224 2232 Β
258 2150 350 2203 καὶ
373 2145 543 2218 αὑτῆς
578 2150 685 2218 ἔθη
723 2145 860 2201 άττα
896 2149 1007 2201 ἴδια
1043 2142 1133 2199 διὰ
1169 2142 1231 2199 τὸ
1264 2144 1434 2243 χωρὶς
1463 2140 1719 2214 ἀλληλων
1753 2145 1941 2210 οἰκεῖν,

259 2230 418 2299 ε’τερα
437 2224 539 2297 ἀφ’
562 2229 764 2298 ετέρων
790 2227 973 2283 ὄντων
989 2232 1102 2283 τῶν
1129 2224 1485 2297 γεννητόρων
1502 2246 1561 2280 τε
1578 2225 1670 2280 καὶ
1687 2222 1943 2293 θρεψάν-

260 2329 389 2379 των,
412 2304 446 2362 ἃ
469 2311 804 2378 εἰθίσθησαν
832 2309 958 2378 περὶ
985 2307 1159 2371 θεούς
1179 2328 1239 2362 τε
1267 2308 1413 2362 καὶ
1385 2327 1617 2370 εαυτους
1642 2306 1944 2374 κοσμιωτέ-

262 2412 377 2458 ρων
412 2411 515 2460 μεν
555 2388 900 2460 κοσμιώτερα
946 2391 1038 2444 καὶ
1080 2379 1360 2457 ἀνδρικῶν
1396 2385 1795 2453 ἀνδρικώτερα·
1851 2385 1943 2438 καὶ

260 2470 400 2527 κατὰ
440 2470 652 2540 τρόπον
699 2469 877 2534 οὕτως
923 2469 1187 2533 ἑκάστους
1229 2468 1325 2531 τὰς
1365 2463 1552 2521 αὑτῶν
1590 2463 1661 2520 ἂν
1710 2466 1944 2533 αἱρέσεις

262 2558 338 2618 εἰς
375 2551 506 2617 τοὺς
540 2556 739 2617 παῖδας
767 2550 1262 2621 ἀποτυπουμένους
1287 2551 1380 2604 καὶ
1409 2548 1874 2613 παίδωνπαῖδας,
1911 2541 1944 2598 ὃ

263 2639 511 2708 λέγομεν,
530 2634 688 2706 ἥκειν
707 2639 930 2705 ἔχοντας
945 2637 1118 2697 ἰδίους
1135 2630 1343 2702 νόμους
1363 2635 1438 2695 εἰς
1450 2627 1557 2700 τὴν
1577 2631 1795 2698 μείζονα
1815 2629 1943 2692 ξυν-

263 2721 458 2773 οικίαν.

406 2805 524 2855 ΚΛ.
559 2804 689 2862 Πῶς
715 2795 822 2869 γάρ
852 2795 946 2864 οὔ,
