1976 3172
692 128 1013 179 ΝΟΜΩΝ
1045 120 1105 189 η’.
1634 122 1740 176 255

48 271 355 343 φυλάρχοις
371 287 433 323 τε
448 265 543 322 καὶ
561 263 856 333 ἱππάρχοις
877 262 1145 331 δεδομένη
1169 258 1330 331 κοινὴ
1351 263 1529 330 κρίσις
1553 258 1740 315 ἀπάν-

48 375 164 410 των
180 373 296 407 των
309 370 370 406 τε
389 347 619 419 δρόμων
641 343 832 402 αὐτων
854 345 950 399 καὶ
974 348 1091 399 τοῖν
1117 341 1572 414 καταβαινόντων
1600 340 1738 414 μεθ’

47 435 266 493 οπλων·
295 440 478 500 ψιλοῖς
497 431 556 487 δὲ
575 428 768 487 ὅπλων
786 423 909 483 οὔτ’
941 427 1004 481 έν
1031 436 1147 490 τοῖς
1173 434 1465 495 γυμνικοῖς
1492 422 1616 479 οὔτ’
1645 427 1740 481 ἐν-

43 523 235 574 ταῦθα
259 518 509 580 τιθέντες
526 511 768 584 ἀγωνίας
794 507 984 579 ὀρθῶς
1014 504 1088 563 ἄν
1119 514 1540 578 νομοθετοῖμεν.
1577 508 1803 574 τοξό-Ῑ)

44 621 142 670 της
178 598 238 655 δὲ
276 595 375 669 ἀφ’
409 600 599 653 ἵππων
614 593 769 664 Κρὴς
787 588 893 647 ούκ
920 590 1209 661 ἄχρηστος,
1230 586 1357 644 οὐδ’
1392 586 1738 661 ἀκοντιστής,

48 681 189 737 ὥστε
216 684 357 736 ἔστω
378 676 704 734 καὶτούτων
723 678 947 739 παιδιάς
971 671 1133 744 χάριν
1162 675 1275 743 ἔρις
1301 693 1361 728 τε
1390 674 1483 728 καὶ
1509 670 1738 744 άγωνία.

43 768 274 833 θηλείας
304 760 366 816 δὲ
389 761 516 830 περὶ
548 756 767 815 τούτων
792 757 987 829 νόμοις
1018 758 1121 827 μὲν
1140 754 1247 811 ’καὶ
1286 754 1596 821 ἐπιτάξεσιν
1631 753 1739 813 οὐκ

45 843 170 912 ἄξια
188 843 479 916 βιάζεσθαι
500 848 599 915 τῆς
626 846 946 906 κοινωνίας·
985 837 1086 895 ἐὰν
1106 838 1166 895 δὲ
1195 841 1249 904 ἐξ
1276 836 1466 894 αὐτῶν
1496 844 1613 896 τῶν
1640 843 1735 911 ἔμ·

44 935 300 999 προσθεν
317 926 712 998 παιδευμάτων
732 931 809 989 εἰς
832 930 965 989 ἔθος
988 918 1244 993 ἰόντωνὴ
1263 920 1435 992 φύσις
1456 923 1741 994 ἐνδέχηται

45 1012 137 1065 καὶ
159 1008 236 1080 μὴ
265 1013 600 1080 δυσχεραίνῃ
635 1010 834 1071 παῖδας
865 1002 904 1077 ἢ
941 1008 1265 1076 παρθένους
1301 1016 1612 1078 κοινωνεῖν,
1641 1007 1744 1079 έᾷν

45 1092 135 1148 καὶ
154 1091 229 1162 μὴ
249 1094 452 1161 ψέγειν.

186 1177 245 1227 V.
277 1171 512 1243 Ἀγωνία
546 1170 614 1243 δὴ
647 1177 756 1228 νῦν
793 1172 901 1244 ἤδη
939 1173 1032 1228 καὶ
1068 1175 1313 1243 μάθησις
1345 1177 1742 1243 γυμναστικῆς,

44 1253 151 1311 ὅσα
176 1277 236 1312 τε
256 1258 317 1311 έν
345 1253 523 1324 ἀγῶσι
556 1257 650 1310 καὶ
682 1253 789 1311 ὅσα
813 1254 952 1311 καθ’
983 1252 1200 1326 ἡμέραν
1221 1257 1361 1311 *έν*
1387 1254 1743 1311 διδασκάλων

44 1337 457 1407 ἐκπονούμεθα,
477 1337 700 1402 πάντως
716 1336 825 1408 ἤδη
845 1341 1015 1407 πέρας
1034 1342 1166 1408 ἔχει·
1205 1338 1298 1394 καὶ
1327 1336 1396 1408 δὴ
1417 1339 1510 1394 καὶ
1539 1354 1739 1408 μουσι-
1762 1348 1797 1391 B

41 1424 146 1489 πῆς
165 1416 233 1474 τὰ
252 1416 357 1489 μὲν
375 1425 604 1475 πλεῖστα
624 1415 889 1484 ὡσαύτως
907 1421 1354 1491 διαπεπέρανται,
1375 1418 1444 1495 τά
1466 1420 1526 1475 δὲ
1547 1421 1741 1494 ῥαψω-

44 1503 162 1558 δῶν
182 1502 274 1557 καὶ
292 1505 407 1556 τῶν
423 1498 643 1565 τούτοις
660 1500 965 1572 ἑπομένων,
985 1501 1078 1556 καὶ
1096 1500 1226 1557 ὅσαι
1254 1502 1316 1557 έν
1343 1501 1557 1572 ἑορταῖς
1575 1498 1742 1571 ἅμιλ-

43 1590 138 1639 λαι
152 1604 335 1654 χορων
360 1581 657 1653 ἀναγκαῖαι
681 1588 978 1653 γίγνεσθαι
1005 1585 1329 1654 ταχθέντων
1356 1593 1474 1649 τοῖς
1498 1590 1655 1648 θεοῖς
1681 1604 1741 1638 τε

42 1667 266 1746 καὶτοῖς
284 1665 419 1737 μετὰ
437 1671 595 1722 θεων
612 1687 811 1737 μηνων
837 1668 931 1722 καὶ
960 1663 1186 1738 ἡμερων
1213 1668 1307 1723 καὶ
1334 1668 1608 1722 ἐνιαυτῶν
1641 1685 1742 1721 κο-

41 1743 431 1820 σμηθήσονται
449 1748 591 1820 τότε,
612 1756 722 1805 εἴτε
749 1751 1083 1821 τριετηρίδες
1113 1757 1228 1806 εἴτε
1251 1742 1326 1805 αὖ
1355 1751 1448 1805 καὶ
1478 1747 1569 1804 διὰ
1598 1750 1741 1820 πέμ-

41 1850 200 1888 πτων
218 1833 357 1887 έτων
372 1829 488 1888 εἴθ’
507 1828 620 1905 ὅπῃ
637 1830 785 1888 καὶ’“’
749 1851 902 1898 οπως
919 1836 1145 1889 ἔννοιαν
1164 1832 1440 1889 διδόντων
1457 1837 1571 1888 τῶν
1581 1837 1739 1887 θεῶν
1765 1837 1854 1883 835

41 1911 247 1980 τάξεως
265 1915 393 1985 πέρι
411 1918 794 1987 διανεμηθωσι
810 1936 821 1946 ·
859 1914 985 1971 τότε
1005 1918 1097 1971 καὶ
1126 1913 1259 1981 τούς
1284 1920 1555 1987 μουσικῆς
1583 1912 1739 1985 ἀγαῖ-

45 2016 149 2060 νας
172 1995 275 2067 χρὴ
306 1999 633 2069 προσδοκᾶν
666 2018 811 2053 κατα
847 1999 1015 2069 μέρος
1042 1995 1408 2068 ἀγωνιεῖσθαι
1435 2000 1739 2067 ταχθέντας
1795 2030 1798 2034 ’

43 2073 161 2132 ὖπό
179 2095 239 2132 τε
257 2073 593 2134 ἀθλοθετῶν
608 2079 702 2134 καὶ
724 2085 829 2134 τοῦ
856 2083 1163 2136 παιδευτοῦ
1189 2101 1304 2136 των
1330 2085 1478 2137 νέων
1505 2081 1598 2136 καὶ
1622 2101 1739 2136 των

9 2156 13 2208 ἰ
43 2157 477 2231 νομοφυλάκων,
498 2163 576 2225 εἰς
595 2157 795 2216 κοινὸν
818 2161 945 2232 περὶ
962 2159 1155 2219 αὐταῖν
1170 2161 1389 2220 τούτων
1416 2164 1738 2220 συνελθόν-

8 2259 14 2296 »
40 2261 157 2296 των
184 2241 278 2296 καὶ
310 2242 631 2310 γενομένων
666 2248 994 2313 νομοθετων
1025 2240 1234 2315 αὐτων,
1263 2251 1368 2300 τοῦ
1394 2265 1455 2301 τε
1480 2245 1617 2302 πότε
1643 2247 1738 2302 καὶ

7 2318 9 2334 ¹
38 2327 186 2387 τίνες
208 2323 299 2378 καὶ
317 2321 455 2393 μετὰ
473 2328 647 2380 τίνων
669 2345 804 2391 τους
821 2324 1045 2396 α’γωνας
1062 2326 1390 2398 ποιήσονται
1405 2325 1578 2399 περὶ*
1548 2328 1736 2384 απάν-

6 2423 12 2458 ι
38 2424 153 2460 των
161 2410 386 2504 χορῶν
404 2406 496 2462 καὶ
531 2413 764 2479 χορείας.
801 2403 893 2465 οἶα
915 2410 975 2466 δὲ
1004 2410 1209 2466 ἕκαστα
1244 2409 1436 2467 αὐτῶν
1469 2410 1615 2468 εἶναι
1653 2415 1744 2468 δεῖ

0 2490 11 2582 9
43 2483 182 2540 πατὰ
211 2485 384 2558 λόγον
415 2490 509 2546 καὶ
544 2487 670 2547 κατ’
709 2490 858 2566 ᾠδὰς
891 2495 985 2550 καὶ
1012 2490 1148 2550 καθ’
1187 2490 1457 2566 ἁρμονίας
1490 2496 1734 2568 ῥυθμοῖς

0 2572 10 2653 9
42 2573 344 2636 κραθείσας
358 2572 453 2628 καὶ
461 2570 746 2675 ὀρχήσεσι,
776 2576 1044 2643 πολλάκις
1072 2585 1283 2649 εἴρηται
1306 2598 1383 2648 τω
1405 2577 1608 2652 πρώτῳ
1628 2593 1791 2634 νο-Β

42 2652 275 2723 μοθέτῃ,
296 2651 434 2710 καθ’
454 2677 491 2711 α
507 2678 641 2724 τους
659 2661 957 2730 δευτέρους
976 2664 1066 2717 δεῖ
1086 2657 1532 2732 μεταδιώκοντας
1558 2682 1732 2733 νομο-

41 2738 247 2803 ventu,
266 2736 359 2791 καὶ
378 2757 509 2803 τους
524 2736 749 2810 ἆγαῖνας
775 2742 1102 2814 πρεπόντως
1124 2742 1375 2807 ἑκάστοις
1398 2742 1651 2815 θύμασιν
1668 2746 1731 2800 έν

0 2861 8 2897 9
40 2817 266 2889 1069009
281 2818 626 2892 προσήκουσι
640 2830 937 2897 νείμαντας
963 2823 1156 2896 ἑορτάς
1185 2821 1499 2882 ἀποδοῦναι
1523 2830 1596 2899 τῇ
1620 2826 1731 2884 πό·-
