1976 3172
245 127 278 176 2
627 98 641 108 “
862 123 1337 172 ΠΛΑΤΩΝΟΣ

246 261 338 315 καὶ
357 258 549 330 νόμων
576 257 678 333 τὴν
697 255 985 329 διατριβὴν
1003 257 1267 326 λέγοντάς
1295 278 1353 312 τε
1377 259 1469 313 καὶ
1495 255 1804 325 ἀκούοντας
1823 259 1935 332 ἅμα

186 351 222 391 Β
254 339 392 397 κατὰ
411 338 515 412 τὴν
534 344 766 411 πορείαν
784 339 1129 411 ποιήσεσθαι.
1167 338 1387 404 πάντως
1407 338 1456 395 δ’
1479 338 1517 412 ἥ
1536 361 1599 410 γε
1618 343 1677 396 ἐκ
1695 347 1937 397 Κνωσοῦ

245 421 377 488 ὁδὸς
412 427 488 488 εἰς
523 419 582 477 τὸ
630 427 731 477 τοῦ
768 419 908 486 Διὸς
946 419 1154 492 ἄντρον
1191 423 1283 477 καὶ
1317 421 1489 493 ἱερόν,
1529 419 1601 487 ὡς
1637 419 1934 495 ἀκούομεν,

245 504 429 575 ἱκανή,
459 505 552 559 καὶ
588 501 905 559 ἀνάπαυλαι
936 502 1076 558 κατὰ
1105 502 1209 572 τὴν
1239 500 1391 574 ὁδόν,
1427 502 1501 569 ὥς
1521 504 1683 573 εἰκός,
1703 510 1937 575 πνίγους

246 585 409 652 ὄντος
427 584 494 641 τὰ
512 590 622 641 νῦν
636 589 700 641 έν
718 586 838 650 τοῖς.
861 582 1096 656 ὑψηλοῖς
1124 587 1414 659 δένδρεσίν
1441 590 1546 641 εἰσι
1574 591 1813 657 σκιαραί,
1845 589 1939 642 καὶ

245 679 362 732 ταῖς
382 664 613 738 ἡλικίαις
635 667 852 739 πρέπον
879 662 952 721 ὄὶν
976 663 1136 737 ἡμῶν
1161 673 1244 737 εἴη
1265 664 1326 720 τὸ
1358 668 1808 723 διαναπαύεσθαι
1828 689 1938 723 πυ-

246 748 352 805 κνὰ
373 751 436 804 ἐν
455 747 662 819 αὐταῖς,
692 747 879 819 λόγοις
897 770 955 804 τε
976 746 1251 818 ἀλλήλους
1270 752 1817 820 παραμυθουμένους
1836 748 1939 834 τὴν

248 830 386 887 ὁδὸν
404 829 644 887 ἅπασαν
653 829 802 886 ούτω
821 829 958 901 μετὰ
978 829 1268 904 ῥᾳστώνης
1289 833 1630 930 διαπερᾶναι.

387 918 507 968 KA.
545 914 655 969 Καὶ
683 912 795 985 μὴν
815 915 929 967 ἔστι
947 933 1027 983 γε,
1060 914 1101 967 ὠ
1135 914 1271 980 ξένε,
1305 912 1560 983 προϊόντι
1586 917 1939 983 κυπαρίττων

190 1010 220 1051 C
245 1015 304 1050 τε
323 998 386 1051 ἐν
403 1006 516 1060 τοῖς
533 993 759 1050 ἄλσεσιν
778 992 894 1065 ὕψη
916 997 1008 1049 καὶ
1025 992 1201 1064 κάλλη
1220 993 1510 1065 θαυμάσια
1538 996 1630 1050 καὶ
1660 1001 1940 1065 λειμῶνες,

246 1079 306 1132 έν
326 1072 470 1132 οἷσιν
499 1074 920 1145 ἀναπαυόμενοι
946 1077 1323 1145 διατρίβοιμεν
1342 1074 1431 1129 ἄν.

386 1164 506 1212 ΑΘ.
542 1155 756 1224 Ὀρθως
774 1156 966 1224 λέγεις.

387 1243 505 1294 KA.
547 1237 712 1292 Πάνυ
732 1258 835 1307 μεν
854 1238 984 1291 οῦν·
1005 1234 1217 1301 ἰδόντες
1237 1238 1520 1307 δεμοῖλλον
1532 1237 1799 1307 φήσομεν.
1821 1235 1934 1292 ἀλλ’

249 1312 420 1391 ἰωμεν
441 1318 630 1390 ἀγαθῇ
658 1318 812 1390 τύχη.

388 1406 450 1457 ΙΙ.
487 1406 606 1456 ΑΘ.
649 1396 820 1456 Ταῦτ’
848 1406 948 1471 εἴη.
979 1404 1077 1455 καί
1093 1421 1188 1470 μοι
1205 1402 1349 1470 λέγε,
1368 1421 1508 1455 κατα
1533 1403 1587 1454 τί
1603 1398 1670 1454 τὰ
1691 1356 1940 1464 ξυσσίτιοὶ

246 1507 305 1541 τε
324 1484 458 1555 ὑμῖν
479 1485 810 1552 συντέταχεν
827 1478 857 1537 ὁ
877 1482 1049 1552 νόμος
1076 1484 1170 1548 καὶ
1194 1479 1262 1537 τὰ
1292 1480 1574 1553 γυμνάσια
1593 1481 1684 1537 καὶ
1703 1478 1805 1552 τὴν
1827 1487 1940 1536 τῶν

250 1564 440 1622 ὅπλων
471 1566 611 1631 ἕξιν,

390 1653 511 1705 KA.
550 1644 716 1718 Οἶμαι
735 1648 855 1717 μέν,
877 1648 920 1702 ὠ
901 1638 1077 1715 ξένε,
1102 1646 1194 1700 καὶ
1224 1646 1388 1701 παντὶ
1415 1644 1610 1715 ῥάδιον
1637 1640 1940 1717 ὑπολαβεῖν

187 1744 222 1785 D
254 1729 395 1786 εἶναι
426 1729 496 1785 ‘coc'
522 1750 586 1800 γε
618 1726 865 1800 ημέτερα.
903 1727 1007 1799 τὴν
1036 1726 1144 1797 γὰρ
1173 1731 1269 1798 τῆς
1303 1726 1485 1797 χώρας
1516 1725 1692 1797 πάσης
1717 1725 1941 1797 Κρήτης

247 1813 430 1883 φύσιν
450 1809 635 1884 ὁρᾶτε,
662 1807 735 1875 ὦς
754 1808 858 1866 οῦκ
879 1814 1010 1881 ἔστι,
1035 1807 1293 1880 καθάπερ
1313 1807 1347 1880 ἡ
1369 1831 1484 1864 των
1504 1813 1814 1878 Θετταλῶν,
1838 1827 1940 1863 πε-

250 1892 394 1958 διάς·
433 1893 515 1948 διὸ
537 1891 605 1963 δὴ
626 1894 719 1949 καὶ
736 1904 850 1958 τοῖς
868 1914 970 1963 μεν
997 1894 1184 1956 ἵπποις
1213 1894 1412 1947 ἐκεῖνοι
1436 1912 1678 1961 χρωνται
1706 1895 1939 1960 μᾶλλον,

221 2046 225 2048 ῃ
252 1974 508 2046 δρόμοισι
543 1975 602 2030 δὲ
629 1971 806 2045 ἡμεῖς
850 1972 952 2044 ἥδε
987 1973 1095 2045 γὰρ
1126 1971 1419 2044 ἀνώμαλος
1448 1974 1522 2026 αὐ
1550 1974 1642 2027 καὶ
1671 1970 1811 2042 πρὸς
1837 1969 1941 2040 τὴν

251 2078 366 2112 των
385 2060 521 2128 πεζῇ
540 2055 767 2128 δρόμων
787 2054 1022 2126 ἄσκησιν
1040 2060 1255 2125 μᾶλλον
1273 2054 1598 2125 σύμμετρος.
1635 2051 1852 2122 έλαφρα
1871 2049 1938 2121 δὴ

250 2136 318 2192 τὰ
340 2135 485 2192 ὅπλα
505 2135 809 2207 ἀναγκαῖον
833 2139 894 2192 ἐν
912 2141 988 2210 τῷ
1018 2135 1250 2209 τοιούτῳ
1279 2141 1583 2206 κεκτῆσθαι
1610 2135 1703 2189 καὶ
1730 2130 1802 2204 μὴ
1835 2131 1941 2204 βά-

253 2241 349 2288 ρος
378 2223 573 2290 ἔχοντα
601 2227 754 2274 θεῖν·
800 2225 913 2274 τῶν
944 2219 1011 2288 δὴ
1041 2221 1219 2283 τόξων
1244 2219 1338 2273 καὶ
1366 2215 1718 2286 τοξευμάτων
1746 2212 1780 2283 ἡ
1805 2235 1941 2269 κου-

253 2301 424 2374 φότης
444 2298 738 2371 ἁρμόττειν
757 2302 922 2355 δοκεῖ.
960 2297 1115 2354 ταῦτ’
1141 2293 1249 2354 οὖν
1268 2297 1408 2366 πρὸς
1428 2295 1794 2365 τὸνπόλεμον
1811 2292 1941 2365 ἡμῖν

192 2405 224 2445 Ε
252 2405 472 2441 απαντα
506 2383 809 2455 ἐξήρτυται,
855 2381 948 2437 καὶ
982 2378 1164 2436 πάνθ’
1209 2378 1239 2435 ὁ
1275 2380 1602 2449 νομοθέτης,
1635 2375 1709 2440 ω’ς
1738 2374 1791 2445 γ’
1822 2378 1941 2445 ἐμοὶ

252 2472 526 2539 φαίνεται,
560 2463 700 2538 πρὸς
729 2470 894 2521 τοῦτο
931 2465 1154 2535 βλέπων
1193 2457 1570 2527 συνετάττετο,
1602 2460 1738 2512 ἐπεὶ
1750 2459 1841 2512 καὶ
1873 2457 1939 2512 τὰ

255 2554 499 2618 ξυσσίτια
519 2547 838 2605 κινδυνεύει
856 2540 1228 2616 ξυναγαγεῖν”
1206 2564 1371 2614 ορων,
1397 2564 1469 2606 ως
1488 2540 1706 2608 πάντες,
1729 2536 1941 2595 ὁπόταν

256 2626 818 2705 στρατεύωνται,τόθ’
842 2625 938 2683 ὑπ’
963 2624 1254 2683 αὐτοῦτοῦ
1264 2624 1582 2697 πράγματος
1601 2620 1938 2691 ἀναγκάζον-

255 2739 343 2773 ται
362 2720 615 2786 φυλακῆς
644 2709 829 2768 αὑτων
857 2712 1020 2767 ἕνεκα
1049 2713 1321 2775 ξυσσιτεῑν
1348 2713 1548 2762 τοῦτον
1576 2703 1678 2760 τὸν
1705 2703 1936 2803 χρόνον·

257 2799 454 2856 ἄνοιαν
473 2796 541 2868 δή
559 2817 653 2867 μοι
673 2799 830 2851 δοκεῖ
852 2814 1204 2864 καταγνωναι
1221 2813 1334 2847 των
1353 2796 1578 2846 πολλων
1598 2810 1670 2853 ως
1698 2783 1767 2842 οὐ
1796 2807 1939 2856 μαν-
