1976 3172
312 120 339 134 χ
717 116 1035 168 ΝΟΜΩΝ
1067 110 1117 163 ε’.
1443 104 1446 106 v
1656 113 1758 166 131

77 256 139 313 τὸ
170 256 399 311 πάντων
427 252 672 324 ἄριστον,
703 250 797 307 καὶ
831 249 1027 313 ἑλόντα
1061 240 1136 302 αὖ
1168 253 1330 320 κοινῇ
1355 250 1631 314 ξυνοικεῖν
1658 249 1761 307 τὸν

76 342 365 398 ἐπίλοιπον
379 340 532 409 βίον·
572 332 659 392 διὸ
678 331 941 400 δεύτερον
968 333 1172 402 ἐτάχθη
1192 338 1336 403 τιμῇ.
1372 331 1432 388 τὸ
1462 333 1521 389 δὲ
1553 336 1757 402 τρίτον,

76 417 294 488 πᾶς-ἀν
324 417 494 476 τοῦτό
525 439 589 488 γε
624 415 846 487 νοήσειε
879 414 983 487 τὴν
1027 421 1133 471 τοῦ
1170 413 1421 485 σώματος
1449 413 1591 470 εἶναι
1620 413 1758 473 κατὰ

77 503 253 575 φύσιν
268 501 449 572 τιμήν·
466 498 564 563 τὰς
582 496 630 554 δ’
650 493 732 553 αὖ
742 495 902 568 τιμάς
915 501 1005 552 δεῖ
1016 500 1262 566 σκοπεῖν,
1274 497 1366 550 καὶ
1382 495 1598 551 τούτων
1617 503 1760 561 τίνες
1780 552 1787 554 .

75 585 302 658 ἀληθεῖς
317 582 410 639 καὶ
428 578 554 638 ὅσαι
579 583 856 653 κίβδηλοι·
886 585 1053 635 τοῦτο
1074 579 1133 634 δὲ
1150 580 1479 649 νομοθέτου.
1524 576 1761 650 μηνύειν

76 666 147 739 δή
165 687 260 738 μοι
287 668 544 735 φαίνεται
569 661 736 718 τάσδε
762 662 854 716 καὶ
879 659 1102 716 τοιάσδε
1124 657 1280 725 τινάς
1308 655 1477 723 αὐτὰς
1501 656 1658 729 εἶναι,
1680 662 1762 712 τί-

72 769 204 818 μιον
220 745 362 802 εἶναι
379 750 538 815 σῶμα
549 741 619 799 οὗ
635 742 699 799 τὸ
718 740 894 799 καλὸν
914 739 1045 799 οὐδὲ
1060 739 1290 815 ἰσχυρὸν
1309 739 1441 797 οὐδὲ
1458 739 1619 812 τάχος
1635 744 1761 811 ἔχον

73 828 204 886 οὐδὲ
214 829 375 900 μέγα,
394 825 530 883 οὐδέ
541 847 605 897 γε
623 826 685 882 τὸ
704 824 954 896 ὑγιεινόν
970 860 1031 868 -
1045 829 1144 882 καί
1155 845 1242 881 τοι
1259 830 1483 888 πολλοῖς
1502 819 1575 879 ἂν
1593 821 1758 889 τοῦτό
1789 846 1822 885 Ε

71 932 137 983 γε
157 914 319 967 δοκοῖ
345 943 407 950 -
429 909 523 965 καὶ
547 908 661 980 μὴν
678 906 811 966 οὐδὲ
827 906 896 965 τὰ
917 907 1133 969 τούτων
1164 906 1222 977 γ’
1253 908 1493 976 ἐναντία,
1523 903 1589 960 τά
1622 902 1676 960 δ’
1697 906 1760 961 ἐν

71 999 152 1068 τῷ
169 995 318 1068 μέσῳ
337 987 553 1064 ἁπάσης
574 990 777 1063 ταύτης
794 996 890 1062 τῆς
905 990 1067 1055 ἕξεως
1085 987 1439 1059 ἐφαπτόμενα
1465 987 1758 1057 σωφρονέ-

74 1094 245 1133 στατα
261 1075 376 1146 ἅμα
396 1095 455 1131 τε
473 1072 860 1145 ἀσφαλέστατα
881 1070 1022 1129 εἶναι
1040 1077 1259 1145 μακρῷ·
1292 1067 1359 1126 τὰ
1378 1070 1482 1141 μὲν
1498 1067 1608 1140 γὰρ
1626 1067 1755 1139 χαύ·

73 1179 210 1222 νους
225 1155 323 1222 τὰς
339 1154 518 1226 ψυχὰς
534 1156 628 1212 καὶ
644 1159 911 1226 θρασείας
930 1165 1090 1223 ποιεῖ,
1110 1152 1177 1209 τὰ
1207 1151 1267 1209 δὲ
1294 1151 1554 1217 ταπεινάς
1584 1172 1640 1206 τε
1667 1150 1762 1206 καὶ

74 1238 506 1308 ἀνελευθέρους·
548 1235 622 1302 ὥς
641 1234 695 1291 δ’
727 1234 909 1301 αὕτως
927 1234 962 1307 ἡ
983 1241 1097 1290 τῶν
1117 1234 1414 1306 χρημάτων
1433 1234 1525 1289 καὶ
1546 1230 1763 1303 κτημά-

72 1342 187 1375 των
206 1324 395 1390 κτῆσις
408 1319 505 1372 ’καὶ
522 1317 791 1388 τιμήσεως
811 1316 950 1372 κατὰ
969 1315 1070 1371 τὸν
1091 1314 1264 1370 αὐτὸν
1282 1313 1508 1387 ῥυθμὸν
1532 1318 1651 1385 ἔχει.
1691 1310 1772 1369 τὰ·

5 1415 9 1430 ’
71 1401 175 1474 μὲν
204 1398 488 1471 ὑπέρογκα
516 1396 625 1469 γὰρ
655 1398 904 1454 ἑκάστων
933 1397 1150 1452 τούτων
1178 1402 1384 1468 ἔχθρας
1416 1399 1510 1452 καὶ
1546 1395 1761 1461 στάσεις
1788 1412 1877 1459 729

73 1482 434 1556 ἀπεργάζεται
454 1492 572 1547 ταῖς
600 1480 794 1537 πόλεσι
825 1481 917 1536 καὶ
947 1482 1077 1552 ἰδίᾳ,
1107 1477 1173 1534 τὰ
1204 1475 1255 1533 δ’
1285 1479 1604 1534 ἐλλείποντα
1624 1481 1761 1532 δου-

74 1570 222 1632 λείας
241 1562 315 1631 ὥς
342 1562 404 1621 τὸ
435 1563 598 1620 πολύ.
637 1561 711 1635 μὴ
749 1560 818 1634 δή
847 1584 928 1627 τις
955 1565 1429 1634 φιλοχρημονείτω
1458 1563 1675 1615 παίδων
1703 1555 1758 1629 γ’

6 1692 7 1726 ἶ
73 1649 256 1718 ἕνεκα,
274 1649 368 1702 ἵνα
390 1644 426 1702 ὅ
451 1667 503 1701 τι
522 1643 970 1710 πλουσιωτάτους
990 1647 1287 1716 καταλίπῃ·
1326 1640 1457 1698 οὔτε
1484 1639 1593 1712 γὰρ
1621 1643 1762 1696 ἐκεί-

6 1779 9 1795 ,‹
73 1750 194 1794 νοις
213 1726 335 1785 οὔτ’
364 1720 438 1784 αὖ
456 1733 526 1800 τῇ
544 1726 702 1783 πόλει
731 1726 978 1798 ἄμεινον.
1014 1722 1050 1798 ἡ
1077 1723 1186 1798 γὰρ
1223 1730 1337 1782 τῶν
1374 1728 1518 1781 νέων
1555 1721 1762 1780 ἀκολά-

72 1832 268 1876 κευτος
293 1808 474 1882 οὐσία,
493 1816 608 1866 ταῖν
627 1806 680 1866 δ’
708 1806 1029 1879 ἀναγκαίων
1057 1805 1134 1892 μη
1162 1807 1367 1879 ἐνδεής,
1394 1806 1533 1878 αὕτη
1566 1811 1761 1861 πασῶν

73 1890 457 1966 μουσικωτάτη
493 1913 551 1948 τε
585 1892 678 1948 καὶ
706 1890 902 1963 ἀρίστη
919 1912 930 1923 ·
969 1895 1347 1962 ξυμφωνοῦσα
1375 1890 1484 1959 γάρ
1512 1885 1645 1959 ἡμῖν
1671 1886 1763 1942 καὶ

5 2035 7 2042 ,
74 1973 530 2047 ξυναρμόττουσα
550 1977 628 2040 εἰς
645 1971 863 2030 ἅπαντα
882 1972 1102 2030 ἄλυπον
1123 1969 1223 2028 τὸν
1242 1975 1368 2043 βίον
1386 1966 1759 2040 ἀπεργάζεται·

78 2058 232 2112 παισὶ
256 2056 316 2113 δὲ
335 2059 476 2112 αἰδῶ
503 2053 605 2128 χρὴ
629 2054 859 2126 πολλήν,
894 2051 964 2110 οὐ
989 2052 1201 2124 χρυσὸν
1237 2054 1603 2107 καταλείπειν.
1641 2048 1761 2105 οἰό-
1792 2065 1823 2105 Β

6 2175 8 2179 v
75 2146 225 2210 μεθα
259 2134 313 2193 δ’
349 2135 763 2208 ἐπιπλήττοντες
798 2146 910 2201 τοῖς
945 2136 1092 2201 νέοις
1127 2132 1559 2206 ἀναισχυντοῦσι
1593 2137 1759 2188 τοῦτο

6 2278 8 2282 ,
77 2222 453 2286 καταλείψειν·
487 2215 548 2274 τό
568 2215 622 2275 δ’
646 2222 796 2275 ἔστιν
814 2214 920 2274 οὐκ
936 2219 997 2274 ἐκ
1016 2222 1118 2275 τοῦ
1137 2222 1246 2273 νῦν
1274 2212 1760 2287 παρακελεύματος

77 2314 190 2368 τοῖς
207 2304 351 2367 νέοις
369 2299 719 2372 γιγνόμενον,
740 2297 774 2356 ὃ
799 2298 1271 2367 παρακελεύονται
1300 2297 1553 2368 λέγοντες
1578 2291 1650 2360 ὥς
1681 2297 1764 2349 δεῖ

75 2383 258 2442 πάντα
276 2381 644 2455 αἰσχύνεσθαι
659 2379 758 2438 τὸν
775 2382 922 2438 νέον.
945 2377 974 2437 ὁ
995 2379 1055 2437 δὲ
1074 2382 1303 2453 ἔμφρων
1323 2380 1632 2450 νομοθέτης
1647 2387 1758 2441 τοῖς

81 2469 473 2539 πρεσβυτέροις
527 2463 602 2522 ἄν
648 2468 864 2535 μᾶλλον
904 2461 1338 2536 παρακελεύοιτο
1392 2459 1758 2532 αἰσχύνεσθαι

82 2545 212 2612 τοὺς
236 2551 414 2622 νέους,
448 2549 542 2606 καὶ
571 2545 800 2605 πάντων
832 2545 1067 2619 μάλιστα
1100 2543 1479 2617 εὐλαβεῖσθαι,
1515 2541 1591 2616 μή
1629 2541 1764 2597 ποτέ

84 2648 165 2692 τις
191 2625 364 2686 αὐτὸν
391 2633 483 2704 ἴδῃ
517 2635 631 2687 τῶν
666 2631 812 2687 νέων
834 2625 871 2701 ἦ
894 2631 987 2686 καὶ
1013 2626 1296 2701 ἐπακούσῃ
1336 2631 1556 2699 δρῶντα
1592 2621 1628 2697 ἢ
1665 2626 1757 2680 λέ-
1785 2633 1815 2674 Ο

83 2707 256 2780 γοντά
274 2730 326 2766 τι
348 2717 460 2768 τοῖν
477 2717 737 2787 αἰσχρῶν,
758 2709 831 2779 ὥς
853 2709 1000 2769 ὅπου
1029 2708 1460 2782 ἀναισχυντοῦσι
1486 2710 1756 2779 γέροντες,

83 2788 300 2865 ἀνάγκη
319 2794 411 2850 καὶ
429 2796 588 2861 νέους
614 2797 863 2854 ἐνταῦθα
884 2791 1022 2852 εἶναι
1050 2789 1504 2894 ἀναιδεστάτους·
1544 2789 1761 2843 παιδεία

1352 2872 1381 2917 9
