<?xml version="1.0" encoding="UTF-8"?>
<!DOCTYPE html PUBLIC "-//W3C//DTD XHTML 1.0 Transitional//EN"
    "http://www.w3.org/TR/xhtml1/DTD/xhtml1-transitional.dtd">
<html xmlns="http://www.w3.org/1999/xhtml" xml:lang="en" lang="en">
 <head>
  <title>
</title>
<meta http-equiv="Content-Type" content="text/html;charset=utf-8" />
  <meta name='ocr-system' content='tesseract 3.04.00' />
  <meta name='ocr-capabilities' content='ocr_page ocr_carea ocr_par ocr_line ocrx_word'/>
</head>
<body>
  <div class='ocr_page' id='page_1' title='image "./dialogisecumdumt05platuoft_0187.png"; bbox 0 0 1976 3172; ppageno 0'>
   <div class='ocr_carea' id='block_1_1' title="bbox 702 124 1749 188">
    <p class='ocr_par' dir='ltr' id='par_1_1' title="bbox 702 124 1749 188">
     <span class='ocr_line' id='line_1_1' title="bbox 702 124 1749 188; baseline 0 -9"><span class='ocrx_word' id='word_1_1' title='bbox 702 129 1024 179; x_wconf 77' lang='grc' dir='ltr'><em>ΝΟΜΩΝ</em></span> <span class='ocrx_word' id='word_1_2' title='bbox 1057 124 1111 188; x_wconf 84' lang='grc' dir='ltr'><strong><em>ς’.</em></strong></span> <span class='ocrx_word' id='word_1_3' title='bbox 1646 127 1749 180; x_wconf 82' lang='lat'><strong><em>155</em></strong></span> 
     </span>
    </p>
   </div>
   <div class='ocr_carea' id='block_1_2' title="bbox 59 261 1812 825">
    <p class='ocr_par' dir='ltr' id='par_1_2' title="bbox 59 261 1812 825">
     <span class='ocr_line' id='line_1_2' title="bbox 202 261 1752 335; baseline 0.001 -16"><span class='ocrx_word' id='word_1_4' title='bbox 202 270 318 320; x_wconf 85' lang='grc' dir='ltr'><strong><em>ΑΘ.</em></strong></span> <span class='ocrx_word' id='word_1_5' title='bbox 358 262 483 318; x_wconf 79' lang='grc' dir='ltr'><strong><em>Δύο</em></strong></span> <span class='ocrx_word' id='word_1_6' title='bbox 512 264 631 333; x_wconf 67' lang='grc' dir='ltr'><strong><em>εἰθη</em></strong></span> <span class='ocrx_word' id='word_1_7' title='bbox 658 266 831 316; x_wconf 84' lang='grc' dir='ltr'><strong><em>ταῦτα</em></strong></span> <span class='ocrx_word' id='word_1_8' title='bbox 859 261 985 331; x_wconf 81' lang='grc' dir='ltr'><strong><em>περὶ</em></strong></span> <span class='ocrx_word' id='word_1_9' title='bbox 1012 264 1287 327; x_wconf 82' lang='grc' dir='ltr'><strong><em>πολιτείας</em></strong></span> <span class='ocrx_word' id='word_1_10' title='bbox 1312 262 1526 333; x_wconf 84' lang='grc' dir='ltr'><strong><em>κόσμον</em></strong></span> <span class='ocrx_word' id='word_1_11' title='bbox 1554 263 1752 335; x_wconf 83' lang='grc' dir='ltr'><strong><em>γιγνό-</em></strong></span> 
     </span>
     <span class='ocr_line' id='line_1_3' title="bbox 60 343 1752 418; baseline 0.002 -16"><span class='ocrx_word' id='word_1_12' title='bbox 60 368 202 418; x_wconf 86' lang='grc' dir='ltr'><strong><em>μενα</em></strong></span> <span class='ocrx_word' id='word_1_13' title='bbox 241 344 517 417; x_wconf 77' lang='grc' dir='ltr'><em>τυγχάνει,</em></span> <span class='ocrx_word' id='word_1_14' title='bbox 553 347 780 413; x_wconf 65' lang='grc' dir='ltr'><strong><em>πρῶτον</em></strong></span> <span class='ocrx_word' id='word_1_15' title='bbox 813 343 927 413; x_wconf 75' lang='grc' dir='ltr'><strong><em>μὲν</em></strong></span> <span class='ocrx_word' id='word_1_16' title='bbox 951 344 1311 410; x_wconf 79' lang='grc' dir='ltr'><strong><em>καταστάσεις</em></strong></span> <span class='ocrx_word' id='word_1_17' title='bbox 1337 344 1527 416; x_wconf 74' lang='grc' dir='ltr'><strong><em>ἀρχῶν</em></strong></span> <span class='ocrx_word' id='word_1_18' title='bbox 1562 367 1623 403; x_wconf 91' lang='grc' dir='ltr'><strong><em>τε</em></strong></span> <span class='ocrx_word' id='word_1_19' title='bbox 1658 349 1752 405; x_wconf 80' lang='grc' dir='ltr'><strong><em>καὶ</em></strong></span> 
     </span>
     <span class='ocr_line' id='line_1_4' title="bbox 61 421 1751 501; baseline 0 -16"><span class='ocrx_word' id='word_1_20' title='bbox 61 427 364 501; x_wconf 81' lang='grc' dir='ltr'><strong><em>ἀρξόντων,</em></strong></span> <span class='ocrx_word' id='word_1_21' title='bbox 398 426 534 492; x_wconf 83' lang='grc' dir='ltr'><strong><em>ὅσας</em></strong></span> <span class='ocrx_word' id='word_1_22' title='bbox 565 445 627 482; x_wconf 90' lang='grc' dir='ltr'><strong><em>τε</em></strong></span> <span class='ocrx_word' id='word_1_23' title='bbox 660 422 831 489; x_wconf 80' lang='grc' dir='ltr'><strong><em>αὐτὰς</em></strong></span> <span class='ocrx_word' id='word_1_24' title='bbox 866 421 1007 480; x_wconf 78' lang='grc' dir='ltr'><strong><em>εἶναι</em></strong></span> <span class='ocrx_word' id='word_1_25' title='bbox 1047 429 1133 482; x_wconf 82' lang='grc' dir='ltr'><strong><em>δεῖ</em></strong></span> <span class='ocrx_word' id='word_1_26' title='bbox 1165 428 1259 482; x_wconf 80' lang='grc' dir='ltr'><strong><em>καὶ</em></strong></span> <span class='ocrx_word' id='word_1_27' title='bbox 1300 426 1512 498; x_wconf 78' lang='grc' dir='ltr'><strong><em>τρόπον</em></strong></span> <span class='ocrx_word' id='word_1_28' title='bbox 1559 427 1751 485; x_wconf 82' lang='grc' dir='ltr'><strong><em>ὅντινα</em></strong></span> 
     </span>
     <span class='ocr_line' id='line_1_5' title="bbox 62 504 1754 611; baseline -0.002 -44"><span class='ocrx_word' id='word_1_29' title='bbox 62 512 491 611; x_wconf 82' lang='grc' dir='ltr'><strong><em>καθισταμένας·</em></strong></span> <span class='ocrx_word' id='word_1_30' title='bbox 539 510 723 563; x_wconf 82' lang='grc' dir='ltr'><strong><em>ἔπειτα</em></strong></span> <span class='ocrx_word' id='word_1_31' title='bbox 752 504 901 562; x_wconf 76' lang='grc' dir='ltr'><strong><em>οὕτω</em></strong></span> <span class='ocrx_word' id='word_1_32' title='bbox 931 505 998 578; x_wconf 86' lang='grc' dir='ltr'><strong><em>δὴ</em></strong></span> <span class='ocrx_word' id='word_1_33' title='bbox 1021 506 1153 573; x_wconf 81' lang='grc' dir='ltr'><strong><em>τούς</em></strong></span> <span class='ocrx_word' id='word_1_34' title='bbox 1173 508 1386 579; x_wconf 77' lang='grc' dir='ltr'><strong><em>νόμους</em></strong></span> <span class='ocrx_word' id='word_1_35' title='bbox 1417 519 1535 574; x_wconf 82' lang='grc' dir='ltr'><strong><em>ταῖς</em></strong></span> <span class='ocrx_word' id='word_1_36' title='bbox 1563 507 1754 580; x_wconf 86' lang='grc' dir='ltr'><strong><em>ἀρχαῖς</em></strong></span> 
     </span>
     <span class='ocr_line' id='line_1_6' title="bbox 62 583 1812 660; baseline -0.001 -12"><span class='ocrx_word' id='word_1_37' title='bbox 62 592 314 655; x_wconf 78' lang='grc' dir='ltr'><strong><em>ἑκάσταις</em></strong></span> <span class='ocrx_word' id='word_1_38' title='bbox 340 588 663 660; x_wconf 73' lang='grc' dir='ltr'><strong><em>ἀποδοτέον,</em></strong></span> <span class='ocrx_word' id='word_1_39' title='bbox 689 587 950 654; x_wconf 75' lang='grc' dir='ltr'><strong><em>οὕστινάς</em></strong></span> <span class='ocrx_word' id='word_1_40' title='bbox 967 611 1026 646; x_wconf 90' lang='grc' dir='ltr'><strong><em>τε</em></strong></span> <span class='ocrx_word' id='word_1_41' title='bbox 1055 583 1130 645; x_wconf 82' lang='grc' dir='ltr'><strong><em>αὖ</em></strong></span> <span class='ocrx_word' id='word_1_42' title='bbox 1156 591 1249 646; x_wconf 84' lang='grc' dir='ltr'><strong><em>καὶ</em></strong></span> <span class='ocrx_word' id='word_1_43' title='bbox 1283 589 1453 656; x_wconf 82' lang='grc' dir='ltr'><strong><em>ὅσους</em></strong></span> <span class='ocrx_word' id='word_1_44' title='bbox 1482 593 1575 646; x_wconf 82' lang='grc' dir='ltr'><strong><em>καὶ</em></strong></span> <span class='ocrx_word' id='word_1_45' title='bbox 1598 592 1751 655; x_wconf 88' lang='grc' dir='ltr'><strong><em>οιους</em></strong></span> <span class='ocrx_word' id='word_1_46' title='bbox 1782 612 1812 652; x_wconf 86' lang='lat' dir='ltr'>ss</span> 
     </span>
     <span class='ocr_line' id='line_1_7' title="bbox 61 668 1748 743; baseline -0.002 -13"><span class='ocrx_word' id='word_1_47' title='bbox 61 678 346 743; x_wconf 79' lang='grc' dir='ltr'><strong><em>προσῆκον</em></strong></span> <span class='ocrx_word' id='word_1_48' title='bbox 381 693 454 726; x_wconf 92' lang='grc' dir='ltr'><strong><em>αν</em></strong></span> <span class='ocrx_word' id='word_1_49' title='bbox 489 670 742 737; x_wconf 82' lang='grc' dir='ltr'><strong><em>ἑκάσταις</em></strong></span> <span class='ocrx_word' id='word_1_50' title='bbox 778 677 879 742; x_wconf 80' lang='grc' dir='ltr'><strong><em>εἴη.</em></strong></span> <span class='ocrx_word' id='word_1_51' title='bbox 924 668 1163 743; x_wconf 82' lang='grc' dir='ltr'><strong><em>σμικρὰν</em></strong></span> <span class='ocrx_word' id='word_1_52' title='bbox 1199 670 1259 726; x_wconf 75' lang='grc' dir='ltr'><strong><em>δὲ</em></strong></span> <span class='ocrx_word' id='word_1_53' title='bbox 1294 670 1612 743; x_wconf 84' lang='grc' dir='ltr'><strong><em>ἐπισχόντες</em></strong></span> <span class='ocrx_word' id='word_1_54' title='bbox 1642 669 1748 743; x_wconf 82' lang='grc' dir='ltr'><strong><em>πρὸ</em></strong></span> 
     </span>
     <span class='ocr_line' id='line_1_8' title="bbox 59 746 1755 825; baseline 0.001 -17"><span class='ocrx_word' id='word_1_55' title='bbox 59 760 159 825; x_wconf 88' lang='grc' dir='ltr'><strong><em>τῆς</em></strong></span> <span class='ocrx_word' id='word_1_56' title='bbox 174 754 435 823; x_wconf 75' lang='grc' dir='ltr'><strong><em>αἱρέσεως</em></strong></span> <span class='ocrx_word' id='word_1_57' title='bbox 453 759 695 824; x_wconf 79' lang='grc' dir='ltr'><strong><em>εἴπωμεν</em></strong></span> <span class='ocrx_word' id='word_1_58' title='bbox 712 746 1071 824; x_wconf 83' lang='grc' dir='ltr'><strong><em>προσήκοντά</em></strong></span> <span class='ocrx_word' id='word_1_59' title='bbox 1088 774 1212 808; x_wconf 88' lang='grc' dir='ltr'><strong><em>τινα</em></strong></span> <span class='ocrx_word' id='word_1_60' title='bbox 1235 755 1409 824; x_wconf 87' lang='grc' dir='ltr'><strong><em>λόγον</em></strong></span> <span class='ocrx_word' id='word_1_61' title='bbox 1437 755 1563 824; x_wconf 83' lang='grc' dir='ltr'><strong><em>περὶ</em></strong></span> <span class='ocrx_word' id='word_1_62' title='bbox 1585 750 1755 825; x_wconf 84' lang='grc' dir='ltr'><strong><em>αὐτῆς</em></strong></span> 
     </span>
    </p>
   </div>
   <div class='ocr_carea' id='block_1_3' title="bbox 61 837 846 991">
    <p class='ocr_par' dir='ltr' id='par_1_3' title="bbox 61 837 846 991">
     <span class='ocr_line' id='line_1_9' title="bbox 61 837 326 907; baseline -0.004 0"><span class='ocrx_word' id='word_1_63' title='bbox 61 837 326 907; x_wconf 68' lang='grc' dir='ltr'><strong><em>ῥηθῆναι·</em></strong></span> 
     </span>
     <span class='ocr_line' id='line_1_10' title="bbox 134 914 846 991; baseline -0.001 -19"><span class='ocrx_word' id='word_1_64' title='bbox 134 981 145 991; x_wconf 38' lang='grc' dir='ltr'><strong><em>Ι</em></strong></span> <span class='ocrx_word' id='word_1_65' title='bbox 203 921 323 972; x_wconf 84' lang='grc' dir='ltr'><strong><em>ΚΛ.</em></strong></span> <span class='ocrx_word' id='word_1_66' title='bbox 364 921 502 972; x_wconf 90' lang='grc' dir='ltr'><strong><em>Τίνα</em></strong></span> <span class='ocrx_word' id='word_1_67' title='bbox 521 914 587 987; x_wconf 81' lang='grc' dir='ltr'><strong><em>δὴ</em></strong></span> <span class='ocrx_word' id='word_1_68' title='bbox 613 920 846 982; x_wconf 84' lang='grc' dir='ltr'><strong><em>τοῦτον;</em></strong></span> 
     </span>
    </p>
   </div>
   <div class='ocr_carea' id='block_1_4' title="bbox 0 995 1822 2873">
    <p class='ocr_par' dir='ltr' id='par_1_4' title="bbox 62 995 1817 1476">
     <span class='ocr_line' id='line_1_11' title="bbox 202 995 1756 1068; baseline -0.001 -15"><span class='ocrx_word' id='word_1_69' title='bbox 202 1004 321 1055; x_wconf 84' lang='grc' dir='ltr'><strong><em>ΑΘ.</em></strong></span> <span class='ocrx_word' id='word_1_70' title='bbox 362 996 554 1054; x_wconf 89' lang='grc' dir='ltr'><strong><em>Τόνδε.</em></strong></span> <span class='ocrx_word' id='word_1_71' title='bbox 593 1001 764 1052; x_wconf 89' lang='grc' dir='ltr'><strong><em>παντί</em></strong></span> <span class='ocrx_word' id='word_1_72' title='bbox 777 1017 888 1052; x_wconf 90' lang='grc' dir='ltr'><strong><em>που</em></strong></span> <span class='ocrx_word' id='word_1_73' title='bbox 907 1000 1081 1068; x_wconf 83' lang='grc' dir='ltr'><strong><em>δῆλον</em></strong></span> <span class='ocrx_word' id='word_1_74' title='bbox 1097 995 1160 1053; x_wconf 85' lang='grc' dir='ltr'><strong><em>τὸ</em></strong></span> <span class='ocrx_word' id='word_1_75' title='bbox 1178 1003 1452 1066; x_wconf 84' lang='grc' dir='ltr'><strong><em>τοιοῦτον,</em></strong></span> <span class='ocrx_word' id='word_1_76' title='bbox 1477 995 1563 1052; x_wconf 83' lang='grc' dir='ltr'><strong><em>ὅτι</em></strong></span> <span class='ocrx_word' id='word_1_77' title='bbox 1581 995 1756 1068; x_wconf 86' lang='grc' dir='ltr'><strong><em>μεγά-</em></strong></span> 
     </span>
     <span class='ocr_line' id='line_1_12' title="bbox 64 1073 1755 1153; baseline -0.002 -19"><span class='ocrx_word' id='word_1_78' title='bbox 64 1086 168 1134; x_wconf 90' lang='grc' dir='ltr'><strong><em>λου</em></strong></span> <span class='ocrx_word' id='word_1_79' title='bbox 187 1085 286 1151; x_wconf 86' lang='grc' dir='ltr'><strong><em>τῆς</em></strong></span> <span class='ocrx_word' id='word_1_80' title='bbox 304 1076 697 1151; x_wconf 76' lang='grc' dir='ltr'><strong><em>νομοθεσίας”</em></strong></span> <span class='ocrx_word' id='word_1_81' title='bbox 663 1100 825 1144; x_wconf 88' lang='grc' dir='ltr'><strong><em>οντος</em></strong></span> <span class='ocrx_word' id='word_1_82' title='bbox 841 1082 1012 1148; x_wconf 82' lang='grc' dir='ltr'><strong><em>ἔργου</em></strong></span> <span class='ocrx_word' id='word_1_83' title='bbox 1030 1085 1110 1153; x_wconf 78' lang='grc' dir='ltr'><strong><em>τῷ</em></strong></span> <span class='ocrx_word' id='word_1_84' title='bbox 1137 1079 1303 1135; x_wconf 89' lang='grc' dir='ltr'><strong><em>πόλιν</em></strong></span> <span class='ocrx_word' id='word_1_85' title='bbox 1322 1073 1388 1135; x_wconf 82' lang='grc' dir='ltr'><strong><em>εὖ</em></strong></span> <span class='ocrx_word' id='word_1_86' title='bbox 1405 1094 1755 1149; x_wconf 86' lang='grc' dir='ltr'><strong><em>παρεσκευα-</em></strong></span> 
     </span>
     <span class='ocr_line' id='line_1_13' title="bbox 65 1155 1756 1234; baseline -0.002 -17"><span class='ocrx_word' id='word_1_87' title='bbox 65 1166 277 1233; x_wconf 79' lang='grc' dir='ltr'><strong><em>σμένην</em></strong></span> <span class='ocrx_word' id='word_1_88' title='bbox 295 1159 467 1233; x_wconf 80' lang='grc' dir='ltr'><strong><em>ἀρχὰς</em></strong></span> <span class='ocrx_word' id='word_1_89' title='bbox 488 1159 907 1233; x_wconf 88' lang='grc' dir='ltr'><strong><em>ἀνεπιτηδείους</em></strong></span> <span class='ocrx_word' id='word_1_90' title='bbox 922 1165 1222 1234; x_wconf 79' lang='grc' dir='ltr'><strong><em>ἐπιστῆσαι</em></strong></span> <span class='ocrx_word' id='word_1_91' title='bbox 1250 1173 1363 1228; x_wconf 87' lang='grc' dir='ltr'><strong><em>τοῖς</em></strong></span> <span class='ocrx_word' id='word_1_92' title='bbox 1385 1155 1451 1218; x_wconf 82' lang='grc' dir='ltr'><strong><em>εὖ</em></strong></span> <span class='ocrx_word' id='word_1_93' title='bbox 1484 1164 1756 1231; x_wconf 82' lang='grc' dir='ltr'><strong><em>κειμένοις</em></strong></span> 
     </span>
     <span class='ocr_line' id='line_1_14' title="bbox 65 1238 1757 1314; baseline -0.001 -17"><span class='ocrx_word' id='word_1_94' title='bbox 65 1242 257 1314; x_wconf 87' lang='grc' dir='ltr'><strong><em>νόμοις</em></strong></span> <span class='ocrx_word' id='word_1_95' title='bbox 295 1240 365 1298; x_wconf 79' lang='grc' dir='ltr'><strong><em>οὐ</em></strong></span> <span class='ocrx_word' id='word_1_96' title='bbox 409 1242 588 1313; x_wconf 89' lang='grc' dir='ltr'><strong><em>μόνον</em></strong></span> <span class='ocrx_word' id='word_1_97' title='bbox 631 1240 801 1298; x_wconf 69' lang='grc' dir='ltr'><strong><em>οὐδὲν</em></strong></span> <span class='ocrx_word' id='word_1_98' title='bbox 840 1244 1012 1298; x_wconf 85' lang='grc' dir='ltr'><strong><em>πλέον</em></strong></span> <span class='ocrx_word' id='word_1_99' title='bbox 1052 1238 1118 1298; x_wconf 85' lang='grc' dir='ltr'><strong><em>εὖ</em></strong></span> <span class='ocrx_word' id='word_1_100' title='bbox 1163 1247 1462 1313; x_wconf 79' lang='grc' dir='ltr'><strong><em>τεθέντων,</em></strong></span> <span class='ocrx_word' id='word_1_101' title='bbox 1501 1239 1624 1298; x_wconf 85' lang='grc' dir='ltr'><strong><em>ουδ’</em></strong></span> <span class='ocrx_word' id='word_1_102' title='bbox 1671 1239 1757 1296; x_wconf 80' lang='grc' dir='ltr'><strong><em>ὅτι</em></strong></span> 
     </span>
     <span class='ocr_line' id='line_1_15' title="bbox 62 1322 1817 1395; baseline 0.001 -15"><span class='ocrx_word' id='word_1_103' title='bbox 62 1327 236 1395; x_wconf 88' lang='grc' dir='ltr'><strong><em>γέλως</em></strong></span> <span class='ocrx_word' id='word_1_104' title='bbox 253 1345 325 1379; x_wconf 93' lang='grc' dir='ltr'><strong><em>αν</em></strong></span> <span class='ocrx_word' id='word_1_105' title='bbox 340 1323 637 1393; x_wconf 81' lang='grc' dir='ltr'><strong><em>πάμπολυς</em></strong></span> <span class='ocrx_word' id='word_1_106' title='bbox 655 1327 963 1394; x_wconf 86' lang='grc' dir='ltr'><strong><em>ξυμβαίνοι,</em></strong></span> <span class='ocrx_word' id='word_1_107' title='bbox 988 1322 1187 1394; x_wconf 83' lang='grc' dir='ltr'><strong><em>σχεδὸν</em></strong></span> <span class='ocrx_word' id='word_1_108' title='bbox 1216 1327 1276 1380; x_wconf 81' lang='grc' dir='ltr'><strong><em>δὲ</em></strong></span> <span class='ocrx_word' id='word_1_109' title='bbox 1308 1324 1539 1395; x_wconf 77' lang='grc' dir='ltr'><strong><em>βλάβαι</em></strong></span> <span class='ocrx_word' id='word_1_110' title='bbox 1531 1325 1625 1380; x_wconf 86' lang='grc' dir='ltr'><strong><em>καὶ</em></strong></span> <span class='ocrx_word' id='word_1_111' title='bbox 1642 1328 1754 1379; x_wconf 77' lang='grc' dir='ltr'><strong><em>λῶ-</em></strong></span> <span class='ocrx_word' id='word_1_112' title='bbox 1787 1341 1817 1382; x_wconf 88' lang='lat' dir='ltr'>C</span> 
     </span>
     <span class='ocr_line' id='line_1_16' title="bbox 64 1402 1630 1476; baseline -0.001 -17"><span class='ocrx_word' id='word_1_113' title='bbox 64 1410 159 1476; x_wconf 85' lang='grc' dir='ltr'><strong><em>βαι</em></strong></span> <span class='ocrx_word' id='word_1_114' title='bbox 176 1402 324 1461; x_wconf 82' lang='grc' dir='ltr'><strong><em>πολύ</em></strong></span> <span class='ocrx_word' id='word_1_115' title='bbox 343 1406 590 1476; x_wconf 82' lang='grc' dir='ltr'><strong><em>μέγισται</em></strong></span> <span class='ocrx_word' id='word_1_116' title='bbox 610 1415 727 1469; x_wconf 78' lang='grc' dir='ltr'><strong><em>ταῖς</em></strong></span> <span class='ocrx_word' id='word_1_117' title='bbox 745 1403 938 1460; x_wconf 86' lang='grc' dir='ltr'><strong><em>πόλεσι</em></strong></span> <span class='ocrx_word' id='word_1_118' title='bbox 955 1403 1228 1475; x_wconf 75' lang='grc' dir='ltr'><strong><em>γίγνοιντ’</em></strong></span> <span class='ocrx_word' id='word_1_119' title='bbox 1251 1426 1326 1460; x_wconf 89' lang='grc' dir='ltr'><strong><em>αν</em></strong></span> <span class='ocrx_word' id='word_1_120' title='bbox 1343 1406 1398 1471; x_wconf 79' lang='grc' dir='ltr'><strong><em>ἐξ</em></strong></span> <span class='ocrx_word' id='word_1_121' title='bbox 1428 1403 1630 1459; x_wconf 82' lang='grc' dir='ltr'><strong><em>αὐτων.</em></strong></span> 
     </span>
    </p>

    <p class='ocr_par' dir='ltr' id='par_1_5' title="bbox 206 1484 733 1558">
     <span class='ocr_line' id='line_1_17' title="bbox 206 1484 733 1558; baseline -0.002 -15"><span class='ocrx_word' id='word_1_122' title='bbox 206 1491 326 1543; x_wconf 84' lang='grc' dir='ltr'><strong><em>ΚΛ.</em></strong></span> <span class='ocrx_word' id='word_1_123' title='bbox 364 1491 496 1552; x_wconf 77' lang='grc' dir='ltr'><strong><em>Πῶς</em></strong></span> <span class='ocrx_word' id='word_1_124' title='bbox 511 1484 619 1558; x_wconf 78' lang='grc' dir='ltr'><strong><em>γὰρ</em></strong></span> <span class='ocrx_word' id='word_1_125' title='bbox 637 1486 733 1553; x_wconf 72' lang='grc' dir='ltr'><strong><em>οὕς</em></strong></span> 
     </span>
    </p>

    <p class='ocr_par' dir='ltr' id='par_1_6' title="bbox 0 1560 1822 2536">
     <span class='ocr_line' id='line_1_18' title="bbox 207 1560 1759 1641; baseline -0.002 -17"><span class='ocrx_word' id='word_1_126' title='bbox 207 1574 325 1626; x_wconf 84' lang='grc' dir='ltr'><strong><em>ΑΘ.</em></strong></span> <span class='ocrx_word' id='word_1_127' title='bbox 369 1573 547 1625; x_wconf 87' lang='grc' dir='ltr'><strong><em>Τοῦτο</em></strong></span> <span class='ocrx_word' id='word_1_128' title='bbox 583 1567 1092 1641; x_wconf 80' lang='grc' dir='ltr'><strong><em>τοίνυννοήσωμέν</em></strong></span> <span class='ocrx_word' id='word_1_129' title='bbox 1128 1582 1216 1624; x_wconf 91' lang='grc' dir='ltr'><strong><em>σοι</em></strong></span> <span class='ocrx_word' id='word_1_130' title='bbox 1251 1568 1377 1639; x_wconf 84' lang='grc' dir='ltr'><strong><em>περὶ</em></strong></span> <span class='ocrx_word' id='word_1_131' title='bbox 1414 1573 1511 1638; x_wconf 88' lang='grc' dir='ltr'><strong><em>τῆς</em></strong></span> <span class='ocrx_word' id='word_1_132' title='bbox 1547 1573 1674 1636; x_wconf 83' lang='grc' dir='ltr'><strong><em>νῦν,</em></strong></span> <span class='ocrx_word' id='word_1_133' title='bbox 1715 1560 1759 1622; x_wconf 73' lang='grc' dir='ltr'><em>ὦ</em></span> 
     </span>
     <span class='ocr_line' id='line_1_19' title="bbox 69 1646 1759 1723; baseline -0.001 -18"><span class='ocrx_word' id='word_1_134' title='bbox 69 1646 212 1720; x_wconf 84' lang='grc' dir='ltr'><strong><em>φίλε,</em></strong></span> <span class='ocrx_word' id='word_1_135' title='bbox 231 1656 508 1716; x_wconf 86' lang='grc' dir='ltr'><strong><em>πολιτείας</em></strong></span> <span class='ocrx_word' id='word_1_136' title='bbox 532 1672 592 1706; x_wconf 91' lang='grc' dir='ltr'><strong><em>τε</em></strong></span> <span class='ocrx_word' id='word_1_137' title='bbox 617 1653 709 1707; x_wconf 80' lang='grc' dir='ltr'><strong><em>καὶ</em></strong></span> <span class='ocrx_word' id='word_1_138' title='bbox 738 1651 951 1716; x_wconf 90' lang='grc' dir='ltr'><strong><em>πόλεως</em></strong></span> <span class='ocrx_word' id='word_1_139' title='bbox 975 1655 1307 1723; x_wconf 82' lang='grc' dir='ltr'><strong><em>ξυμβαῖνον·</em></strong></span> <span class='ocrx_word' id='word_1_140' title='bbox 1346 1646 1485 1723; x_wconf 82' lang='grc' dir='ltr'><strong><em>ὁρᾷς</em></strong></span> <span class='ocrx_word' id='word_1_141' title='bbox 1513 1649 1642 1720; x_wconf 85' lang='grc' dir='ltr'><strong><em>γάρ,</em></strong></span> <span class='ocrx_word' id='word_1_142' title='bbox 1673 1646 1759 1704; x_wconf 83' lang='grc' dir='ltr'><strong><em>ὅτι</em></strong></span> 
     </span>
     <span class='ocr_line' id='line_1_20' title="bbox 67 1728 1760 1833; baseline -0.001 -46"><span class='ocrx_word' id='word_1_143' title='bbox 67 1738 290 1801; x_wconf 72' lang='grc' dir='ltr'><strong><em>πρῶτον</em></strong></span> <span class='ocrx_word' id='word_1_144' title='bbox 324 1733 428 1805; x_wconf 78' lang='grc' dir='ltr'><strong><em>μὲν</em></strong></span> <span class='ocrx_word' id='word_1_145' title='bbox 465 1737 553 1789; x_wconf 74' lang='grc' dir='ltr'><strong><em>δεῖ</em></strong></span> <span class='ocrx_word' id='word_1_146' title='bbox 582 1754 716 1799; x_wconf 89' lang='grc' dir='ltr'><strong><em>τους</em></strong></span> <span class='ocrx_word' id='word_1_147' title='bbox 744 1730 952 1833; x_wconf 59' lang='grc' dir='ltr'><strong><em>ὀρθῶς,</em></strong></span> <span class='ocrx_word' id='word_1_148' title='bbox 963 1732 1150 1798; x_wconf 85' lang='grc' dir='ltr'><strong><em>ἰόντας</em></strong></span> <span class='ocrx_word' id='word_1_149' title='bbox 1187 1733 1275 1789; x_wconf 89' lang='grc' dir='ltr'><strong><em>ε’πὶ</em></strong></span> <span class='ocrx_word' id='word_1_150' title='bbox 1308 1729 1406 1796; x_wconf 82' lang='grc' dir='ltr'><strong><em>τὰς</em></strong></span> <span class='ocrx_word' id='word_1_151' title='bbox 1430 1737 1543 1788; x_wconf 79' lang='grc' dir='ltr'><strong><em>τῶν</em></strong></span> <span class='ocrx_word' id='word_1_152' title='bbox 1571 1728 1760 1802; x_wconf 79' lang='grc' dir='ltr'><strong><em>ἀρχῶν</em></strong></span> 
     </span>
     <span class='ocr_line' id='line_1_21' title="bbox 40 1799 1760 1897; baseline -0.001 -27"><span class='ocrx_word' id='word_1_153' title='bbox 40 1813 333 1897; x_wconf 44' lang='grc' dir='ltr'><strong><em>’δυνάμεις</em></strong></span> <span class='ocrx_word' id='word_1_154' title='bbox 363 1813 616 1886; x_wconf 88' lang='grc' dir='ltr'><strong><em>βάσανον</em></strong></span> <span class='ocrx_word' id='word_1_155' title='bbox 643 1813 847 1888; x_wconf 75' lang='grc' dir='ltr'><strong><em>ἱκανὴν</em></strong></span> <span class='ocrx_word' id='word_1_156' title='bbox 881 1812 1086 1881; x_wconf 83' lang='grc' dir='ltr'><strong><em>αὐτούς</em></strong></span> <span class='ocrx_word' id='word_1_157' title='bbox 1114 1836 1173 1871; x_wconf 92' lang='grc' dir='ltr'><strong><em>τε</em></strong></span> <span class='ocrx_word' id='word_1_158' title='bbox 1201 1817 1293 1871; x_wconf 81' lang='grc' dir='ltr'><strong><em>καὶ</em></strong></span> <span class='ocrx_word' id='word_1_159' title='bbox 1322 1799 1482 1885; x_wconf 86' lang='grc' dir='ltr'><strong><em>γένος</em></strong></span> <span class='ocrx_word' id='word_1_160' title='bbox 1513 1812 1760 1870; x_wconf 84' lang='grc' dir='ltr'><strong><em>ἑκάστων</em></strong></span> 
     </span>
     <span class='ocr_line' id='line_1_22' title="bbox 68 1886 1759 1970; baseline -0.004 -18"><span class='ocrx_word' id='word_1_161' title='bbox 68 1897 128 1952; x_wconf 76' lang='grc' dir='ltr'><strong><em>ἐκ</em></strong></span> <span class='ocrx_word' id='word_1_162' title='bbox 149 1899 366 1952; x_wconf 82' lang='grc' dir='ltr'><strong><em>παίδων</em></strong></span> <span class='ocrx_word' id='word_1_163' title='bbox 383 1899 540 1969; x_wconf 81' lang='grc' dir='ltr'><strong><em>μέχρι</em></strong></span> <span class='ocrx_word' id='word_1_164' title='bbox 556 1902 653 1969; x_wconf 86' lang='grc' dir='ltr'><strong><em>τῆς</em></strong></span> <span class='ocrx_word' id='word_1_165' title='bbox 672 1900 933 1970; x_wconf 78' lang='grc' dir='ltr'><strong><em>αἶρέσεως</em></strong></span> <span class='ocrx_word' id='word_1_166' title='bbox 951 1895 1090 1954; x_wconf 84' lang='grc' dir='ltr'><strong><em>εἶναι</em></strong></span> <span class='ocrx_word' id='word_1_167' title='bbox 1110 1896 1438 1966; x_wconf 84' lang='grc' dir='ltr'><strong><em>δεδωκότας,</em></strong></span> <span class='ocrx_word' id='word_1_168' title='bbox 1470 1899 1653 1951; x_wconf 85' lang='grc' dir='ltr'><strong><em>ἔπειτα</em></strong></span> <span class='ocrx_word' id='word_1_169' title='bbox 1684 1886 1759 1947; x_wconf 82' lang='grc' dir='ltr'><strong><em>αὖ</em></strong></span> 
     </span>
     <span class='ocr_line' id='line_1_23' title="bbox 68 1972 1761 2051; baseline -0.001 -20"><span class='ocrx_word' id='word_1_170' title='bbox 68 1975 200 2043; x_wconf 83' lang='grc' dir='ltr'><strong><em>τούς</em></strong></span> <span class='ocrx_word' id='word_1_171' title='bbox 217 1981 519 2048; x_wconf 82' lang='grc' dir='ltr'><strong><em>μέλλοντας</em></strong></span> <span class='ocrx_word' id='word_1_172' title='bbox 546 1978 879 2051; x_wconf 82' lang='grc' dir='ltr'><strong><em>αῐρήσεσθαι</em></strong></span> <span class='ocrx_word' id='word_1_173' title='bbox 908 1980 1237 2051; x_wconf 77' lang='grc' dir='ltr'><strong><em>τεθράφθαι</em></strong></span> <span class='ocrx_word' id='word_1_174' title='bbox 1257 1986 1352 2050; x_wconf 89' lang='grc' dir='ltr'><strong><em>[τε]</em></strong></span> <span class='ocrx_word' id='word_1_175' title='bbox 1375 1980 1437 2034; x_wconf 86' lang='grc' dir='ltr'><strong><em>έν</em></strong></span> <span class='ocrx_word' id='word_1_176' title='bbox 1464 1976 1630 2047; x_wconf 81' lang='grc' dir='ltr'><strong><em>ἤθεσι</em></strong></span> <span class='ocrx_word' id='word_1_177' title='bbox 1659 1972 1761 2029; x_wconf 93' lang='grc' dir='ltr'><strong><em>νό-</em></strong></span> 
     </span>
     <span class='ocr_line' id='line_1_24' title="bbox 68 2051 1822 2133; baseline -0.001 -21"><span class='ocrx_word' id='word_1_178' title='bbox 68 2078 191 2129; x_wconf 87' lang='grc' dir='ltr'><strong><em>μων</em></strong></span> <span class='ocrx_word' id='word_1_179' title='bbox 217 2051 284 2113; x_wconf 76' lang='grc' dir='ltr'><strong><em>εὖ</em></strong></span> <span class='ocrx_word' id='word_1_180' title='bbox 310 2063 787 2131; x_wconf 73' lang='grc' dir='ltr'><strong><em>πεπαιδευμένους</em></strong></span> <span class='ocrx_word' id='word_1_181' title='bbox 810 2060 949 2133; x_wconf 85' lang='grc' dir='ltr'><strong><em>πρὸς</em></strong></span> <span class='ocrx_word' id='word_1_182' title='bbox 976 2060 1039 2117; x_wconf 84' lang='grc' dir='ltr'><strong><em>τὸ</em></strong></span> <span class='ocrx_word' id='word_1_183' title='bbox 1071 2056 1534 2131; x_wconf 87' lang='grc' dir='ltr'><strong><em>δυσχεραίνοντάς</em></strong></span> <span class='ocrx_word' id='word_1_184' title='bbox 1570 2076 1629 2112; x_wconf 92' lang='grc' dir='ltr'><strong><em>τε</em></strong></span> <span class='ocrx_word' id='word_1_185' title='bbox 1667 2056 1759 2111; x_wconf 82' lang='grc' dir='ltr'><strong><em>καὶ</em></strong></span> <span class='ocrx_word' id='word_1_186' title='bbox 1787 2079 1822 2120; x_wconf 89' lang='lat' dir='ltr'>D</span> 
     </span>
     <span class='ocr_line' id='line_1_25' title="bbox 69 2134 1758 2215; baseline -0.002 -20"><span class='ocrx_word' id='word_1_187' title='bbox 69 2138 512 2212; x_wconf 77' lang='grc' dir='ltr'><strong><em>ἀποδεχομένους</em></strong></span> <span class='ocrx_word' id='word_1_188' title='bbox 545 2139 736 2210; x_wconf 75' lang='grc' dir='ltr'><strong><em>ὀρθῶς</em></strong></span> <span class='ocrx_word' id='word_1_189' title='bbox 767 2147 980 2215; x_wconf 79' lang='grc' dir='ltr'><strong><em>κρίνειν</em></strong></span> <span class='ocrx_word' id='word_1_190' title='bbox 1006 2144 1098 2198; x_wconf 82' lang='grc' dir='ltr'><strong><em>καὶ</em></strong></span> <span class='ocrx_word' id='word_1_191' title='bbox 1126 2139 1453 2212; x_wconf 77' lang='grc' dir='ltr'><strong><em>ἀποκρίνειν</em></strong></span> <span class='ocrx_word' id='word_1_192' title='bbox 1482 2134 1758 2201; x_wconf 79' lang='grc' dir='ltr'><strong><em>δυνατοὺς</em></strong></span> 
     </span>
     <span class='ocr_line' id='line_1_26' title="bbox 68 2220 1759 2295; baseline -0.002 -18"><span class='ocrx_word' id='word_1_193' title='bbox 68 2226 364 2292; x_wconf 71' lang='grc' dir='ltr'><strong><em>γύννεσθαι</em></strong></span> <span class='ocrx_word' id='word_1_194' title='bbox 409 2223 542 2290; x_wconf 82' lang='grc' dir='ltr'><strong><em>τούς</em></strong></span> <span class='ocrx_word' id='word_1_195' title='bbox 577 2224 764 2291; x_wconf 84' lang='grc' dir='ltr'><strong><em>ἀξίους</em></strong></span> <span class='ocrx_word' id='word_1_196' title='bbox 799 2225 1102 2295; x_wconf 78' lang='grc' dir='ltr'><strong><em>ἑκατέρων·</em></strong></span> <span class='ocrx_word' id='word_1_197' title='bbox 1151 2228 1325 2279; x_wconf 85' lang='grc' dir='ltr'><strong><em>ταῦτα</em></strong></span> <span class='ocrx_word' id='word_1_198' title='bbox 1374 2222 1433 2278; x_wconf 78' lang='grc' dir='ltr'><strong><em>δὲ</em></strong></span> <span class='ocrx_word' id='word_1_199' title='bbox 1471 2222 1527 2276; x_wconf 78' lang='grc' dir='ltr'><strong><em>οἰ</em></strong></span> <span class='ocrx_word' id='word_1_200' title='bbox 1562 2220 1759 2275; x_wconf 85' lang='grc' dir='ltr'><strong><em>νεωστὶ</em></strong></span> 
     </span>
     <span class='ocr_line' id='line_1_27' title="bbox 70 2298 1760 2378; baseline -0.002 -20"><span class='ocrx_word' id='word_1_201' title='bbox 70 2303 511 2375; x_wconf 76' lang='grc' dir='ltr'><strong><em>ξυνεληλυθότες</em></strong></span> <span class='ocrx_word' id='word_1_202' title='bbox 538 2302 698 2372; x_wconf 82' lang='grc' dir='ltr'><strong><em>ὄντες</em></strong></span> <span class='ocrx_word' id='word_1_203' title='bbox 726 2327 785 2362; x_wconf 90' lang='grc' dir='ltr'><strong><em>τε</em></strong></span> <span class='ocrx_word' id='word_1_204' title='bbox 818 2304 1076 2378; x_wconf 85' lang='grc' dir='ltr'><strong><em>ἀλλήλων</em></strong></span> <span class='ocrx_word' id='word_1_205' title='bbox 1105 2303 1365 2377; x_wconf 75' lang='grc' dir='ltr'><strong><em>ἀγνῶτες,</em></strong></span> <span class='ocrx_word' id='word_1_206' title='bbox 1395 2306 1474 2360; x_wconf 82' lang='grc' dir='ltr'><strong><em>ἔτι</em></strong></span> <span class='ocrx_word' id='word_1_207' title='bbox 1508 2298 1559 2358; x_wconf 84' lang='grc' dir='ltr'><strong><em>δ’</em></strong></span> <span class='ocrx_word' id='word_1_208' title='bbox 1594 2298 1760 2357; x_wconf 88' lang='grc' dir='ltr'><strong><em>ἀπαί-</em></strong></span> 
     </span>
     <span class='ocr_line' id='line_1_28' title="bbox 0 2383 1760 2467; baseline 0.005 -25"><span class='ocrx_word' id='word_1_209' title='bbox 0 2456 1 2467; x_wconf 18' lang='lat'>¹</span> <span class='ocrx_word' id='word_1_210' title='bbox 71 2389 270 2459; x_wconf 74' lang='grc' dir='ltr'><strong><em>δευτοι,</em></strong></span> <span class='ocrx_word' id='word_1_211' title='bbox 308 2393 425 2455; x_wconf 76' lang='grc' dir='ltr'><strong><em>πῶς</em></strong></span> <span class='ocrx_word' id='word_1_212' title='bbox 460 2386 534 2445; x_wconf 75' lang='grc' dir='ltr'><strong><em>ἅν·</em></strong></span> <span class='ocrx_word' id='word_1_213' title='bbox 560 2409 692 2447; x_wconf 91' lang='grc' dir='ltr'><strong><em>ποτε</em></strong></span> <span class='ocrx_word' id='word_1_214' title='bbox 722 2388 987 2447; x_wconf 84' lang='grc' dir='ltr'><strong><em>δύναιντο</em></strong></span> <span class='ocrx_word' id='word_1_215' title='bbox 1017 2387 1310 2462; x_wconf 85' lang='grc' dir='ltr'><strong><em>ἀμέμπτως</em></strong></span> <span class='ocrx_word' id='word_1_216' title='bbox 1337 2385 1435 2453; x_wconf 79' lang='grc' dir='ltr'><strong><em>τὰς</em></strong></span> <span class='ocrx_word' id='word_1_217' title='bbox 1474 2383 1642 2457; x_wconf 75' lang='grc' dir='ltr'><strong><em>ἀρχὰς</em></strong></span> <span class='ocrx_word' id='word_1_218' title='bbox 1673 2386 1760 2439; x_wconf 75' lang='grc' dir='ltr'><strong><em>αἷ-</em></strong></span> 
     </span>
     <span class='ocr_line' id='line_1_29' title="bbox 75 2474 316 2536; baseline 0.021 -16"><span class='ocrx_word' id='word_1_219' title='bbox 75 2474 316 2536; x_wconf 67' lang='grc' dir='ltr'><strong><em>ριτσθαις</em></strong></span> 
     </span>
    </p>

    <p class='ocr_par' dir='ltr' id='par_1_7' title="bbox 216 2550 965 2623">
     <span class='ocr_line' id='line_1_30' title="bbox 216 2550 965 2623; baseline 0.005 -18"><span class='ocrx_word' id='word_1_220' title='bbox 216 2552 331 2606; x_wconf 78' lang='grc' dir='ltr'><strong><em>ΚΑ.</em></strong></span> <span class='ocrx_word' id='word_1_221' title='bbox 369 2550 584 2623; x_wconf 73' lang='grc' dir='ltr'><strong><em>Σχεδὸν</em></strong></span> <span class='ocrx_word' id='word_1_222' title='bbox 602 2550 706 2609; x_wconf 78' lang='grc' dir='ltr'><strong><em>οὐκ</em></strong></span> <span class='ocrx_word' id='word_1_223' title='bbox 727 2550 800 2609; x_wconf 80' lang='grc' dir='ltr'><strong><em>ἄν</em></strong></span> <span class='ocrx_word' id='word_1_224' title='bbox 818 2572 965 2609; x_wconf 91' lang='grc' dir='ltr'><strong><em>ποτε.</em></strong></span> 
     </span>
    </p>

    <p class='ocr_par' dir='ltr' id='par_1_8' title="bbox 73 2629 1819 2873">
     <span class='ocr_line' id='line_1_31' title="bbox 218 2629 1755 2708; baseline 0 -23"><span class='ocrx_word' id='word_1_225' title='bbox 218 2635 334 2687; x_wconf 77' lang='grc' dir='ltr'><strong><em>ΑΘ.</em></strong></span> <span class='ocrx_word' id='word_1_226' title='bbox 358 2629 520 2691; x_wconf 79' lang='grc' dir='ltr'><strong><em>Ἀλλὰ</em></strong></span> <span class='ocrx_word' id='word_1_227' title='bbox 541 2635 649 2706; x_wconf 82' lang='grc' dir='ltr'><strong><em>γᾶρ</em></strong></span> <span class='ocrx_word' id='word_1_228' title='bbox 666 2631 855 2707; x_wconf 25' lang='grc' dir='ltr'><strong><em>ἀγών-ὰ</em></strong></span> <span class='ocrx_word' id='word_1_229' title='bbox 875 2634 1186 2708; x_wconf 82' lang='grc' dir='ltr'><strong><em>προφάσεις</em></strong></span> <span class='ocrx_word' id='word_1_230' title='bbox 1205 2633 1276 2691; x_wconf 79' lang='grc' dir='ltr'><strong><em>οὔ</em></strong></span> <span class='ocrx_word' id='word_1_231' title='bbox 1306 2650 1444 2706; x_wconf 89' lang='grc' dir='ltr'><strong><em>φασι</em></strong></span> <span class='ocrx_word' id='word_1_232' title='bbox 1474 2635 1755 2704; x_wconf 84' lang='grc' dir='ltr'><strong><em>δέχεσθαι·</em></strong></span> 
     </span>
     <span class='ocr_line' id='line_1_32' title="bbox 74 2708 1759 2790; baseline -0.001 -20"><span class='ocrx_word' id='word_1_233' title='bbox 74 2711 165 2766; x_wconf 77' lang='grc' dir='ltr'><strong><em>καὶ</em></strong></span> <span class='ocrx_word' id='word_1_234' title='bbox 206 2710 272 2782; x_wconf 81' lang='grc' dir='ltr'><strong><em>δὴ</em></strong></span> <span class='ocrx_word' id='word_1_235' title='bbox 311 2713 402 2768; x_wconf 74' lang='grc' dir='ltr'><strong><em>καὶ</em></strong></span> <span class='ocrx_word' id='word_1_236' title='bbox 437 2715 523 2771; x_wconf 81' lang='grc' dir='ltr'><strong><em>σοὶ</em></strong></span> <span class='ocrx_word' id='word_1_237' title='bbox 546 2722 711 2773; x_wconf 86' lang='grc' dir='ltr'><strong><em>τοῦτο</em></strong></span> <span class='ocrx_word' id='word_1_238' title='bbox 746 2723 854 2774; x_wconf 87' lang='grc' dir='ltr'><strong><em>νῦν</em></strong></span> <span class='ocrx_word' id='word_1_239' title='bbox 883 2719 974 2774; x_wconf 84' lang='grc' dir='ltr'><strong><em>καὶ</em></strong></span> <span class='ocrx_word' id='word_1_240' title='bbox 1000 2719 1119 2790; x_wconf 78' lang='grc' dir='ltr'><strong><em>ἐμοὶ</em></strong></span> <span class='ocrx_word' id='word_1_241' title='bbox 1147 2721 1422 2789; x_wconf 88' lang='grc' dir='ltr'><strong><em>ποιητέον,</em></strong></span> <span class='ocrx_word' id='word_1_242' title='bbox 1445 2717 1665 2783; x_wconf 81' lang='grc' dir='ltr'><strong><em>ἐπείπερ</em></strong></span> <span class='ocrx_word' id='word_1_243' title='bbox 1687 2708 1759 2767; x_wconf 84' lang='grc' dir='ltr'><strong>σύ</strong></span> 
     </span>
     <span class='ocr_line' id='line_1_33' title="bbox 73 2791 1819 2873; baseline 0.013 -27"><span class='ocrx_word' id='word_1_244' title='bbox 73 2794 175 2863; x_wconf 71' lang='grc' dir='ltr'><strong><em>μὲν</em></strong></span> <span class='ocrx_word' id='word_1_245' title='bbox 205 2791 272 2864; x_wconf 79' lang='grc' dir='ltr'><strong><em>δὴ</em></strong></span> <span class='ocrx_word' id='word_1_246' title='bbox 310 2791 411 2864; x_wconf 83' lang='grc' dir='ltr'><strong><em>τὴν</em></strong></span> <span class='ocrx_word' id='word_1_247' title='bbox 438 2795 600 2853; x_wconf 81' lang='grc' dir='ltr'><strong><em>πόλιν</em></strong></span> <span class='ocrx_word' id='word_1_248' title='bbox 629 2795 866 2872; x_wconf 81' lang='grc' dir='ltr'><strong><em>ὑπέστης</em></strong></span> <span class='ocrx_word' id='word_1_249' title='bbox 889 2805 965 2873; x_wconf 78' lang='grc' dir='ltr'><strong><em>τῷ</em></strong></span> <span class='ocrx_word' id='word_1_250' title='bbox 996 2805 1233 2873; x_wconf 76' lang='grc' dir='ltr'><strong><em>Κρητῶν</em></strong></span> <span class='ocrx_word' id='word_1_251' title='bbox 1261 2803 1417 2856; x_wconf 80' lang='grc' dir='ltr'><strong><em>ἔθνει</em></strong></span> <span class='ocrx_word' id='word_1_252' title='bbox 1452 2795 1760 2867; x_wconf 70' lang='grc' dir='ltr'><strong><em>προθύμως</em></strong></span> <span class='ocrx_word' id='word_1_253' title='bbox 1786 2811 1819 2853; x_wconf 74' lang='grc' dir='ltr'><em>Ε</em></span> 
     </span>
    </p>
   </div>
  </div>
 </body>
</html>
