1976 3172
747 95 1162 164 ΝοΜῼΝγο
1562 114 1568 122 ·
1671 100 1818 153 -73’

246 244 364 294 ΑΘ.
402 237 516 293 Καὶ
530 234 644 307 μὴν
669 232 802 297 τούς
832 254 897 303 γε
927 230 1117 288 αὑτῶν
1146 231 1357 303 νόμους
1380 232 1638 304 ἀρέσκειν
1662 235 1795 293 ἑκά-
1822 253 1853 295 c

26 328 29 332 ’
106 339 257 387 στοις
275 316 584 390 ἀναγκαῖόν
600 334 729 384 που,
747 314 880 380 τοὺς
898 314 959 371 δὲ
977 319 1093 370 τῶν
1116 313 1304 371 ἄλλων
1333 312 1614 385 ὑστέρους.

247 408 367 458 ΚΛ.
404 397 613 463 Οὕτως.

245 489 363 539 ΑΘ.
395 479 561 551 ’Λρχῇ
587 476 655 549 δὴ
690 480 1028 548 νομοθεσίας
1053 471 1175 533 οἷον
1202 475 1469 548 ἐμβάντες
1496 475 1792 551 ἐλάθομεν,

105 564 179 631 ῶς
197 570 392 621 ἔοικεν.

242 650 362 701 ΚΛ.
399 642 570 699 Πάνυ
587 640 692 714 μὲν
710 634 833 697 οὖν.

245 731 325 782 IV.
366 732 486 783 ΑΘ.
527 722 604 781 T&
634 729 778 794 γοῦν
804 722 942 795 μετὰ
972 728 1148 778 ταῦτα
1178 718 1484 793 ἀναγκαῖον
1513 727 1797 792 αἱρεῖσθαι
1898 717 1906 722 ’

102 810 235 875 τούς
252 807 637 871 συνελθόντας
650 805 889 871 τούτους
899 804 1126 871 κοινούς
1143 826 1300 870 τινας
1322 805 1555 878 ἑαυτῶν,
1576 810 1633 862 οἳ
1641 806 1707 878 δὴ
1728 805 1796 861 τὰ

101 889 330 948 πάντων
349 891 563 954 ἰδόντες
580 887 810 960 νόμιμα,
829 888 898 944 τά
916 904 1111 959 σφισιν
1138 885 1447 959 ἀρέσκοντα
1471 885 1661 944 αὐτῶν
1689 885 1797 959 μά-

102 978 261 1030 λιστα
293 978 370 1039 εἰς
396 970 459 1028 τὸ
491 969 690 1028 κοινὰν
710 982 824 1036 τοῖς
851 968 1087 1043 ἡγεμόσι
1114 971 1207 1026 καὶ
1235 968 1511 1042 ἀγαγοῦσι
1531 968 1665 1034 τούς
1694 968 1798 1042 δή-

104 1074 245 1124 μους
259 1050 382 1111 οἷον
398 1057 692 1126 βασιλεῦσι
711 1049 929 1123 φανερὰ
949 1055 1224 1117 δείξαντες
1241 1055 1467 1109 ἑλέσθαι
1495 1073 1555 1108 τε
1584 1053 1792 1123 δόντες,
1825 1072 1860 1112 D

104 1134 263 1192 αὐτοὶ
280 1135 383 1207 μὲν
407 1137 709 1206 νομοθέται
731 1133 1129 1205 κληθήσονται,
1149 1134 1282 1200 τοὺς
1310 1135 1370 1191 δὲ
1400 1134 1672 1206 ἄρχοντας
1692 1157 1797 1191 κα-

30 1251 38 1259 ·
102 1218 488 1289 ταστήσαντες,
503 1215 930 1287 ἀριστοκρατίαν
940 1214 1065 1271 τινὰ
1085 1218 1145 1272 ἐκ
1162 1223 1278 1272 τῶν
1289 1221 1634 1273 δυναστειῶν
1643 1216 1797 1288 ποιή-

102 1317 299 1363 σαντες
313 1297 354 1369 ἦ
370 1303 470 1353 καί
475 1318 602 1352 τινα
618 1301 923 1368 βασιλείαν,
936 1299 998 1352 ἐν
1015 1298 1190 1369 ταύτῃ
1207 1304 1278 1370 τῇ
1294 1305 1571 1372 μεταβολῇ
1589 1306 1684 1372 τῆς
1702 1318 1798 1355 πο-

102 1385 303 1449 λιτείας
326 1378 669 1450 οἰκήσουσιν.

243 1466 362 1517 ΚΛ.
398 1459 622 1531 Ἐφεξῆς
637 1464 781 1530 γοῦν
799 1455 873 1515 ἂν
888 1456 1035 1515 οὕτω
1053 1480 1113 1515 τε
1137 1461 1230 1516 καὶ
1247 1460 1422 1534 ταύτῃ
1440 1465 1703 1531 γίγνοιτο.

243 1550 360 1600 ΛΘ.
401 1546 603 1611 Τρίτον
620 1545 817 1598 τοίνυν
836 1548 1078 1612 εἴπωμεν
1095 1545 1175 1597 ἔτι
1201 1547 1479 1608 πολιτείας
1502 1549 1680 1615 σχῆμα
1708 1565 1798 1614 γι-

0 1625 1 1697 f
101 1626 400 1698 γνόμενον,
430 1627 493 1681 ἐν
521 1617 568 1699 ᾦ
597 1623 666 1695 δὴ
687 1622 871 1679 πάντα
901 1627 1020 1695 εἴδη
1049 1625 1142 1680 καὶ
1172 1624 1477 1698 παθήματα
1505 1632 1798 1683 πολιτειῶν
1902 1636 1907 1642 ’

0 1712 5 1730 ²
101 1711 195 1766 καὶ
214 1708 330 1781 ἅμα
348 1707 571 1764 πόλεων
588 1709 880 1778 ξυμπίπτει
895 1710 1209 1778 γίγνεσθαι.

242 1796 363 1847 ΚΛ.
408 1788 484 1846 Τό
504 1800 670 1846 ποῖον
690 1786 758 1861 δὴ
779 1794 944 1845 τοῦτο
961 1812 977 1856 ;

242 1878 363 1929 ΑΘ.
389 1868 455 1928 Ὃ
476 1870 613 1943 μετὰ
633 1872 695 1927 τὸ
715 1871 983 1943 δεύτερον
1011 1871 1106 1928 καὶ
1125 1868 1369 1943 Ὅμηρος
1395 1871 1796 1943 ἐπεσημήνατο,
1829 1891 1863 1931 Ε

100 1955 281 2025 λέγων
307 1954 372 2011 τὸ
400 1958 590 2025 τρίτον
619 1952 768 2009 οὕτω
803 1953 1117 2023 γεγονέναι·
1164 1958 1350 2009 κτίσσε
1383 1951 1444 2009 δὲ
1468 1957 1800 2025 Δαρδανίην

100 2034 211 2105 γάρ
235 2035 559 2107 πούφησιν,
579 2036 696 2092 ἐπεὶ
726 2033 885 2091 οὔπω
895 2033 1060 2099 Ἴλιος
1077 2033 1172 2105 ἱρή

245 2120 308 2174 ἐν
325 2121 497 2190 πεδίῳ
515 2116 832 2187 πεπόλιστο,
854 2117 1014 2182 πόλις
1030 2116 1293 2188 μερόπων
1312 2115 1654 2190 ἀνθρώπων,

246 2191 372 2254 ἀλλ’
391 2196 483 2255 ἔθ’
510 2196 788 2270 ὑπωρείας
808 2198 997 2274 ᾤκουν
1016 2197 1405 2255 πολυπιδάκου
1420 2197 1585 2272 Ἴδης.

93 2283 250 2351 λέγει
265 2277 376 2351 γὰρ
396 2277 464 2351 δὴ
486 2286 660 2337 ταῦτα
678 2280 744 2336 τὰ
766 2285 869 2353 ἔπη
890 2282 981 2337 καὶ
1001 2283 1201 2352 ἐκεῖνα,
1225 2279 1261 2336 α’
1279 2283 1404 2352 περὶ
1421 2289 1536 2344 τῶν
1554 2281 1799 2339 Κυκλιό-
1827 2291 1913 2338 682

101 2382 227 2419 πων
263 2371 467 2436 εἴρηκε,
503 2364 642 2420 κατὰ
677 2363 822 2421 θεόν
855 2383 974 2429 πως
1010 2366 1270 2435 εἰρημένα
1292 2365 1386 2421 καὶ
1422 2362 1562 2421 κατὰ
1593 2363 1796 2436 φύσιν·

104 2451 263 2501 θετον
278 2445 388 2517 γὰρ
407 2438 515 2502 οὖν
533 2443 601 2518 δὴ
622 2447 715 2502 καὶ
729 2443 791 2502 τὸ
810 2444 1099 2519 ποιητικὸν
1125 2445 1529 2518 [ἐνθεαστικὸν]
1552 2444 1622 2503 ὂν
1638 2450 1800 2519 γένος

109 2519 411 2597 ὑμνῳδοῦν
442 2533 670 2584 πολλῶν
703 2533 819 2584 τῶν
851 2526 973 2585 κατ’
1017 2526 1290 2599 ἀλήθειαν
1319 2531 1667 2601 γιγνομένων
1694 2527 1798 2594 ξύν

109 2618 220 2660 τισι
236 2605 438 2678 Χάρισι
454 2612 548 2667 καὶ
564 2608 828 2677 Μούσαις
844 2611 1143 2683 ἐφάπτεται
1164 2609 1436 2668 ἑκάστοτε.

253 2691 371 2744 ΚΛ.
403 2694 513 2748 Καὶ
530 2692 695 2764 μάλα.

252 2776 371 2827 ΑΘ.
409 2777 506 2839 Εἰς
541 2775 608 2847 δὴ
644 2775 708 2833 τὸ
747 2776 1004 2848 πρόσθεν
1038 2781 1408 2850 προέλθωμεν
1445 2780 1523 2832 ἔτι
1551 2779 1652 2830 τοῦ
1686 2777 1797 2828 νῦν
