1976 3172
241 133 347 186 354
861 135 1340 185 ΠΛΑΤΩΝΟΣ

242 289 351 325 τινι
369 266 539 324 εἰδότι
558 268 662 339 μὲν
681 266 857 338 εἰδῶς,
878 261 953 341 μὴ
972 272 1287 341 τυγχανέτω
1313 267 1605 340 ἀναγωγῆς
1625 275 1726 325 τοῦ
1744 269 1932 326 τοιού·

242 371 344 408 του
370 355 468 422 τῆς
496 349 767 421 πράσεως,
793 349 868 423 μὴ
907 354 967 409 δὲ
1002 351 1172 409 εἰδότι
1199 350 1302 424 τὴν
1330 353 1433 425 μὲν
1461 348 1764 423 ἀναγωγὴν
1796 347 1936 407 εἶναι

241 432 383 506 τότε,
405 433 542 491 ὅταν
559 453 640 499 τις
662 441 925 506 αἴσθηται
952 440 1068 491 τῶν
1086 438 1424 506 πριαμένων,
1455 438 1517 491 ἐν
1544 435 1706 490 πέντε
1735 435 1795 490 δὲ
1823 438 1938 489 τῶν

242 515 659 589 νομοφυλάκων
675 527 789 583 τοῖς
807 515 1099 584 νεωτάτοις
1111 515 1253 573 εἶναι
1270 513 1375 589 τὴν
1393 520 1594 588 κρίσιν,
1609 516 1768 581 εἰδῶς
1786 514 1846 571 δὲ
1866 510 1939 570 ἀν

242 605 435 672 κριθῇ,
455 598 554 666 τάς
577 620 636 656 τε
665 604 842 666 οἰκίας
869 606 973 657 τοῦ
1001 602 1312 672 πριαμένου
1337 598 1640 671 καθηράτω
1669 595 1808 656 κατὰ
1839 594 1941 653 τὸν

242 688 357 739 τῶν
377 684 656 755 ἐξηγητῶν
674 683 870 756 νόμον,
890 688 988 755 τῆς
1012 688 1171 757 τιμῆς
1187 704 1247 740 τε
1269 682 1527 740 ἀποδότω
1547 687 1624 758 τῷ
1653 681 1939 752 πριαμένῳ

182 776 218 826 D.
247 765 590 834 τριπλάσιον.

388 845 474 901 111.
506 844 567 903 ‘O
595 845 656 903 δὲ
681 844 1086 919 ἀλλαττόμενος
1108 842 1145 917 ἢ
1180 846 1422 917 νόμισμα
1452 846 1578 904 ἀντὶ
1605 852 1942 918 νομίσματος

246 927 284 1003 ἢ
309 931 400 988 καὶ
420 935 535 987 τῶν
554 925 741 985 ἄλλων
769 927 926 997 ζώων
953 924 1148 987 ὁτιοῦν
1171 925 1211 1000 ἦ
1239 928 1332 983 καὶ
1359 926 1434 999 μὴ
1461 926 1617 995 ζῶων
1635 927 1941 1001 ἀκίβδηλον

247 1020 366 1074 πᾶν
396 1012 598 1071 διδότω
627 1012 719 1069 καὶ
750 1015 998 1085 δεχέσθω
1026 1015 1106 1086 τῷ
1131 1009 1288 1085 νόμω
1312 1008 1712 1081 ξυνεπόμενος·
1750 1015 1944 1079 προοί-

247 1117 378 1171 μιον
396 1099 473 1166 δέ,
495 1094 754 1166 καθάπερ
774 1093 963 1173 ἄλλων
982 1094 1191 1167 νόμων,
1225 1091 1516 1163 δεξώμεθα
1546 1092 1639 1149 καὶ
1668 1091 1795 1160 περὶ
1813 1088 1946 1163 ὅλης

247 1179 452 1253 ταύτης
486 1185 585 1252 τῆς
618 1178 806 1252 κάκης.
855 1181 1175 1253 κιβδηλείαν
1202 1179 1264 1234 δὲ
1289 1173 1394 1248 χρὴ
1416 1174 1598 1232 πάντα
1622 1173 1803 1245 ἄνδρα
1824 1176 1945 1230 δια-

250 1269 531 1336 νοηθῆναι
550 1264 642 1319 καὶ
661 1264 869 1330 ψεῦδος
886 1261 978 1319 καὶ
998 1258 1219 1334 ἀπάτην
1238 1257 1311 1327 ὥς
1329 1258 1394 1316 ἓν
1410 1281 1463 1317 τι
1481 1262 1643 1331 γένος
1661 1257 1749 1330 ὅν,
1778 1259 1944 1315 τοῦτο

251 1340 298 1422 ᾦ
313 1345 417 1419 τὴν
435 1345 631 1417 φήμην
650 1347 934 1417 ἐπιφέρειν
952 1340 1225 1403 εἰώθασιν
1242 1342 1303 1399 οἰ
1315 1344 1510 1399 πολλοὶ
1536 1348 1723 1408 κακῶς
1749 1344 1946 1413 λέγον-

251 1450 356 1500 τες,
380 1425 454 1494 ῶς
472 1429 534 1485 ἐν
551 1434 727 1503 καιρῷ
745 1426 1079 1499 γιγνόμενον
1098 1423 1356 1483 ἑκάστοτε
1376 1421 1439 1481 τὸ
1460 1428 1719 1481 τοιοῦτον
1737 1422 1947 1479 πολλά-
1971 1468 1976 1479 ,

189 1525 222 1567 Ε
255 1530 341 1579 κις
359 1507 431 1568 ἀν
449 1508 640 1582 ὀρθῶς
659 1515 789 1583 ἔχοι,
806 1507 909 1567 τὸν
933 1508 1134 1580 καιρὸν
1153 1507 1214 1566 δὲ
1239 1507 1330 1564 καὶ
1354 1504 1502 1563 ὅπου
1520 1507 1612 1562 καὶ
1634 1501 1801 1560 ὁπότε
1820 1503 1946 1561 ἀτά-

252 1611 393 1661 κτως
412 1596 503 1651 καὶ
523 1591 793 1664 ἀορίστως
810 1594 1012 1659 ἐῶντες
1029 1597 1098 1665 τῇ
1117 1592 1256 1657 λέξει
1274 1588 1451 1662 ταύτῃ
1477 1584 1655 1644 πολλά
1685 1590 1949 1660 ζημιοῦν-

251 1681 347 1736 ταί
371 1698 430 1734 τε
457 1679 549 1734 καὶ
578 1681 867 1748 ζημιοῦσιν
897 1675 1132 1747 ἑτέρους.
1170 1673 1455 1746 νομοθέτῃ
1490 1655 1550 1729 δε
1582 1666 1688 1728 οὐκ
1725 1671 1954 1742 ἐγχωρεῖ

252 1768 419 1820 τοῦτο
440 1759 706 1829 ἀόριστον
722 1760 844 1832 ἐᾷν,
864 1755 990 1815 ἀλλ’
1018 1753 1056 1830 ἢ
1074 1761 1294 1830 μείζους
1313 1750 1352 1829 ἦ
1378 1754 1637 1819 ἐλάττους
1665 1750 1837 1825 ὄρους
1866 1748 1950 1809 ἀεὶ

256 1846 346 1899 δεῖ
358 1845 670 1914 διασαφεῖν,
689 1843 781 1899 καὶ
802 1839 870 1913 δὴ
891 1842 984 1899 καὶ
1002 1845 1113 1897 νῦν
1131 1836 1377 1909 ῶρίσθω.
1410 1840 1618 1907 ψεῦδος
1635 1836 1824 1908 μηδεὶς
1843 1856 1951 1907 μη-

255 1926 353 1982 δὲν
370 1921 506 1998 μηδ’
528 1922 748 1996 ἀπάτην
764 1925 908 1996 μηδέ
932 1944 985 1980 τι
1017 1926 1302 1996 κίβδηλον,
1330 1920 1492 1994 γένος
1515 1917 1952 1990 ἐπικαλούμενος

255 2011 429 2078 θεῶν,
450 2006 588 2080 μήτε
613 2007 765 2081 λόγῳ
783 2006 921 2078 μήτε
941 2009 1084 2081 ἔργῳ
1113 2005 1390 2075 πράξειεν,
1417 2000 1447 2060 ὁ
1480 2000 1554 2075 μὴ
1585 2002 1952 2074 θεομισέστα-
1974 2047 1976 2054 .

145 2102 232 2151 917
259 2112 352 2157 τος
375 2095 602 2148 ἔσεσθαι
622 2093 841 2163 μέλλων
858 2111 870 2122 ·
907 2082 1073 2154 οὗτος
1101 2083 1153 2144 δ’
1176 2087 1325 2144 ἐστὶν
1352 2083 1414 2153 ὃς
1440 2083 1512 2142 ἀν
1541 2082 1748 2157 ὅρκους
1777 2058 1976 2166 ὀμνύςέ

259 2176 479 2240 ψευδεῖς
496 2172 670 2245 μηδὲν
691 2175 956 2246 φροντίζῃ
973 2176 1148 2242 θεῶν,
1168 2170 1426 2242 δεύτερος
1446 2171 1506 2227 δὲ
1524 2165 1584 2235 ὃς
1603 2163 1678 2224 ἄν
1697 2170 1976 2224 ἐναντίονέ

255 2258 376 2322 ,τῶν
401 2256 738 2330 κρειττόνων
767 2253 945 2313 αὑτοῦ
970 2254 1254 2326 ψεύδηται.
1309 2258 1593 2325 κρείττους
1622 2250 1683 2308 δὲ
1713 2252 1771 2306 οἱ
1797 2246 1953 2321 ἀμεί-

260 2359 397 2404 νους
415 2342 527 2394 τῶν
546 2337 817 2407 χειρόνων
831 2339 1144 2407 πρεσβῦταί
1154 2356 1213 2391 τε
1234 2330 1308 2400 ῶς
1324 2333 1412 2391 ἐπὶ
1435 2331 1495 2389 τὰ
1517 2336 1631 2388 πᾶν
1649 2335 1821 2386 εἰπεῖν
1838 2332 1952 2384 τῶν

262 2420 425 2490 νέων,
452 2417 538 2475 διὸ
557 2419 649 2475 καὶ
666 2429 849 2490 γονεῖς
864 2421 1147 2485 κρείττους
1164 2415 1412 2485 ἐκγόνων
1431 2414 1522 2470 καὶ
1541 2410 1741 2481 ἄνδρες
1761 2407 1828 2483 δὴ
1848 2429 1952 2481 γυ-

264 2502 476 2560 ναικῶν
506 2501 598 2558 καὶ
627 2503 843 2558 παίδων
868 2498 1126 2571 ἄρχοντές
1162 2516 1222 2552 τε
1257 2490 1604 2567 ἀρχομένων·
1656 2490 1755 2558 οὓς
1782 2464 1976 2572 αἰδεῖ-,ξ

265 2591 403 2642 σθαι
431 2589 567 2639 πᾶσι
603 2580 814 2648 πάντας
849 2583 1064 2650 πρέπον
1089 2575 1161 2635 ἀν
1190 2584 1274 2650 εἰη
1303 2579 1364 2634 ἐν
1383 2576 1522 2649 ἄλλῃ
1547 2598 1606 2633 τε
1635 2573 1776 2647 ἀρχῇ
1802 2573 1952 2647 πάσῃ

265 2667 358 2726 καὶ
376 2668 439 2723 ἐν
456 2676 572 2732 ταῖς
583 2671 885 2730 πολιτικαῖς
904 2662 970 2735 δὴ
993 2659 1226 2735 μάλιστα
1246 2656 1450 2730 ἀρχαῖς,
1472 2656 1612 2715 ὅθεν
1631 2654 1660 2714 ὁ
1680 2662 1790 2712 νῦν
1806 2676 1951 2725 παρ-

204 2766 236 2807 Β
269 2752 349 2808 ῶν
375 2747 508 2822 ἡμῖν
537 2748 702 2820 λόγος
727 2746 990 2819 ἐλήλυθε·
1030 2749 1136 2810 πᾶς
1153 2740 1260 2813 γὰρ
1285 2746 1400 2798 τῶν
1418 2739 1540 2798 κατ’
1571 2734 1788 2811 ἀγορὰν
1814 2734 1843 2793 ὁ
1865 2758 1953 2792 κι-

270 2831 561 2904 βδηλεύων
588 2853 639 2887 τι
671 2828 933 2896 ψεύδεται
958 2825 1050 2883 καὶ
1077 2823 1259 2897 ἀπατᾷ
1290 2825 1382 2880 καὶ
1410 2821 1543 2888 τούς
1570 2818 1742 2885 θεοὺς
1770 2839 1953 2889 παρα-
