1976 3172
215 226 218 227 ⁷
285 162 355 215 86
903 162 1375 212 ΠΛΑΤῼΝΟΣ

225 624 260 665 D

286 317 398 368 μην
428 293 604 369 ἀρχὴν
633 299 710 361 εἰς
739 295 950 368 κλῆρόν
978 317 1101 352 τινα
1128 290 1445 369 προάγομεν
1473 298 1564 353 καὶ
1594 297 1831 368 λαχόντα
1869 301 1971 369 μὲν

287 377 493 449 ἄρχειν,
515 381 939 449 δυσκληροῦντα
960 378 1018 435 δὲ
1038 375 1276 435 ἀπιόντα
1300 378 1571 449 ἄρχεσθαι
1594 378 1655 434 τὰ
1689 379 1972 435 δικαιότα-

285 481 386 515 τον
406 458 553 516 ἐἶναί
573 481 772 532 φαμεν.

427 548 547 598 ΚΛ.
579 539 954 612 Ἀληθέστατα
975 544 1163 613 λέγεις.

430 630 547 680 ΑΘ.
579 619 743 697 Ὁρᾷς
779 621 864 695 δή,
903 634 1109 694 φαῖμεν
1130 621 1234 695 ἄν,
1273 617 1320 679 ὦ
1358 627 1653 701 νομοθέτα,
1687 623 1825 696 πρός
1850 647 1973 680 τινα

287 708 567 772 παίζοντες
584 710 698 761 τῶν
725 706 813 762 ἐπὶ
839 705 1031 776 νόμων
1056 706 1219 762 θέσιν
1250 705 1451 762 ἰόντων
1481 709 1698 780 ῥᾳδίως,
1729 705 1834 762 ὅσα
1861 707 1974 762 ἐστὶ

287 786 426 858 πρὸς
455 785 725 857 ἄρχοντας
753 784 1031 857 ἀξιώματα
1057 789 1149 843 καὶ
1174 785 1260 843 ὅτι
1285 787 1576 859 πεφυκότα
1605 786 1741 861 πρὸς
1762 787 1974 858 ἄλληλα

210 882 213 886 “
288 871 576 935 ἐναντίως;
605 875 715 924 νῦν
732 866 839 940 γὰρ
866 868 933 939 δὴ
965 869 1216 925 στάσεων
1232 869 1416 942 πηγήν
1434 891 1558 926 τινα
1587 868 1974 941 ἄνευρήκαμεν

178 2026 262 2072 691

287 949 457 1021 ἡμεῖς,
479 946 551 1020 ἢν
573 951 661 1004 δεῖ
673 964 734 1003 σε
754 948 1108 1018 θεραπεύειν.
1143 969 1368 1018 πρωτον
1390 953 1450 1007 δὲ
1478 949 1612 1022 μεθ’
1641 949 1801 1023 ἡμῶν
1833 949 1974 1005 ἀνά-

290 1043 506 1103 σκεψαι,
529 1037 647 1111 πῶς
664 1051 722 1086 τε
742 1031 834 1087 καὶ
857 1035 914 1086 τί
927 1030 1075 1102 παρὰ
1103 1036 1278 1086 ταῦτα
1285 1030 1645 1131 ἁμαρτόντες
1674 1035 1732 1088 οἱ
1755 1036 1885 1102 περί
1915 1051 1976 1086 τε

274 1113 476 1183 ’Ἀργος
504 1115 597 1169 καὶ
626 1113 939 1184 Μεσσήνην
967 1118 1196 1184 βασιλῆς
1229 1110 1438 1177 αὐτοὺς
1470 1111 1583 1184 άμα
1614 1115 1706 1169 καὶ
1741 1111 1844 1184 τὴν
1865 1119 1976 1167 τῶν

280 1192 561 1266 Ἑλλήνων
590 1193 831 1265 δύναμιν
861 1187 1039 1250 ουσαν
1067 1192 1403 1265 θαυμαστὴν
1433 1196 1495 1250 ἐν
1523 1199 1599 1269 τῷ
1638 1193 1764 1250 τότε
1791 1193 1976 1266 χρόνω

291 1278 635 1347 διέφθειραν.
657 1268 746 1374 αρ’
773 1273 878 1331 οὐκ
906 1273 1279 1347 ἀγνοήσαντες
1295 1273 1394 1332 τὸν
1414 1273 1671 1332 Ἡσίοδον
1697 1272 1976 1346 ὀρθότατα

289 1361 521 1431 λέγοντα
554 1356 626 1423 ὥς
660 1357 722 1413 τὸ
753 1356 926 1430 ἥμισυ
957 1364 1061 1413 τοῦ
1096 1355 1303 1423 παντὸς
1331 1358 1596 1422 πολλάκις
1631 1359 1743 1413 ἐστὶ
1779 1360 1975 1423 πλέους

291 1439 523 1512 [ὁπόταν
541 1434 578 1512 ᾗ
595 1437 657 1495 τὸ
690 1461 794 1510 μεν
822 1437 957 1495 ὅλον
982 1438 1286 1511 λαμβάνειν
1315 1443 1592 1511 ζημιῶδες,
1623 1435 1684 1494 τὸ
1714 1436 1770 1494 δ’
1804 1435 1976 1508 ἥμισυ

290 1524 533 1594 μέτριον,
570 1520 693 1577 τότε
727 1518 788 1576 τὸ
827 1521 1052 1591 μέτριον
1086 1526 1188 1577 τοῦ
1235 1517 1474 1592 ἀμέτρου
1510 1522 1680 1575 πλέον
1714 1516 1973 1590 ἡγήσατο,

291 1602 521 1674 ἄμεινον
540 1599 607 1658 ὂν
625 1606 909 1673 χείρονος]

432 1691 551 1741 ΚΛ.
582 1682 890 1757 Ὀρθότατά
908 1704 986 1754 γε.

434 1773 551 1822 ΑΘ.
589 1766 841 1838 Πότερον
862 1758 966 1820 οὖν
997 1763 1231 1835 οἰόμεθα
1261 1764 1386 1834 περὶ
1413 1767 1671 1835 βασιλέας
1700 1761 1853 1818 τοῦτ’
1884 1763 1976 1830 ε’γ-

292 1848 628 1920 γιγνόμενον
674 1846 931 1904 ἑκάστοτε
970 1851 1320 1918 διαφθείρειν
1358 1845 1633 1915 πρότερον
1668 1840 1705 1914 ἢ
1741 1846 1805 1899 έν
1836 1852 1976 1898 τοῖσι

296 1931 518 2002 δήμοις;

431 2012 668 2069 ΚΛ.Τό
691 2010 792 2083 μὲν
813 2009 958 2076 εἰκὸς
981 2011 1072 2067 καὶ
1090 2008 1152 2066 τό
1183 2007 1328 2066 πολὺ
1357 1975 1630 2080 βασιλέων
1647 2011 1813 2062 τοῦτο
1835 2003 1976 2065 εἶναι

295 2095 510 2167 νόσημα
528 2091 904 2166 ὑπερηφάνως
925 2093 1146 2160 ζεόντων
1168 2093 1258 2148 δια
1277 2112 1508 2179 τρυφας.

435 2183 552 2233 ΑΘ.
596 2174 827 2233 Ουκοῦν
846 2179 1034 2248 δῆλον,
1057 2173 1132 2242 ὡς
1150 2180 1372 2247 πρῶτον
1391 2176 1557 2229 τοῦτο
1585 2161 1642 2227 οἵ
1666 2170 1787 2228 τότε
1815 2175 1976 2242 βασι-

294 2263 393 2328 λῆς
419 2262 597 2329 ἔσχον,
634 2259 695 2314 τὸ
735 2265 1086 2314 πλεονεκτεῖν
1120 2279 1235 2313 των
1262 2258 1542 2312 τεθέντων
1570 2252 1779 2324 νόμων,
1816 2253 1908 2307 καὶ
1945 2247 1976 2306 6

206 2334 213 2341 ’
294 2339 440 2411 λόγω
460 2360 519 2394 τε
537 2343 629 2395 καὶ
649 2338 799 2412 ὄρκω
819 2338 1114 2410 ἐπῄνεσαν,
1136 2358 1205 2393 ου
1188 2335 1618 2406 ’ξυνεφώνησαν
1637 2332 1838 2402 αὑτοῖς,
1860 2329 1976 2387 ἀλλ’

230 2472 236 2475 ,
293 2416 327 2490 ἡ
361 2422 653 2490 διαφωνία,
685 2440 758 2483 ως
785 2415 938 2489 ἡμεῖς
972 2421 1170 2488 φαμέν,
1204 2419 1346 2471 οὐσα
1373 2414 1588 2486 ἀμαθία
1614 2418 1857 2484 μεγίστη,
1881 2415 1975 2466 δο-

237 2761 271 2802 Β

294 2505 476 2582 κοῦσα
496 2499 555 2556 δε
581 2506 767 2571 σοφία,
785 2495 948 2554 πάντ’
975 2499 1156 2553 ἐκεῖνα
1183 2496 1272 2552 διὰ
1293 2496 1669 2567 πλημμέλειαν
1687 2494 1777 2549 καὶ
1796 2491 1976 2564 ἀμου-

297 2575 423 2638 σίαν
443 2581 544 2653 τὴν
563 2601 770 2654 πικραν
792 2584 1139 2652 διέφθειρεν;

436 2670 554 2720 ΚΛ.
580 2663 759 2720 Ἐοικε
775 2669 933 2735 γοῦν.

356 2774 367 2786 =
442 2751 558 2801 ΑΘ.
598 2744 757 2802 Εἶεν·
794 2751 850 2802 τί
880 2743 948 2817 δὴ
983 2741 1083 2800 τὸν
1112 2742 1427 2814 νομοθέτην
1457 2743 1567 2796 ἔδει
1601 2739 1723 2794 τότε
1749 2740 1976 2835 τιθέντα

295 2823 679 2899 εὐλαβηθῆναι
696 2826 901 2883 τούτου
922 2827 1047 2898 περὶ
1068 2846 1169 2881 του
1187 2821 1410 2888 πάθους
1430 2826 1526 2893 τῆς
1553 2820 1844 2892 γενέσεως
1833 2859 1846 2885 ,
1883 2811 1973 2888 αρ’
