<?xml version="1.0" encoding="UTF-8"?>
<!DOCTYPE html PUBLIC "-//W3C//DTD XHTML 1.0 Transitional//EN"
    "http://www.w3.org/TR/xhtml1/DTD/xhtml1-transitional.dtd">
<html xmlns="http://www.w3.org/1999/xhtml" xml:lang="en" lang="en">
 <head>
  <title>
</title>
<meta http-equiv="Content-Type" content="text/html;charset=utf-8" />
  <meta name='ocr-system' content='tesseract 3.04.00' />
  <meta name='ocr-capabilities' content='ocr_page ocr_carea ocr_par ocr_line ocrx_word'/>
</head>
<body>
  <div class='ocr_page' id='page_1' title='image "./dialogisecumdumt05platuoft_0184.png"; bbox 0 0 1976 3172; ppageno 0'>
   <div class='ocr_carea' id='block_1_1' title="bbox 228 98 1310 189">
    <p class='ocr_par' dir='ltr' id='par_1_1' title="bbox 228 98 1310 189">
     <span class='ocr_line' id='line_1_1' title="bbox 228 98 1310 189; baseline -0.002 0"><span class='ocrx_word' id='word_1_1' title='bbox 228 136 331 189; x_wconf 81' lang='lat'><strong><em>152</em></strong></span> <span class='ocrx_word' id='word_1_2' title='bbox 831 98 1310 187; x_wconf 79' lang='grc' dir='ltr'><em>ΠΛΑΤΩΝΟΣ</em></span> 
     </span>
    </p>
   </div>
   <div class='ocr_carea' id='block_1_2' title="bbox 105 265 1976 2870">
    <p class='ocr_par' dir='ltr' id='par_1_2' title="bbox 202 265 1973 585">
     <span class='ocr_line' id='line_1_2' title="bbox 202 265 1973 344; baseline 0.003 -20"><span class='ocrx_word' id='word_1_3' title='bbox 202 269 207 273; x_wconf 78' lang='grc'><strong>’</strong></span> <span class='ocrx_word' id='word_1_4' title='bbox 227 290 370 340; x_wconf 92' lang='grc' dir='ltr'><strong><em>ματα</em></strong></span> <span class='ocrx_word' id='word_1_5' title='bbox 390 267 490 323; x_wconf 83' lang='grc' dir='ltr'><strong><em>τὸν</em></strong></span> <span class='ocrx_word' id='word_1_6' title='bbox 507 265 684 324; x_wconf 81' lang='grc' dir='ltr'><strong><em>αὐτὸν</em></strong></span> <span class='ocrx_word' id='word_1_7' title='bbox 702 269 932 340; x_wconf 89' lang='grc' dir='ltr'><strong><em>τρόπον,</em></strong></span> <span class='ocrx_word' id='word_1_8' title='bbox 954 269 1130 340; x_wconf 78' lang='grc' dir='ltr'><strong><em>ὅνπερ</em></strong></span> <span class='ocrx_word' id='word_1_9' title='bbox 1149 270 1370 343; x_wconf 68' lang='grc' dir='ltr'><strong><em>καῖτὴν</em></strong></span> <span class='ocrx_word' id='word_1_10' title='bbox 1396 270 1571 344; x_wconf 74' lang='grc' dir='ltr'><strong><em>ἄλλην</em></strong></span> <span class='ocrx_word' id='word_1_11' title='bbox 1588 272 1775 343; x_wconf 75' lang='grc' dir='ltr'><strong><em>χώραν</em></strong></span> <span class='ocrx_word' id='word_1_12' title='bbox 1796 278 1909 331; x_wconf 87' lang='grc' dir='ltr'><strong><em>διέ-</em></strong></span> <span class='ocrx_word' id='word_1_13' title='bbox 1954 296 1973 332; x_wconf 89' lang='grc'><strong><em>,·</em></strong></span> 
     </span>
     <span class='ocr_line' id='line_1_3' title="bbox 226 349 1917 428; baseline 0.002 -23"><span class='ocrx_word' id='word_1_14' title='bbox 226 358 426 420; x_wconf 89' lang='grc' dir='ltr'><strong><em>νεμον·</em></strong></span> <span class='ocrx_word' id='word_1_15' title='bbox 464 350 557 404; x_wconf 85' lang='grc' dir='ltr'><strong><em>καὶ</em></strong></span> <span class='ocrx_word' id='word_1_16' title='bbox 576 349 678 405; x_wconf 88' lang='grc' dir='ltr'><strong><em>δύο</em></strong></span> <span class='ocrx_word' id='word_1_17' title='bbox 700 353 968 421; x_wconf 87' lang='grc' dir='ltr'><strong><em>νέμεσθαι</em></strong></span> <span class='ocrx_word' id='word_1_18' title='bbox 985 352 1221 408; x_wconf 78' lang='grc' dir='ltr'><strong><em>ἕκαστον</em></strong></span> <span class='ocrx_word' id='word_1_19' title='bbox 1253 352 1507 425; x_wconf 82' lang='grc' dir='ltr'><em>οἰκήσεις,</em></span> <span class='ocrx_word' id='word_1_20' title='bbox 1530 354 1634 426; x_wconf 83' lang='grc' dir='ltr'><strong><em>τήν</em></strong></span> <span class='ocrx_word' id='word_1_21' title='bbox 1660 375 1719 409; x_wconf 90' lang='grc' dir='ltr'><strong><em>τε</em></strong></span> <span class='ocrx_word' id='word_1_22' title='bbox 1747 355 1917 428; x_wconf 38' lang='grc' dir='ltr'><strong><em>ἐγγὺς,</em></strong></span> 
     </span>
     <span class='ocr_line' id='line_1_4' title="bbox 228 432 1911 506; baseline 0.002 -20"><span class='ocrx_word' id='word_1_23' title='bbox 228 438 333 487; x_wconf 87' lang='grc' dir='ltr'><strong><em>τοῦ</em></strong></span> <span class='ocrx_word' id='word_1_24' title='bbox 349 433 524 503; x_wconf 92' lang='grc' dir='ltr'><strong><em>μέσου</em></strong></span> <span class='ocrx_word' id='word_1_25' title='bbox 541 433 634 488; x_wconf 84' lang='grc' dir='ltr'><strong><em>καὶ</em></strong></span> <span class='ocrx_word' id='word_1_26' title='bbox 651 432 755 504; x_wconf 85' lang='grc' dir='ltr'><strong><em>τ’ὴν</em></strong></span> <span class='ocrx_word' id='word_1_27' title='bbox 769 439 883 490; x_wconf 74' lang='grc' dir='ltr'><strong><em>τῶν</em></strong></span> <span class='ocrx_word' id='word_1_28' title='bbox 914 434 1158 505; x_wconf 78' lang='grc' dir='ltr'><strong><em>ἐσχάτων</em></strong></span> <span class='ocrx_word' id='word_1_29' title='bbox 1175 453 1186 464; x_wconf 89' lang='grc'>·</span> <span class='ocrx_word' id='word_1_30' title='bbox 1223 436 1315 491; x_wconf 87' lang='grc' dir='ltr'><strong><em>καὶ</em></strong></span> <span class='ocrx_word' id='word_1_31' title='bbox 1341 435 1445 506; x_wconf 87' lang='grc' dir='ltr'><strong><em>τὴν</em></strong></span> <span class='ocrx_word' id='word_1_32' title='bbox 1470 435 1574 506; x_wconf 77' lang='grc' dir='ltr'><strong><em>μὲν</em></strong></span> <span class='ocrx_word' id='word_1_33' title='bbox 1602 440 1911 491; x_wconf 84' lang='grc' dir='ltr'><strong><em>κατοίκισιν</em></strong></span> 
     </span>
     <span class='ocr_line' id='line_1_5' title="bbox 229 512 1183 585; baseline 0.003 -16"><span class='ocrx_word' id='word_1_34' title='bbox 229 512 375 570; x_wconf 76' lang='grc' dir='ltr'><strong><em>οὕτω</em></strong></span> <span class='ocrx_word' id='word_1_35' title='bbox 393 516 547 579; x_wconf 84' lang='grc' dir='ltr'><strong><em>τέλος</em></strong></span> <span class='ocrx_word' id='word_1_36' title='bbox 563 518 722 585; x_wconf 79' lang='grc' dir='ltr'><strong><em>ἔχειν.</em></strong></span> <span class='ocrx_word' id='word_1_37' title='bbox 1171 526 1183 542; x_wconf 74' lang='grc'><strong><em>’·</em></strong></span> 
     </span>
    </p>

    <p class='ocr_par' dir='ltr' id='par_1_3' title="bbox 225 593 1911 835">
     <span class='ocr_line' id='line_1_6' title="bbox 366 593 1910 669; baseline 0.002 -19"><span class='ocrx_word' id='word_1_38' title='bbox 366 600 470 651; x_wconf 91' lang='lat' dir='ltr'><strong><em>XV.</em></strong></span> <span class='ocrx_word' id='word_1_39' title='bbox 503 593 746 652; x_wconf 81' lang='grc' dir='ltr'><strong><em>Ἐννοεῐν</em></strong></span> <span class='ocrx_word' id='word_1_40' title='bbox 767 594 875 653; x_wconf 64' lang='grc' dir='ltr'><strong><em>δὲ’</em></strong></span> <span class='ocrx_word' id='word_1_41' title='bbox 843 603 988 668; x_wconf 81' lang='grc' dir='ltr'><strong><em>ημᾶς</em></strong></span> <span class='ocrx_word' id='word_1_42' title='bbox 1006 599 1068 654; x_wconf 87' lang='grc' dir='ltr'><strong><em>τὸ</em></strong></span> <span class='ocrx_word' id='word_1_43' title='bbox 1088 595 1299 654; x_wconf 78' lang='grc' dir='ltr'><strong><em>τοιόνδ’</em></strong></span> <span class='ocrx_word' id='word_1_44' title='bbox 1325 600 1437 654; x_wconf 87' lang='grc' dir='ltr'><strong><em>ἐστὶ</em></strong></span> <span class='ocrx_word' id='word_1_45' title='bbox 1464 599 1644 669; x_wconf 76' lang='grc' dir='ltr'><strong><em>χρεων</em></strong></span> <span class='ocrx_word' id='word_1_46' title='bbox 1675 600 1737 654; x_wconf 86' lang='grc' dir='ltr'><strong><em>ἐκ</em></strong></span> <span class='ocrx_word' id='word_1_47' title='bbox 1766 617 1910 653; x_wconf 77' lang='grc' dir='ltr'><strong><em>παν-</em></strong></span> 
     </span>
     <span class='ocr_line' id='line_1_7' title="bbox 226 675 1952 752; baseline 0.001 -19"><span class='ocrx_word' id='word_1_48' title='bbox 226 675 320 742; x_wconf 86' lang='grc' dir='ltr'><strong><em>τὸς</em></strong></span> <span class='ocrx_word' id='word_1_49' title='bbox 337 678 569 750; x_wconf 88' lang='grc' dir='ltr'><strong><em>τρόπον,</em></strong></span> <span class='ocrx_word' id='word_1_50' title='bbox 601 678 673 743; x_wconf 78' lang='grc' dir='ltr'><strong><em>ὥς</em></strong></span> <span class='ocrx_word' id='word_1_51' title='bbox 705 700 772 734; x_wconf 91' lang='grc' dir='ltr'><strong><em>τα</em></strong></span> <span class='ocrx_word' id='word_1_52' title='bbox 804 685 913 734; x_wconf 88' lang='grc' dir='ltr'><strong><em>νῦν</em></strong></span> <span class='ocrx_word' id='word_1_53' title='bbox 941 683 1200 752; x_wconf 79' lang='grc' dir='ltr'><strong><em>εἰρημένα</em></strong></span> <span class='ocrx_word' id='word_1_54' title='bbox 1219 680 1401 736; x_wconf 89' lang='grc' dir='ltr'><strong><em>πάντα</em></strong></span> <span class='ocrx_word' id='word_1_55' title='bbox 1431 678 1536 736; x_wconf 84' lang='grc' dir='ltr'><strong><em>οὐκ</em></strong></span> <span class='ocrx_word' id='word_1_56' title='bbox 1567 679 1642 735; x_wconf 90' lang='grc' dir='ltr'><strong><em>άν</em></strong></span> <span class='ocrx_word' id='word_1_57' title='bbox 1669 699 1803 735; x_wconf 90' lang='grc' dir='ltr'><strong><em>ποτε</em></strong></span> <span class='ocrx_word' id='word_1_58' title='bbox 1835 683 1952 744; x_wconf 87' lang='grc' dir='ltr'><strong><em>εἰς</em></strong></span> 
     </span>
     <span class='ocr_line' id='line_1_8' title="bbox 225 760 1911 835; baseline 0.001 -19"><span class='ocrx_word' id='word_1_59' title='bbox 225 761 514 826; x_wconf 84' lang='grc' dir='ltr'><strong><em>τοιούτους</em></strong></span> <span class='ocrx_word' id='word_1_60' title='bbox 531 760 761 834; x_wconf 78' lang='grc' dir='ltr'><strong><em>καιρούς</em></strong></span> <span class='ocrx_word' id='word_1_61' title='bbox 778 766 1061 835; x_wconf 83' lang='grc' dir='ltr'><strong><em>ξυμπέσοι,</em></strong></span> <span class='ocrx_word' id='word_1_62' title='bbox 1096 762 1236 820; x_wconf 88' lang='grc' dir='ltr'><strong><em>ω’στε</em></strong></span> <span class='ocrx_word' id='word_1_63' title='bbox 1266 769 1541 835; x_wconf 81' lang='grc' dir='ltr'><strong><em>ξυμβῆναι</em></strong></span> <span class='ocrx_word' id='word_1_64' title='bbox 1568 785 1706 819; x_wconf 91' lang='grc' dir='ltr'><strong><em>κατα</em></strong></span> <span class='ocrx_word' id='word_1_65' title='bbox 1736 762 1911 833; x_wconf 79' lang='grc' dir='ltr'><strong><em>λόγον</em></strong></span> 
     </span>
    </p>

    <p class='ocr_par' dir='ltr' id='par_1_4' title="bbox 105 840 1909 1076">
     <span class='ocr_line' id='line_1_9' title="bbox 105 840 1904 931; baseline -0.001 -32"><span class='ocrx_word' id='word_1_66' title='bbox 105 854 199 916; x_wconf 62' lang='grc'><strong><em>146</em></strong></span> <span class='ocrx_word' id='word_1_67' title='bbox 219 840 372 897; x_wconf 81' lang='grc' dir='ltr'><strong><em>οὕτω</em></strong></span> <span class='ocrx_word' id='word_1_68' title='bbox 393 842 684 912; x_wconf 82' lang='grc' dir='ltr'><strong><em>ξύμπαντα</em></strong></span> <span class='ocrx_word' id='word_1_69' title='bbox 699 845 974 914; x_wconf 78' lang='grc' dir='ltr'><strong><em>γενόμενα</em></strong></span> <span class='ocrx_word' id='word_1_70' title='bbox 1001 843 1210 914; x_wconf 73' lang='grc' dir='ltr'><strong><em>ἄνδρας</em></strong></span> <span class='ocrx_word' id='word_1_71' title='bbox 1234 866 1311 931; x_wconf 45' lang='grc' dir='ltr'><strong><em>τεΑ,</em></strong></span> <span class='ocrx_word' id='word_1_72' title='bbox 1332 850 1389 900; x_wconf 82' lang='grc' dir='ltr'><strong><em>οἳ</em></strong></span> <span class='ocrx_word' id='word_1_73' title='bbox 1401 847 1475 915; x_wconf 79' lang='grc' dir='ltr'><strong><em>μὴ</em></strong></span> <span class='ocrx_word' id='word_1_74' title='bbox 1498 848 1904 915; x_wconf 77' lang='grc' dir='ltr'><strong><em>δυσχερανοῦσι</em></strong></span> 
     </span>
     <span class='ocr_line' id='line_1_10' title="bbox 223 921 1909 995; baseline 0.002 -19"><span class='ocrx_word' id='word_1_75' title='bbox 223 921 328 992; x_wconf 81' lang='grc' dir='ltr'><strong><em>τὴν</em></strong></span> <span class='ocrx_word' id='word_1_76' title='bbox 365 922 629 992; x_wconf 83' lang='grc' dir='ltr'><strong><em>τοιαύτην</em></strong></span> <span class='ocrx_word' id='word_1_77' title='bbox 666 927 970 994; x_wconf 80' lang='grc' dir='ltr'><strong><em>ξυνοικίαν,</em></strong></span> <span class='ocrx_word' id='word_1_78' title='bbox 1011 922 1134 980; x_wconf 76' lang='grc' dir='ltr'><strong><em>ἀλλ’</em></strong></span> <span class='ocrx_word' id='word_1_79' title='bbox 1175 924 1523 995; x_wconf 79' lang='grc' dir='ltr'><strong><em>ὑπομενοῦσι</em></strong></span> <span class='ocrx_word' id='word_1_80' title='bbox 1558 923 1807 995; x_wconf 85' lang='grc' dir='ltr'><strong><em>χρήματά</em></strong></span> <span class='ocrx_word' id='word_1_81' title='bbox 1831 929 1909 979; x_wconf 76' lang='grc' dir='ltr'><strong><em>’τε</em></strong></span> 
     </span>
     <span class='ocr_line' id='line_1_11' title="bbox 223 1002 1912 1076; baseline 0 -18"><span class='ocrx_word' id='word_1_82' title='bbox 223 1005 439 1073; x_wconf 81' lang='grc' dir='ltr'><strong><em>ἔχοντες</em></strong></span> <span class='ocrx_word' id='word_1_83' title='bbox 456 1023 626 1058; x_wconf 89' lang='grc' dir='ltr'><strong><em>τακτα</em></strong></span> <span class='ocrx_word' id='word_1_84' title='bbox 645 1005 738 1058; x_wconf 82' lang='grc' dir='ltr'><strong><em>καὶ</em></strong></span> <span class='ocrx_word' id='word_1_85' title='bbox 757 1005 951 1076; x_wconf 89' lang='grc' dir='ltr'><strong><em>μέτρια</em></strong></span> <span class='ocrx_word' id='word_1_86' title='bbox 970 1002 1060 1059; x_wconf 80' lang='grc' dir='ltr'><strong><em>διὰ</em></strong></span> <span class='ocrx_word' id='word_1_87' title='bbox 1081 1009 1209 1075; x_wconf 90' lang='grc' dir='ltr'><strong><em>βιόυ</em></strong></span> <span class='ocrx_word' id='word_1_88' title='bbox 1229 1003 1437 1070; x_wconf 81' lang='grc' dir='ltr'><strong><em>παντὸς</em></strong></span> <span class='ocrx_word' id='word_1_89' title='bbox 1464 1008 1555 1060; x_wconf 84' lang='grc' dir='ltr'><strong><em>καὶ</em></strong></span> <span class='ocrx_word' id='word_1_90' title='bbox 1583 1007 1798 1060; x_wconf 78' lang='grc' dir='ltr'><strong><em>παίδων</em></strong></span> <span class='ocrx_word' id='word_1_91' title='bbox 1816 1025 1912 1073; x_wconf 76' lang='grc' dir='ltr'><strong><em>γε-</em></strong></span> 
     </span>
    </p>

    <p class='ocr_par' dir='ltr' id='par_1_5' title="bbox 135 1081 1976 2870">
     <span class='ocr_line' id='line_1_12' title="bbox 135 1081 1959 1157; baseline -0.001 -17"><span class='ocrx_word' id='word_1_92' title='bbox 135 1137 149 1140; x_wconf 78' lang='grc'><strong><em>,</em></strong></span> <span class='ocrx_word' id='word_1_93' title='bbox 223 1081 443 1149; x_wconf 88' lang='grc' dir='ltr'><strong><em>νέσεις</em></strong></span> <span class='ocrx_word' id='word_1_94' title='bbox 419 1106 484 1149; x_wconf 91' lang='grc' dir='ltr'><strong><em>ας</em></strong></span> <span class='ocrx_word' id='word_1_95' title='bbox 512 1084 808 1156; x_wconf 85' lang='grc' dir='ltr'><strong><em>εἰρήκαμεν</em></strong></span> <span class='ocrx_word' id='word_1_96' title='bbox 827 1085 1094 1157; x_wconf 76' lang='grc' dir='ltr'><strong><em>ἑκάστοις,</em></strong></span> <span class='ocrx_word' id='word_1_97' title='bbox 1114 1089 1205 1142; x_wconf 88' lang='grc' dir='ltr'><strong><em>καὶ</em></strong></span> <span class='ocrx_word' id='word_1_98' title='bbox 1233 1092 1448 1157; x_wconf 84' lang='grc' dir='ltr'><strong><em>χρυσοῦ</em></strong></span> <span class='ocrx_word' id='word_1_99' title='bbox 1475 1085 1798 1156; x_wconf 86' lang='grc' dir='ltr'><strong><em>στερόμενοι</em></strong></span> <span class='ocrx_word' id='word_1_100' title='bbox 1818 1088 1959 1146; x_wconf 86' lang='grc' dir='ltr'><strong><em>καὶ</em></strong></span> 
     </span>
     <span class='ocr_line' id='line_1_13' title="bbox 225 1156 1969 1240; baseline -0.001 -20"><span class='ocrx_word' id='word_1_101' title='bbox 225 1167 429 1236; x_wconf 78' lang='grc' dir='ltr'><strong><em>ἑτέρων</em></strong></span> <span class='ocrx_word' id='word_1_102' title='bbox 451 1188 530 1222; x_wconf 91' lang='grc' dir='ltr'><strong><em>ων</em></strong></span> <span class='ocrx_word' id='word_1_103' title='bbox 549 1163 761 1237; x_wconf 66' lang='grc' dir='ltr'><strong><em>δῆλος“</em></strong></span> <span class='ocrx_word' id='word_1_104' title='bbox 733 1189 763 1222; x_wconf 94' lang='grc' dir='ltr'><strong><em>ο</em></strong></span> <span class='ocrx_word' id='word_1_105' title='bbox 786 1169 1094 1238; x_wconf 82' lang='grc' dir='ltr'><strong><em>νομοθέτης</em></strong></span> <span class='ocrx_word' id='word_1_106' title='bbox 1105 1168 1434 1240; x_wconf 76' lang='grc' dir='ltr'><strong><em>προστάξων</em></strong></span> <span class='ocrx_word' id='word_1_107' title='bbox 1452 1170 1646 1223; x_wconf 84' lang='grc' dir='ltr'><strong><em>ἐστὶν’</em></strong></span> <span class='ocrx_word' id='word_1_108' title='bbox 1619 1189 1678 1223; x_wconf 90' lang='grc' dir='ltr'><strong><em>εκ</em></strong></span> <span class='ocrx_word' id='word_1_109' title='bbox 1694 1156 1962 1222; x_wconf 73' lang='grc' dir='ltr'><strong><em>τούτων’</em></strong></span> <span class='ocrx_word' id='word_1_110' title='bbox 1967 1215 1969 1218; x_wconf 87' lang='grc'>.</span> 
     </span>
     <span class='ocr_line' id='line_1_14' title="bbox 222 1246 1910 1324; baseline 0.001 -22"><span class='ocrx_word' id='word_1_111' title='bbox 222 1252 337 1303; x_wconf 73' lang='grc' dir='ltr'><strong><em>τῶν</em></strong></span> <span class='ocrx_word' id='word_1_112' title='bbox 355 1255 464 1303; x_wconf 89' lang='grc' dir='ltr'><strong><em>νῦν</em></strong></span> <span class='ocrx_word' id='word_1_113' title='bbox 484 1251 808 1320; x_wconf 83' lang='grc' dir='ltr'><strong><em>εἰρημένων,</em></strong></span> <span class='ocrx_word' id='word_1_114' title='bbox 826 1253 903 1305; x_wconf 80' lang='grc' dir='ltr'><strong><em>ἔτι</em></strong></span> <span class='ocrx_word' id='word_1_115' title='bbox 923 1251 982 1305; x_wconf 90' lang='grc' dir='ltr'><strong><em>δε</em></strong></span> <span class='ocrx_word' id='word_1_116' title='bbox 1001 1249 1182 1324; x_wconf 72' lang='grc' dir='ltr'><strong><em>χώρας</em></strong></span> <span class='ocrx_word' id='word_1_117' title='bbox 1198 1272 1258 1306; x_wconf 92' lang='grc' dir='ltr'><strong><em>τε</em></strong></span> <span class='ocrx_word' id='word_1_118' title='bbox 1276 1253 1367 1306; x_wconf 86' lang='grc' dir='ltr'><strong><em>καὶ</em></strong></span> <span class='ocrx_word' id='word_1_119' title='bbox 1385 1248 1592 1320; x_wconf 87' lang='grc' dir='ltr'><strong><em>άστεος,</em></strong></span> <span class='ocrx_word' id='word_1_120' title='bbox 1614 1246 1688 1314; x_wconf 78' lang='grc' dir='ltr'><strong><em>ὡς</em></strong></span> <span class='ocrx_word' id='word_1_121' title='bbox 1708 1257 1910 1320; x_wconf 79' lang='grc' dir='ltr'><strong><em>εἴρηκε,</em></strong></span> 
     </span>
     <span class='ocr_line' id='line_1_15' title="bbox 223 1325 1909 1405; baseline 0.001 -21"><span class='ocrx_word' id='word_1_122' title='bbox 223 1328 526 1400; x_wconf 89' lang='grc' dir='ltr'><strong><em>μεσότητάς</em></strong></span> <span class='ocrx_word' id='word_1_123' title='bbox 552 1351 611 1385; x_wconf 89' lang='grc' dir='ltr'><strong><em>τε</em></strong></span> <span class='ocrx_word' id='word_1_124' title='bbox 641 1332 734 1387; x_wconf 85' lang='grc' dir='ltr'><strong><em>καὶ</em></strong></span> <span class='ocrx_word' id='word_1_125' title='bbox 770 1332 833 1386; x_wconf 88' lang='grc' dir='ltr'><strong><em>ἐν</em></strong></span> <span class='ocrx_word' id='word_1_126' title='bbox 861 1331 1049 1405; x_wconf 77' lang='grc' dir='ltr'><strong><em>κύκλῳ</em></strong></span> <span class='ocrx_word' id='word_1_127' title='bbox 1082 1332 1337 1403; x_wconf 83' lang='grc' dir='ltr'><strong><em>οἰκήσεις,</em></strong></span> <span class='ocrx_word' id='word_1_128' title='bbox 1361 1332 1544 1404; x_wconf 82' lang='grc' dir='ltr'><strong><em>πάντῃ</em></strong></span> <span class='ocrx_word' id='word_1_129' title='bbox 1565 1331 1762 1403; x_wconf 88' lang='grc' dir='ltr'><strong><em>σχεδὸν</em></strong></span> <span class='ocrx_word' id='word_1_130' title='bbox 1792 1325 1909 1386; x_wconf 83' lang='grc' dir='ltr'><strong><em>οἷον</em></strong></span> 
     </span>
     <span class='ocr_line' id='line_1_16' title="bbox 223 1407 1911 1485; baseline 0 -19"><span class='ocrx_word' id='word_1_131' title='bbox 223 1407 482 1483; x_wconf 83' lang='grc' dir='ltr'><strong><em>ὀνείρατα</em></strong></span> <span class='ocrx_word' id='word_1_132' title='bbox 498 1413 678 1481; x_wconf 77' lang='grc' dir='ltr'><strong><em>λέγων</em></strong></span> <span class='ocrx_word' id='word_1_133' title='bbox 695 1408 733 1482; x_wconf 76' lang='grc' dir='ltr'><strong><em>ἦ</em></strong></span> <span class='ocrx_word' id='word_1_134' title='bbox 756 1412 1012 1468; x_wconf 85' lang='grc' dir='ltr'><strong><em>πλάττων</em></strong></span> <span class='ocrx_word' id='word_1_135' title='bbox 1031 1412 1287 1483; x_wconf 89' lang='grc' dir='ltr'><strong><em>καθάπερ</em></strong></span> <span class='ocrx_word' id='word_1_136' title='bbox 1305 1415 1366 1468; x_wconf 90' lang='grc' dir='ltr'><strong><em>ἐκ</em></strong></span> <span class='ocrx_word' id='word_1_137' title='bbox 1385 1418 1563 1485; x_wconf 87' lang='grc' dir='ltr'><strong><em>κηροῦ</em></strong></span> <span class='ocrx_word' id='word_1_138' title='bbox 1590 1410 1714 1467; x_wconf 77' lang='grc' dir='ltr'><strong><em>τινὰ</em></strong></span> <span class='ocrx_word' id='word_1_139' title='bbox 1738 1411 1911 1467; x_wconf 85' lang='grc' dir='ltr'><strong><em>πόλιν</em></strong></span> 
     </span>
     <span class='ocr_line' id='line_1_17' title="bbox 165 1491 1911 1564; baseline 0.001 -19"><span class='ocrx_word' id='word_1_140' title='bbox 165 1504 198 1543; x_wconf 92' lang='grc' dir='ltr'>Β</span> <span class='ocrx_word' id='word_1_141' title='bbox 227 1494 320 1547; x_wconf 82' lang='grc' dir='ltr'><strong><em>καὶ</em></strong></span> <span class='ocrx_word' id='word_1_142' title='bbox 356 1497 596 1557; x_wconf 87' lang='grc' dir='ltr'><strong><em>πολίτας.</em></strong></span> <span class='ocrx_word' id='word_1_143' title='bbox 630 1496 738 1563; x_wconf 81' lang='grc' dir='ltr'><strong><em>ἔχει</em></strong></span> <span class='ocrx_word' id='word_1_144' title='bbox 772 1491 840 1564; x_wconf 80' lang='grc' dir='ltr'><strong><em>δὴ</em></strong></span> <span class='ocrx_word' id='word_1_145' title='bbox 863 1492 931 1548; x_wconf 76' lang='grc' dir='ltr'><strong><em>τὰ</em></strong></span> <span class='ocrx_word' id='word_1_146' title='bbox 960 1499 1189 1550; x_wconf 89' lang='grc' dir='ltr'><strong><em>τοιαῦτα</em></strong></span> <span class='ocrx_word' id='word_1_147' title='bbox 1226 1494 1296 1550; x_wconf 82' lang='grc' dir='ltr'><strong><em>οὐ</em></strong></span> <span class='ocrx_word' id='word_1_148' title='bbox 1333 1500 1517 1559; x_wconf 79' lang='grc' dir='ltr'><strong><em>κακῶς</em></strong></span> <span class='ocrx_word' id='word_1_149' title='bbox 1546 1493 1668 1550; x_wconf 77' lang='grc' dir='ltr'><strong><em>τινὰ</em></strong></span> <span class='ocrx_word' id='word_1_150' title='bbox 1697 1493 1911 1563; x_wconf 84' lang='grc' dir='ltr'><strong><em>τρόπον</em></strong></span> 
     </span>
     <span class='ocr_line' id='line_1_18' title="bbox 223 1571 1967 1647; baseline 0.001 -20"><span class='ocrx_word' id='word_1_151' title='bbox 223 1575 498 1643; x_wconf 86' lang='grc' dir='ltr'><strong><em>εἰρημένα,</em></strong></span> <span class='ocrx_word' id='word_1_152' title='bbox 518 1573 621 1645; x_wconf 83' lang='grc' dir='ltr'><strong><em>χρὴ</em></strong></span> <span class='ocrx_word' id='word_1_153' title='bbox 654 1571 707 1628; x_wconf 86' lang='grc' dir='ltr'><strong><em>δ’</em></strong></span> <span class='ocrx_word' id='word_1_154' title='bbox 739 1576 1223 1647; x_wconf 84' lang='grc' dir='ltr'><strong><em>ἐπαναλαμβάνειν</em></strong></span> <span class='ocrx_word' id='word_1_155' title='bbox 1246 1574 1386 1645; x_wconf 85' lang='grc' dir='ltr'><strong><em>πρὸς</em></strong></span> <span class='ocrx_word' id='word_1_156' title='bbox 1411 1573 1582 1630; x_wconf 80' lang='grc' dir='ltr'><strong><em>αὑτὸν</em></strong></span> <span class='ocrx_word' id='word_1_157' title='bbox 1610 1572 1677 1629; x_wconf 77' lang='grc' dir='ltr'><strong><em>τὰ</em></strong></span> <span class='ocrx_word' id='word_1_158' title='bbox 1705 1573 1908 1629; x_wconf 88' lang='grc' dir='ltr'><strong><em>τοιάδε.</em></strong></span> <span class='ocrx_word' id='word_1_159' title='bbox 1957 1601 1967 1607; x_wconf 60' lang='grc'><strong><em>’</em></strong></span> 
     </span>
     <span class='ocr_line' id='line_1_19' title="bbox 222 1651 1967 1736; baseline 0.002 -29"><span class='ocrx_word' id='word_1_160' title='bbox 222 1652 393 1708; x_wconf 91' lang='grc' dir='ltr'><strong><em>πάλιν</em></strong></span> <span class='ocrx_word' id='word_1_161' title='bbox 431 1652 540 1723; x_wconf 89' lang='grc' dir='ltr'><strong><em>άρα</em></strong></span> <span class='ocrx_word' id='word_1_162' title='bbox 574 1651 708 1724; x_wconf 79' lang='grc' dir='ltr'><strong><em>ἡμῖν</em></strong></span> <span class='ocrx_word' id='word_1_163' title='bbox 744 1653 773 1709; x_wconf 87' lang='grc' dir='ltr'>ὁ</span> <span class='ocrx_word' id='word_1_164' title='bbox 812 1663 1140 1727; x_wconf 87' lang='grc' dir='ltr'><strong><em>νομοθετων</em></strong></span> <span class='ocrx_word' id='word_1_165' title='bbox 1178 1656 1374 1727; x_wconf 83' lang='grc' dir='ltr'><strong><em>φράζει</em></strong></span> <span class='ocrx_word' id='word_1_166' title='bbox 1411 1656 1564 1712; x_wconf 91' lang='grc' dir='ltr'><strong><em>τόδε·</em></strong></span> <span class='ocrx_word' id='word_1_167' title='bbox 1601 1657 1664 1711; x_wconf 87' lang='grc' dir='ltr'><strong><em>ἐν</em></strong></span> <span class='ocrx_word' id='word_1_168' title='bbox 1693 1654 1912 1720; x_wconf 88' lang='grc' dir='ltr'><strong><em>τούτοις</em></strong></span> <span class='ocrx_word' id='word_1_169' title='bbox 1962 1726 1967 1736; x_wconf 33' lang='lat'><strong><em>¹</em></strong></span> 
     </span>
     <span class='ocr_line' id='line_1_20' title="bbox 220 1733 1910 1808; baseline 0.003 -19"><span class='ocrx_word' id='word_1_170' title='bbox 220 1744 334 1798; x_wconf 79' lang='grc' dir='ltr'><strong><em>τοῖς</em></strong></span> <span class='ocrx_word' id='word_1_171' title='bbox 369 1733 571 1806; x_wconf 80' lang='grc' dir='ltr'><strong><em>λόγοις,</em></strong></span> <span class='ocrx_word' id='word_1_172' title='bbox 612 1757 655 1790; x_wconf 92' lang='grc' dir='ltr'><strong><em>ω</em></strong></span> <span class='ocrx_word' id='word_1_173' title='bbox 683 1740 853 1806; x_wconf 86' lang='grc' dir='ltr'><strong><em>φίλοι,</em></strong></span> <span class='ocrx_word' id='word_1_174' title='bbox 891 1736 1024 1808; x_wconf 90' lang='grc' dir='ltr'><strong><em>μηδ’</em></strong></span> <span class='ocrx_word' id='word_1_175' title='bbox 1063 1735 1237 1794; x_wconf 79' lang='grc' dir='ltr'><strong><em>αὐτὸν</em></strong></span> <span class='ocrx_word' id='word_1_176' title='bbox 1276 1740 1489 1794; x_wconf 79' lang='grc' dir='ltr'><strong><em>δοκεῖτέ</em></strong></span> <span class='ocrx_word' id='word_1_177' title='bbox 1519 1759 1586 1808; x_wconf 91' lang='grc' dir='ltr'><strong><em>με</em></strong></span> <span class='ocrx_word' id='word_1_178' title='bbox 1612 1738 1910 1808; x_wconf 81' lang='grc' dir='ltr'><strong><em>λεληθέναι</em></strong></span> 
     </span>
     <span class='ocr_line' id='line_1_21' title="bbox 221 1813 1965 1890; baseline 0 -20"><span class='ocrx_word' id='word_1_179' title='bbox 221 1813 283 1870; x_wconf 89' lang='grc' dir='ltr'><strong><em>τὸ</em></strong></span> <span class='ocrx_word' id='word_1_180' title='bbox 321 1820 432 1871; x_wconf 92' lang='grc' dir='ltr'><strong><em>νῦν</em></strong></span> <span class='ocrx_word' id='word_1_181' title='bbox 464 1815 784 1887; x_wconf 80' lang='grc' dir='ltr'><strong><em>λεγόμενον,</em></strong></span> <span class='ocrx_word' id='word_1_182' title='bbox 821 1840 896 1882; x_wconf 85' lang='grc' dir='ltr'><strong><em>ως</em></strong></span> <span class='ocrx_word' id='word_1_183' title='bbox 933 1817 1120 1890; x_wconf 80' lang='grc' dir='ltr'><strong><em>ἀληθῆ</em></strong></span> <span class='ocrx_word' id='word_1_184' title='bbox 1155 1822 1484 1890; x_wconf 82' lang='grc' dir='ltr'><strong><em>διεξέρχεταί</em></strong></span> <span class='ocrx_word' id='word_1_185' title='bbox 1511 1840 1635 1874; x_wconf 90' lang='grc' dir='ltr'><strong><em>τινα</em></strong></span> <span class='ocrx_word' id='word_1_186' title='bbox 1671 1818 1908 1889; x_wconf 90' lang='grc' dir='ltr'><strong><em>τρόπον·</em></strong></span> <span class='ocrx_word' id='word_1_187' title='bbox 1960 1816 1965 1870; x_wconf 79' lang='grc' dir='ltr'><strong><em>,ἶ</em></strong></span> 
     </span>
     <span class='ocr_line' id='line_1_22' title="bbox 222 1895 1968 1972; baseline 0.002 -20"><span class='ocrx_word' id='word_1_188' title='bbox 222 1895 359 1952; x_wconf 76' lang='grc' dir='ltr'><strong><em>ἀλλὰ</em></strong></span> <span class='ocrx_word' id='word_1_189' title='bbox 380 1897 564 1967; x_wconf 77' lang='grc' dir='ltr'><strong><em>γάρέν</em></strong></span> <span class='ocrx_word' id='word_1_190' title='bbox 582 1898 832 1964; x_wconf 81' lang='grc' dir='ltr'><strong><em>ἑκάστοις</em></strong></span> <span class='ocrx_word' id='word_1_191' title='bbox 850 1906 965 1955; x_wconf 78' lang='grc' dir='ltr'><strong><em>τῶν</em></strong></span> <span class='ocrx_word' id='word_1_192' title='bbox 981 1900 1300 1972; x_wconf 87' lang='grc' dir='ltr'><strong><em>μελλόντων</em></strong></span> <span class='ocrx_word' id='word_1_193' title='bbox 1319 1905 1547 1956; x_wconf 82' lang='grc' dir='ltr'><strong><em>ἔσεσθαι</em></strong></span> <span class='ocrx_word' id='word_1_194' title='bbox 1560 1899 1909 1955; x_wconf 77' lang='grc' dir='ltr'><strong><em>δικαιότατον</em></strong></span> <span class='ocrx_word' id='word_1_195' title='bbox 1951 1915 1968 1971; x_wconf 41' lang='grc' dir='ltr'><strong><em>ᾗ,</em></strong></span> 
     </span>
     <span class='ocr_line' id='line_1_23' title="bbox 222 1975 1969 2054; baseline 0.002 -22"><span class='ocrx_word' id='word_1_196' title='bbox 222 1975 374 2048; x_wconf 85' lang='grc' dir='ltr'><strong><em>οἶμαι</em></strong></span> <span class='ocrx_word' id='word_1_197' title='bbox 399 1977 526 2033; x_wconf 91' lang='grc' dir='ltr'><strong><em>τόδε</em></strong></span> <span class='ocrx_word' id='word_1_198' title='bbox 552 1978 709 2050; x_wconf 86' lang='grc' dir='ltr'><strong><em>εἶναι,</em></strong></span> <span class='ocrx_word' id='word_1_199' title='bbox 740 1979 842 2035; x_wconf 84' lang='grc' dir='ltr'><strong><em>τὸν</em></strong></span> <span class='ocrx_word' id='word_1_200' title='bbox 870 1980 932 2036; x_wconf 86' lang='grc' dir='ltr'><strong><em>τό</em></strong></span> <span class='ocrx_word' id='word_1_201' title='bbox 964 1982 1313 2054; x_wconf 78' lang='grc' dir='ltr'><strong><em>παράδειγμα</em></strong></span> <span class='ocrx_word' id='word_1_202' title='bbox 1343 1981 1656 2051; x_wconf 89' lang='grc' dir='ltr'><strong><em>δεικνύντα,</em></strong></span> <span class='ocrx_word' id='word_1_203' title='bbox 1680 1976 1801 2035; x_wconf 86' lang='grc' dir='ltr'><strong><em>οἷον</em></strong></span> <span class='ocrx_word' id='word_1_204' title='bbox 1829 1985 1914 2036; x_wconf 77' lang='grc' dir='ltr'><strong><em>δεῖ</em></strong></span> <span class='ocrx_word' id='word_1_205' title='bbox 1967 1998 1969 2003; x_wconf 92' lang='grc'><strong><em>·</em></strong></span> 
     </span>
     <span class='ocr_line' id='line_1_24' title="bbox 219 2059 1923 2136; baseline 0.001 -21"><span class='ocrx_word' id='word_1_206' title='bbox 219 2059 280 2115; x_wconf 84' lang='grc' dir='ltr'><strong><em>τὸ</em></strong></span> <span class='ocrx_word' id='word_1_207' title='bbox 309 2060 760 2131; x_wconf 84' lang='grc' dir='ltr'><strong><em>ἐπιχειρούμενον</em></strong></span> <span class='ocrx_word' id='word_1_208' title='bbox 777 2069 1087 2134; x_wconf 73' lang='grc' dir='ltr'><strong><em>γίγνεσθαι,</em></strong></span> <span class='ocrx_word' id='word_1_209' title='bbox 1107 2063 1280 2134; x_wconf 76' lang='grc' dir='ltr'><strong><em>μηδὲν</em></strong></span> <span class='ocrx_word' id='word_1_210' title='bbox 1307 2061 1628 2119; x_wconf 75' lang='grc' dir='ltr'><strong><em>ἀπολείπειν</em></strong></span> <span class='ocrx_word' id='word_1_211' title='bbox 1645 2066 1761 2116; x_wconf 73' lang='grc' dir='ltr'><strong><em>τῶν</em></strong></span> <span class='ocrx_word' id='word_1_212' title='bbox 1784 2068 1923 2136; x_wconf 48' lang='grc' dir='ltr'><strong><em>καλε</em></strong></span> 
     </span>
     <span class='ocr_line' id='line_1_25' title="bbox 166 2137 1965 2218; baseline 0.001 -22"><span class='ocrx_word' id='word_1_213' title='bbox 166 2147 196 2188; x_wconf 87' lang='lat' dir='ltr'>C</span> <span class='ocrx_word' id='word_1_214' title='bbox 222 2145 426 2197; x_wconf 89' lang='grc' dir='ltr'><strong><em>λίστων</em></strong></span> <span class='ocrx_word' id='word_1_215' title='bbox 449 2163 507 2198; x_wconf 90' lang='grc' dir='ltr'><strong><em>τε</em></strong></span> <span class='ocrx_word' id='word_1_216' title='bbox 526 2145 618 2198; x_wconf 81' lang='grc' dir='ltr'><strong><em>καὶ</em></strong></span> <span class='ocrx_word' id='word_1_217' title='bbox 635 2141 1058 2214; x_wconf 74' lang='grc' dir='ltr'><strong><em>ἀληθεστάτων·</em></strong></span> <span class='ocrx_word' id='word_1_218' title='bbox 1097 2137 1143 2218; x_wconf 71' lang='grc' dir='ltr'><em>ᾧ</em></span> <span class='ocrx_word' id='word_1_219' title='bbox 1162 2145 1220 2202; x_wconf 78' lang='grc' dir='ltr'><strong><em>δὲ</em></strong></span> <span class='ocrx_word' id='word_1_220' title='bbox 1250 2143 1532 2200; x_wconf 81' lang='grc' dir='ltr'><strong><em>ἀδύνατόν</em></strong></span> <span class='ocrx_word' id='word_1_221' title='bbox 1549 2165 1600 2198; x_wconf 92' lang='grc' dir='ltr'><strong><em>τι</em></strong></span> <span class='ocrx_word' id='word_1_222' title='bbox 1619 2146 1908 2214; x_wconf 84' lang='grc' dir='ltr'><strong><em>ξυμβαίνει</em></strong></span> <span class='ocrx_word' id='word_1_223' title='bbox 1960 2181 1965 2195; x_wconf 72' lang='grc'><em>,</em></span> 
     </span>
     <span class='ocr_line' id='line_1_26' title="bbox 222 2222 1910 2297; baseline 0.001 -20"><span class='ocrx_word' id='word_1_224' title='bbox 222 2223 440 2278; x_wconf 89' lang='grc' dir='ltr'><strong><em>τούτων</em></strong></span> <span class='ocrx_word' id='word_1_225' title='bbox 450 2231 760 2297; x_wconf 75' lang='grc' dir='ltr'><strong><em>γίγνεσθαι,</em></strong></span> <span class='ocrx_word' id='word_1_226' title='bbox 781 2231 944 2282; x_wconf 88' lang='grc' dir='ltr'><strong><em>τοῦτο</em></strong></span> <span class='ocrx_word' id='word_1_227' title='bbox 965 2226 1068 2297; x_wconf 78' lang='grc' dir='ltr'><strong><em>μὲν</em></strong></span> <span class='ocrx_word' id='word_1_228' title='bbox 1089 2224 1224 2282; x_wconf 82' lang='grc' dir='ltr'><strong><em>αὐτὸ</em></strong></span> <span class='ocrx_word' id='word_1_229' title='bbox 1247 2227 1520 2282; x_wconf 85' lang='grc' dir='ltr'><strong><em>ἐκκλίνειν</em></strong></span> <span class='ocrx_word' id='word_1_230' title='bbox 1537 2222 1718 2295; x_wconf 80' lang='grc' dir='ltr'><strong><em>καὶμὴ</em></strong></span> <span class='ocrx_word' id='word_1_231' title='bbox 1742 2224 1910 2294; x_wconf 86' lang='grc' dir='ltr'><strong><em>πράτ-</em></strong></span> 
     </span>
     <span class='ocr_line' id='line_1_27' title="bbox 222 2302 1907 2378; baseline 0.001 -19"><span class='ocrx_word' id='word_1_232' title='bbox 222 2325 355 2373; x_wconf 91' lang='grc' dir='ltr'><strong><em>τειν,</em></strong></span> <span class='ocrx_word' id='word_1_233' title='bbox 383 2302 416 2358; x_wconf 80' lang='grc' dir='ltr'>ὅ</span> <span class='ocrx_word' id='word_1_234' title='bbox 433 2326 486 2359; x_wconf 91' lang='grc' dir='ltr'><strong><em>τι</em></strong></span> <span class='ocrx_word' id='word_1_235' title='bbox 507 2307 566 2359; x_wconf 81' lang='grc' dir='ltr'><strong><em>δὲ</em></strong></span> <span class='ocrx_word' id='word_1_236' title='bbox 583 2306 789 2361; x_wconf 90' lang='grc' dir='ltr'><strong><em>τούτου</em></strong></span> <span class='ocrx_word' id='word_1_237' title='bbox 808 2312 922 2361; x_wconf 74' lang='grc' dir='ltr'><strong><em>τῶν</em></strong></span> <span class='ocrx_word' id='word_1_238' title='bbox 941 2313 1156 2362; x_wconf 77' lang='grc' dir='ltr'><strong><em>λοιπῶν</em></strong></span> <span class='ocrx_word' id='word_1_239' title='bbox 1174 2307 1447 2378; x_wconf 77' lang='grc' dir='ltr'><strong><em>ἐγγύτατά</em></strong></span> <span class='ocrx_word' id='word_1_240' title='bbox 1467 2309 1579 2362; x_wconf 85' lang='grc' dir='ltr'><strong><em>ἐστι</em></strong></span> <span class='ocrx_word' id='word_1_241' title='bbox 1598 2308 1690 2361; x_wconf 84' lang='grc' dir='ltr'><strong><em>καὶ</em></strong></span> <span class='ocrx_word' id='word_1_242' title='bbox 1709 2308 1907 2376; x_wconf 79' lang='grc' dir='ltr'><strong><em>ξυγγε-</em></strong></span> 
     </span>
     <span class='ocr_line' id='line_1_28' title="bbox 223 2384 1906 2459; baseline 0 -18"><span class='ocrx_word' id='word_1_243' title='bbox 223 2385 488 2441; x_wconf 90' lang='grc' dir='ltr'><strong><em>νέστατον</em></strong></span> <span class='ocrx_word' id='word_1_244' title='bbox 525 2388 635 2454; x_wconf 80' lang='grc' dir='ltr'><strong><em>ἔφυ</em></strong></span> <span class='ocrx_word' id='word_1_245' title='bbox 652 2391 765 2440; x_wconf 75' lang='grc' dir='ltr'><strong><em>τῶν</em></strong></span> <span class='ocrx_word' id='word_1_246' title='bbox 803 2387 1203 2457; x_wconf 87' lang='grc' dir='ltr'><strong><em>προσηκόντων</em></strong></span> <span class='ocrx_word' id='word_1_247' title='bbox 1238 2388 1529 2459; x_wconf 89' lang='grc' dir='ltr'><strong><em>πράττειν,</em></strong></span> <span class='ocrx_word' id='word_1_248' title='bbox 1573 2384 1728 2440; x_wconf 83' lang='grc' dir='ltr'><strong><em>τοῦτ’</em></strong></span> <span class='ocrx_word' id='word_1_249' title='bbox 1769 2384 1906 2441; x_wconf 82' lang='grc' dir='ltr'><strong><em>αὐτὸ</em></strong></span> 
     </span>
     <span class='ocr_line' id='line_1_29' title="bbox 226 2464 1903 2539; baseline -0.002 -16"><span class='ocrx_word' id='word_1_250' title='bbox 226 2470 675 2537; x_wconf 76' lang='grc' dir='ltr'><strong><em>διαμηχανᾶσθαι</em></strong></span> <span class='ocrx_word' id='word_1_251' title='bbox 695 2507 700 2512; x_wconf 81' lang='lat'><strong>·</strong></span> <span class='ocrx_word' id='word_1_252' title='bbox 719 2465 868 2532; x_wconf 80' lang='grc' dir='ltr'><strong><em>ὅπως</em></strong></span> <span class='ocrx_word' id='word_1_253' title='bbox 912 2464 985 2523; x_wconf 70' lang='grc' dir='ltr'><strong><em>ἂν</em></strong></span> <span class='ocrx_word' id='word_1_254' title='bbox 1020 2473 1298 2539; x_wconf 74' lang='grc' dir='ltr'><strong><em>γίγνηται·</em></strong></span> <span class='ocrx_word' id='word_1_255' title='bbox 1351 2468 1452 2523; x_wconf 83' lang='grc' dir='ltr'><strong><em>τὸν</em></strong></span> <span class='ocrx_word' id='word_1_256' title='bbox 1487 2469 1805 2538; x_wconf 87' lang='grc' dir='ltr'><strong><em>νομοθέτην</em></strong></span> <span class='ocrx_word' id='word_1_257' title='bbox 1850 2469 1903 2520; x_wconf 83' lang='grc' dir='ltr'><strong><em>δ’</em></strong></span> 
     </span>
     <span class='ocr_line' id='line_1_30' title="bbox 223 2548 1907 2622; baseline -0.001 -17"><span class='ocrx_word' id='word_1_258' title='bbox 223 2553 379 2605; x_wconf 79' lang='grc' dir='ltr'><strong><em>ἐᾶσαι</em></strong></span> <span class='ocrx_word' id='word_1_259' title='bbox 397 2551 550 2613; x_wconf 87' lang='grc' dir='ltr'><strong><em>τέλος</em></strong></span> <span class='ocrx_word' id='word_1_260' title='bbox 567 2550 842 2605; x_wconf 84' lang='grc' dir='ltr'><strong><em>ἐπιθεῖναι</em></strong></span> <span class='ocrx_word' id='word_1_261' title='bbox 859 2554 929 2621; x_wconf 84' lang='grc' dir='ltr'><strong><em>τῇ</em></strong></span> <span class='ocrx_word' id='word_1_262' title='bbox 947 2550 1226 2622; x_wconf 84' lang='grc' dir='ltr'><strong><em>βουλήσει,</em></strong></span> <span class='ocrx_word' id='word_1_263' title='bbox 1255 2554 1561 2622; x_wconf 77' lang='grc' dir='ltr'><strong><em>γενομένου</em></strong></span> <span class='ocrx_word' id='word_1_264' title='bbox 1592 2549 1652 2605; x_wconf 78' lang='grc' dir='ltr'><strong><em>δὲ</em></strong></span> <span class='ocrx_word' id='word_1_265' title='bbox 1683 2548 1907 2619; x_wconf 91' lang='grc' dir='ltr'><strong><em>τούτου,</em></strong></span> 
     </span>
     <span class='ocr_line' id='line_1_31' title="bbox 222 2629 1908 2707; baseline -0.002 -19"><span class='ocrx_word' id='word_1_266' title='bbox 222 2630 341 2688; x_wconf 65' lang='grc' dir='ltr'><strong><em>τότῗ</em></strong></span> <span class='ocrx_word' id='word_1_267' title='bbox 359 2629 465 2701; x_wconf 79' lang='grc' dir='ltr'><strong><em>ἤδη</em></strong></span> <span class='ocrx_word' id='word_1_268' title='bbox 486 2635 651 2703; x_wconf 83' lang='grc' dir='ltr'><strong><em>κοινῇ</em></strong></span> <span class='ocrx_word' id='word_1_269' title='bbox 669 2629 785 2701; x_wconf 81' lang='grc' dir='ltr'><strong><em>μετ’</em></strong></span> <span class='ocrx_word' id='word_1_270' title='bbox 809 2633 1024 2688; x_wconf 89' lang='grc' dir='ltr'><strong><em>ἐκείνου</em></strong></span> <span class='ocrx_word' id='word_1_271' title='bbox 1045 2642 1290 2707; x_wconf 80' lang='grc' dir='ltr'><strong><em>σκοπεῖν,</em></strong></span> <span class='ocrx_word' id='word_1_272' title='bbox 1311 2630 1345 2688; x_wconf 82' lang='grc' dir='ltr'>ὅ</span> <span class='ocrx_word' id='word_1_273' title='bbox 1363 2639 1418 2688; x_wconf 90' lang='grc' dir='ltr'><strong><em>τί</em></strong></span> <span class='ocrx_word' id='word_1_274' title='bbox 1433 2654 1491 2689; x_wconf 89' lang='grc' dir='ltr'><strong><em>τε</em></strong></span> <span class='ocrx_word' id='word_1_275' title='bbox 1512 2634 1775 2703; x_wconf 78' lang='grc' dir='ltr'><strong><em>ξυμφέρει</em></strong></span> <span class='ocrx_word' id='word_1_276' title='bbox 1794 2637 1908 2685; x_wconf 77' lang='grc' dir='ltr'><strong><em>τῶν</em></strong></span> 
     </span>
     <span class='ocr_line' id='line_1_32' title="bbox 222 2708 1976 2787; baseline -0.001 -19"><span class='ocrx_word' id='word_1_277' title='bbox 222 2715 526 2783; x_wconf 88' lang='grc' dir='ltr'><strong><em>εἰρημένων</em></strong></span> <span class='ocrx_word' id='word_1_278' title='bbox 555 2713 647 2766; x_wconf 80' lang='grc' dir='ltr'><strong><em>καὶ</em></strong></span> <span class='ocrx_word' id='word_1_279' title='bbox 675 2716 730 2767; x_wconf 92' lang='grc' dir='ltr'><strong><em>τί</em></strong></span> <span class='ocrx_word' id='word_1_280' title='bbox 755 2713 1059 2784; x_wconf 89' lang='grc' dir='ltr'><strong><em>πρόσαντες</em></strong></span> <span class='ocrx_word' id='word_1_281' title='bbox 1087 2722 1296 2787; x_wconf 78' lang='grc' dir='ltr'><strong><em>εἴρηται</em></strong></span> <span class='ocrx_word' id='word_1_282' title='bbox 1322 2718 1418 2785; x_wconf 81' lang='grc' dir='ltr'><strong><em>τῆς</em></strong></span> <span class='ocrx_word' id='word_1_283' title='bbox 1445 2717 1804 2785; x_wconf 88' lang='grc' dir='ltr'><strong><em>νομοθεσίας·</em></strong></span> <span class='ocrx_word' id='word_1_284' title='bbox 1840 2708 1902 2767; x_wconf 84' lang='grc' dir='ltr'><strong><em>τὸ</em></strong></span> <span class='ocrx_word' id='word_1_285' title='bbox 1974 2717 1976 2723; x_wconf 78' lang='grc'>’</span> 
     </span>
     <span class='ocr_line' id='line_1_33' title="bbox 222 2791 1907 2870; baseline -0.001 -21"><span class='ocrx_word' id='word_1_286' title='bbox 222 2792 328 2864; x_wconf 78' lang='grc' dir='ltr'><strong><em>γὰρ</em></strong></span> <span class='ocrx_word' id='word_1_287' title='bbox 350 2791 805 2865; x_wconf 77' lang='grc' dir='ltr'><strong><em>ὁμολογούμενον</em></strong></span> <span class='ocrx_word' id='word_1_288' title='bbox 824 2793 958 2852; x_wconf 81' lang='grc' dir='ltr'><strong><em>αὐτὸ</em></strong></span> <span class='ocrx_word' id='word_1_289' title='bbox 982 2794 1135 2870; x_wconf 72' lang='grc' dir='ltr'><strong><em>αὐτῷ</em></strong></span> <span class='ocrx_word' id='word_1_290' title='bbox 1154 2799 1241 2852; x_wconf 80' lang='grc' dir='ltr'><strong><em>δεῖ</em></strong></span> <span class='ocrx_word' id='word_1_291' title='bbox 1256 2816 1366 2851; x_wconf 88' lang='grc' dir='ltr'><strong><em>που</em></strong></span> <span class='ocrx_word' id='word_1_292' title='bbox 1387 2800 1636 2867; x_wconf 83' lang='grc' dir='ltr'><strong><em>πανταχῇ</em></strong></span> <span class='ocrx_word' id='word_1_293' title='bbox 1657 2792 1907 2863; x_wconf 81' lang='grc' dir='ltr'><strong><em>ἀπεργά-</em></strong></span> 
     </span>
    </p>
   </div>
  </div>
 </body>
</html>
