1976 3172
228 183 333 236 104
835 183 1310 231 ΠΛΑΤΩΝΟΣ
1965 211 1976 279 i

163 326 194 367 G
365 323 480 371 ΑΘ.
523 321 591 371 Τί
615 319 674 371 δὲ
702 315 800 386 δή;
839 320 1254 387 ναυπηγησίμης
1272 313 1406 386 ὕλης
1424 312 1452 370 ὁ
1474 316 1639 381 τόπος
1656 316 1789 389 ἡμῖν
1812 325 1904 390 τῆς

134 443 138 445 -
224 397 406 473 χώρας
424 403 541 462 πῶς
561 400 696 468 ἕχει;
1966 463 1967 466 ¹

364 481 484 532 KA.
519 473 640 553 Οὐκ
679 479 828 530 ἔστιν
864 475 993 531 οὔτε
1019 498 1100 541 τις
1136 475 1296 547 ἐλάτη
1321 476 1496 546 λόγου
1525 475 1647 543 ἀξία
1681 477 1800 535 οὔτ’
1831 474 1905 534 αὖ

223 558 419 630 πεύκη,
453 557 785 629 κυπάριττός
814 580 873 625 τε
912 556 980 613 οὐ
1015 559 1219 629 πολλή·
1266 562 1431 613 πίτυν
1458 558 1509 613 τ’
1547 553 1620 614 αὖ
1644 569 1738 616 καὶ
1763 561 1906 616 πλά-

222 662 395 696 τανον
431 638 626 711 ὀλίγην
659 635 731 694 ἄν
773 638 928 710 εὕροι
963 661 1060 711 τις,
1104 635 1183 704 οἷς
1220 638 1287 710 δὴ
1329 636 1469 713 πρὸς
1503 639 1568 695 τὰ
1605 646 1718 696 τῶν
1754 641 1907 706 ἐντὸς

222 728 337 778 τῶν
357 726 567 778 πλοίων
585 723 722 794 μέρη
743 719 1048 792 ἀναγκαῖον
1065 733 1178 786 τοῖς
1198 733 1500 793 ναυπηγοῖς
1517 728 1758 794 χρῆσθαι
1777 722 1908 778 ἑκά-

224 821 398 860 στοτε.
1667 829 1672 834 ·
1967 757 1976 859 Ξ

364 890 496 954 ΑΘ.
519 886 629 938 Καὶ
676 889 869 938 ταῦτοί
891 884 993 938 οὐκ
1041 881 1112 938 ἂν
1158 892 1341 950 κακῶς
1374 889 1486 956 ἔχοι
1521 893 1599 957 τῇ
1628 885 1782 958 χώρᾳ
1818 891 1912 956 τῆς
1947 916 1976 957 ,ι

224 966 464 1035 φύσεως.

366 1053 486 1103 KA.
531 1050 601 1102 Τί
625 1045 720 1115 617'3
1968 1080 1969 1083 =

364 1135 481 1184 ΑΘ.
519 1126 798 1197 Μιμήσεις
816 1126 1064 1197 πονηρὰς
1081 1134 1367 1197 μιμεῖσθαι
1383 1125 1513 1191 τοὺς
1526 1133 1821 1198 πολεμίους
1840 1148 1912 1196 μη
1972 1128 1976 1129 ’

155 1225 191 1265 D
225 1214 427 1286 ῥᾳδίως
446 1210 732 1266 δύνασθαί
743 1231 868 1266 τινα
886 1210 1050 1266 πόλιν
1071 1209 1307 1281 ἀγαθόν.
1965 1226 1976 1270 ἴ

366 1298 484 1349 ΚΛ.
523 1291 622 1357 Εἰς
640 1291 706 1363 δη
726 1296 785 1347 τί
795 1314 908 1347 των
928 1295 1231 1364 εἰρημένων
1249 1295 1457 1364 βλέψας
1477 1289 1670 1357 εἶπες
1651 1314 1680 1347 ο
1713 1292 1912 1360 λέγεις·
1900 1330 1914 1354 ,
1967 1307 1976 1361 ’ξ

364 1379 423 1430 11.
463 1381 579 1430 ΑΘ.
613 1367 680 1428 Ὦ
711 1374 978 1445 δαιμόνιε,
1009 1373 1254 1444 φύλαττέ
1283 1395 1350 1445 με
1381 1377 1456 1438 είς
1488 1373 1549 1428 τό
1578 1370 1702 1428 κατ’
1742 1370 1915 1441 ἀρχὰς

224 1459 518 1528 εἰρημένον
538 1454 888 1527 ἀποβλέπων,
918 1453 978 1510 τὸ
1006 1458 1130 1526 περὶ
1157 1460 1271 1510 τῶν
1288 1460 1584 1526 Κρητικῶν
1613 1453 1822 1524 νόμων,
1844 1448 1917 1514 ὡς

225 1536 365 1610 πρὸς
385 1538 513 1592 ἕντι
530 1539 806 1609 βλέποιεν,
826 1539 918 1591 καὶ
938 1536 1004 1607 δὴ
1026 1539 1116 1592 καὶ
1144 1535 1297 1591 τοῦτ’
1330 1538 1583 1606 ἐλεγέτην
1609 1533 1746 1589 αὐτὸ
1777 1530 1918 1586 εἶναι
1971 1584 1976 1596 ,

225 1618 351 1690 σφω
382 1618 443 1673 τὸ
481 1618 619 1688 πρὸς
646 1617 746 1673 τὸν
754 1618 1045 1688 πόλεμον,
1061 1616 1166 1688 ἐγὼ
1200 1618 1260 1690 δὲ
1288 1614 1591 1688 ὑπολαβών
1618 1613 1792 1683 εἷπον,
1823 1611 1914 1684 ὥς,
1963 1613 1976 1669 Ξ

227 1698 314 1756 ὅτι
332 1699 435 1771 μὲν
454 1703 530 1764 εἰς
548 1697 752 1769 ἀρετήν
771 1719 865 1754 ποι
882 1701 1077 1770 βλέποι
1103 1697 1170 1754 τὰ
1190 1704 1418 1754 τοιαῦτα
1443 1698 1652 1798 νόμιμα
1672 1700 1915 1766 κείμενα,

225 1787 449 1847 καλως’
428 1787 556 1852 έχοι,
573 1781 634 1837 τὸ
658 1780 710 1836 6’
742 1780 826 1837 ὅτι
844 1779 985 1851 πρὸς
1005 1785 1168 1852 μέρος
1189 1778 1312 1837 ἄλλ’
1339 1803 1408 1836 ου
1427 1779 1566 1851 πρὸς
1584 1784 1772 1834 πᾶσαν
1791 1793 1916 1847 σχε-

160 1879 196 1920 Ε
230 1864 351 1935 δόν,
375 1862 444 1919 οὐ
469 1864 622 1918 πάνυ
641 1863 1007 1933 ξυνεχώρουν.
1047 1869 1156 1918 νῦν
1176 1856 1284 1918 οὖν
1303 1860 1457 1932 υμεΐς
1475 1882 1569 1932 μοι
1587 1882 1682 1959 της
1700 1858 1917 1929 παρού-

228 1963 328 2017 σης
362 1950 699 2016 νομοθεσίας
739 1944 1143 2016 ἀντιφυλάξατε
1179 1944 1455 2015 ἑπόμενοι,
1487 1940 1586 1997 ἐὰν
1617 1940 1726 2012 α’ρα
1753 1961 1806 1995 τι
1839 1938 1912 2009 μὴ

226 2027 365 2098 πρὸς
384 2025 590 2098 ἀρετὴν
607 2038 790 2082 τεῖνον
808 2023 845 2097 ἦ
863 2027 1003 2098 πρὸς
1025 2025 1221 2097 ἀρετῆς
1239 2025 1437 2096 μόριον
1452 2028 1761 2093 νομοθετῶ.
1782 2026 1917 2076 τοῦ-
1970 2078 1976 2100 i

225 2131 324 2165 τον
343 2131 450 2181 γαρ
472 2106 539 2180 δὴ
565 2113 826 2163 τίθεσθαι
845 2109 944 2164 τὸν
962 2109 1141 2179 νόμον
1161 2106 1349 2179 ὀρθῶς
1367 2105 1703 2175 υποτίθεμαι
1721 2102 1942 2173 μόνον,
1962 2117 1976 2220 ἑ

28 2196 31 2197 ’
115 2206 201 2254 706
229 2187 291 2254 ὂς
311 2187 383 2245 α“ν
399 2195 558 2261 δίκην
576 2190 804 2270 τοξότου
824 2190 1080 2245 ἑκάστοτε
1094 2188 1412 2260 στοχάζηται
1430 2192 1534 2242 τοῦ
1554 2183 1662 2258 ὅτω
1683 2180 1755 2238 ἂν
1775 2198 1916 2238 συν-
1964 2219 1976 2267 :3

229 2275 364 2342 εχῶς
391 2293 504 2326 των
531 2269 617 2327 ἀεὶ
640 2278 828 2327 καλῶν
856 2294 908 2326 τι
938 2274 1234 2341 ξυνέπηται
1258 2270 1434 2342 μόνω,
1459 2266 1525 2324 τὰ
1546 2259 1605 2323 δε
1627 2264 1766 2322 άλλα
1788 2263 1916 2333 ξύμ-

228 2372 409 2408 παντα
439 2358 766 2423 παραλείπῃ,
798 2352 896 2407 ἐάν
923 2358 982 2407 τέ
1006 2373 1086 2416 τις
1117 2359 1356 2415 πλοῦτος
1376 2349 1474 2405 ἐάν
1500 2369 1559 2402 τε
1590 2346 1698 2415 ’άρα
1725 2368 1777 2400 τι
1805 2350 1917 2398 τῶν

230 2433 418 2489 άλλων
435 2455 547 2488 των
567 2431 838 2488 τοιούτων
857 2429 926 2486 ὂν
944 2432 1188 2504 τυγχάνῃ
1207 2431 1344 2486 ἄνευ
1355 2435 1469 2485 τῶν
1474 2429 1912 2522 προειρημένων.

230 2514 354 2586 τὴν
364 2515 424 2571 δε
452 2515 518 2587 δὴ
551 2520 782 2586 μίμησιν
808 2517 999 2583 ἔλεγον
1025 2512 1128 2583 τὴν
1157 2534 1272 2567 των
1301 2514 1579 2581 πολεμίων
1606 2507 1708 2578 τὴν
1738 2503 1916 2576 κακὴν

230 2597 454 2652 τοιάνδε
474 2594 827 2668 γίγνεσθαι,’
805 2594 941 2651 όταν
971 2599 1095 2667 οἰκῇ
1124 2597 1227 2665 μέν
1254 2615 1335 2657 τις
1361 2589 1498 2663 πρὸς
1524 2589 1792 2661 θαλάττῃ,
1814 2595 1916 2643 λυ-

233 2682 400 2748 πῆται
420 2677 472 2733 6’
496 2675 604 2733 ὑπὸ
627 2680 926 2755 πολεμίων,
948 2674 1068 2732 οἷον
1092 2709 1154 2717 ——
1178 2675 1376 2747 φράσω
1404 2673 1513 2745 γὰρ
1540 2672 1611 2727 οὔ
1637 2694 1688 2727 τι
1715 2685 1914 2742 μνησι-
1954 2686 1976 2757 ’,Γ

230 2770 421 2814 κακεῖν
457 2758 798 2830 βουλόμενος
832 2755 990 2828 υμῖν·
1029 2762 1228 2821 Μίνως
1262 2755 1370 2827 γὰρ
1404 2755 1472 2826 δή
1505 2774 1636 2810 ποτε
1671 2751 1801 2816 τοὺς
1832 2754 1915 2805 οἰ-

170 2859 204 2901 Β
233 2845 470 2915 κοῦντας
493 2838 596 2911 τὴν
616 2838 863 2911 Ἀττικὴν
883 2837 1258 2911 παρεστήσατο
1281 2842 1355 2902 εἰς
1382 2835 1627 2921 χαλεπήν
1651 2856 1774 2890 τινα
1806 2853 1914 2900 φο-
1954 2824 1969 2878 ἒ
