1976 3172
248 130 349 184 118
873 134 1345 183 ΠΛΛΤῼΝΟΣ
1370 121 1390 127 ’

387 271 505 321 ΑΘ.
539 267 686 331 Νέος
707 264 809 337 μὲν
826 264 933 335 γᾶρ
956 261 1037 320 ὢν
1055 273 1161 332 ποῖς
1180 266 1484 338 ἄνθρωπος
1503 269 1567 325 τὰ
1589 277 1815 327 τοιαῦτα
1834 271 1929 345 ἄμ·

183 354 218 396 Ε
246 346 493 419 βλύτατα
513 345 680 412 αὐτὸς
698 345 877 403 αὑτοῦ
897 345 1018 421 ὁρᾷ,
1039 350 1222 420 γέρων
1241 349 1300 405 δὲ
1320 348 1571 416 ὀξύτατα.

384 436 502 487 ΚΛ.
536 427 921 502 Ἀληθέστατα.
1974 500 1976 506 Ι

383 520 500 570 ΑΘ.
546 519 615 568 Τί
641 511 707 585 δὴ
739 511 799 568 τὸ
832 511 967 584 μετὰ
991 519 1189 581 ‘cavum
1227 508 1321 587 ἆρ’
1343 514 1447 587 οὐχ
1466 515 1705 588 ἥκοντας
1720 521 1821 590 μὲν
1840 524 1931 576 καὶ
1971 523 1976 581 ξ

242 594 524 664 παρόντας
541 601 736 665 θῶμεν
754 593 886 660 τούς
903 597 1178 668 ἐποίκους,
1209 595 1308 654 τὸν
1326 595 1382 654 δ’
1405 601 1526 670 ἑξῆς
1543 597 1730 665 αὐτοῖς
1750 605 1930 659 διαπε-

244 678 479 747 ραντέον
499 672 571 732 οἶν
591 683 673 748 εἴη
693 676 892 747 λόγον·
878 719 892 743 ,

382 763 503 812 KA.
539 763 669 822 Πῶς
687 757 794 828 γὰρ
817 756 911 812 οὔ·
900 800 913 822 ,

381 843 498 892 ΑΘ.
527 836 774 907 Ἄνδρες,
799 843 994 892 τοίνυν
1025 861 1223 910 φωμεν
1251 841 1389 910 πρὸς
1419 841 1642 913 αὐτούς,
1672 841 1701 899 ὁ
1731 845 1834 916 μεν
1863 842 1931 918 δὴ

241 920 392 992 θεός,
417 916 601 990 ὥσπερ
620 915 758 974 καὶ
732 941 760 974 ο
783 917 1017 983 παλαιὸς
1046 919 1228 990 λόγος,
1260 919 1438 992 ἀρχήν
1460 945 1518 979 τε
1549 928 1642 982 καὶ
1671 925 1974 1000 τελευτὴν,

127 1009 214 1057 716
243 1006 335 1060 καὶ
351 1005 490 1074 μέσα
508 1007 622 1057 τῶν
640 1000 821 1057 ὄντων
839 999 1107 1057 ἆπαντων
1123 1005 1282 1072 ἔχων,
1303 1001 1499 1059 εὐθεία
1529 1012 1776 1075 περαίνει
1793 1006 1932 1064 κατὰ

243 1086 419 1159 φύσιν
456 1082 987 1154 περιπορευόμενος·
1034 1089 1111 1156 τῷ
1146 1082 1196 1140 δ’
1236 1083 1320 1140 αεὶ
1352 1060 1640 1151 ξυνέπεται
1669 1092 1792 1161 δίκη
1821 1095 1934 1145 τῶν

241 1167 699 1238 ἀπολειπομένων
730 1172 832 1222 τοῦ
860 1172 1025 1222 θείου
1054 1165 1237 1237 νόμον
1265 1166 1522 1238 τιμωρός,
1551 1162 1617 1240 ἧς
1646 1167 1676 1225 ὁ
1707 1172 1810 1242 μὲν
1839 1171 1935 1226 εὐ-

242 1250 603 1322 δαιμονήσειν
620 1251 836 1321 μέλλων
862 1249 1120 1320 ἐχόμενος
1139 1251 1428 1316 ξυνέπεται
1455 1252 1711 1318 ταπεινὸς
1728 1255 1822 1310 καὶ
1841 1275 1934 1309 κε-

241 1335 606 1405 κοσμημένος,
626 1337 678 1388 εἰ
693 1335 757 1389 δέ
771 1353 852 1398 τις
871 1333 1129 1404 ἐξαρθεὶς
1144 1329 1253 1387 ὑπὸ
1276 1339 1643 1405 μεγαλαυχίας
1660 1331 1697 1405 ἢ
1719 1335 1824 1407 χρή
1828 1357 1935 1406 μα-

241 1433 331 1472 σιν
360 1414 724 1486 ἐπαιρόμενος
749 1409 788 1484 ἦ
821 1425 1000 1485 τιμαῖς
1030 1409 1068 1486 ἢ
1096 1415 1191 1470 καὶ
1223 1413 1476 1485 σώματος
1504 1414 1784 1489 εὐμορφίᾳ
1820 1415 1933 1486 ἅμα

240 1497 458 1568 νεότητι
488 1497 580 1552 καὶ
616 1493 781 1568 ἀνοίᾳ
815 1498 1072 1566 φλέγεται
1101 1494 1207 1566 τὴν
1225 1497 1412 1568 ψυχὴν
1441 1495 1572 1567 μεθ’
1606 1496 1839 1569 ὕβρεως,
1863 1495 1936 1561 ὡς

242 1575 365 1633 οὔτ’
402 1577 671 1649 ἄρχοντος
699 1574 830 1632 οὔτε
857 1575 1012 1640 τινὸς
1051 1573 1328 1648 ἡγεμόνος
1361 1577 1640 1648 δεόμενος,
1675 1575 1814 1635 ἄλλα
1843 1580 1936 1634 καὶ

176 1678 210 1721 Β
242 1661 432 1727 ἄλλοις
468 1658 660 1725 ἱκανὸς
685 1656 766 1716 ὢν
800 1658 1079 1731 ἡγεῖσθαι,
1120 1665 1503 1716 καταλείπεται
1539 1664 1739 1732 ἕρημος
1771 1667 1933 1733 θεοῦ,

239 1745 631 1813 καταλειφθεὶς
672 1745 732 1798 δὲ
777 1744 870 1798 καὶ
914 1746 991 1798 ἔτι
1028 1742 1232 1807 ἄλλους
1275 1742 1563 1807 τοιούτους
1601 1740 1935 1814 προσλαβών

242 1832 440 1899 σκιρτᾷ
458 1825 746 1893 ταράττων
765 1822 941 1880 πάνθ’
965 1822 1096 1895 ἅμα,
1123 1826 1216 1879 καὶ
1236 1830 1459 1888 πολλοῖς
1475 1825 1619 1879 τισὶν
1648 1826 1834 1888 ἔδοξεν
1856 1822 1934 1878 εἶ-

240 1930 335 1963 ναι
352 1911 451 1977 τίς,
472 1907 606 1978 μετὰ
633 1906 693 1962 δὲ
719 1906 928 1978 χρόνον
962 1904 1031 1961 οὐ
1061 1902 1245 1961 πολύν
1278 1903 1543 1976 ὑποσχών
1568 1910 1836 1976 τιμωρίαν
1865 1901 1934 1958 οὐ

242 1987 496 2060 μεμπτὴν
527 1994 595 2061 τῇ
625 1992 750 2061 δίκῃ
788 1988 991 2045 ἑαυτόν
1023 2009 1081 2043 τε
1114 1990 1207 2044 καὶ
1241 1986 1399 2044 οἶκον
1429 1987 1522 2043 καὶ
1553 1986 1719 2042 πόλιν
1755 1984 1935 2056 ἄρδην

242 2069 556 2126 ἀνάστατον
585 2073 820 2142 ἐποίησε.
858 2069 997 2140 πρὸς
1024 2068 1184 2125 ταῦτ’
1223 2062 1328 2125 οὖν
1365 2067 1511 2124 οὕτω
1544 2070 1935 2138 διατεταγμένα
1966 2077 1974 2134 ’,

242 2158 298 2207 τί
312 2151 412 2223 χρὴ
437 2156 578 2225 δρᾷν
597 2147 634 2222 ἦ
655 2155 1002 2208 διανοεῖσθαι
1018 2153 1109 2209 καὶ
1127 2155 1185 2207 τί
1207 2150 1280 2223 μὴ
1301 2149 1402 2207 τὸν
1421 2154 1704 2222 ἔμφρονα;
1972 2194 1973 2198 ,

385 2239 504 2289 KA.
529 2233 737 2304 ‘Am-ov
767 2233 833 2304 δὴ
863 2234 1029 2290 τοῦτό
1048 2255 1129 2304 γε,
1163 2231 1236 2298 ὡς
1263 2238 1376 2288 τῶν
1407 2230 1934 2301 ξυνακολουθησόν-
1972 2243 1973 2246 ’

243 2337 357 2373 των
382 2315 651 2386 ἐσόμενον
671 2336 746 2386 τῳ
766 2322 887 2388 θεῳ
907 2320 993 2370 δεῖ
1012 2319 1383 2385 διανοηθῆναι
1401 2334 1585 2369 παντα
1603 2312 1798 2381 α’νδρα.

181 2412 212 2453 G
382 2400 512 2452 VIII.
551 2402 667 2452 ΑΘ.
722 2400 816 2460 Τίς
854 2389 958 2451 οὖν
990 2396 1057 2466 δὴ
1096 2399 1291 2465 πρᾶξις
1322 2398 1455 2466 φίλη
1491 2397 1584 2450 καὶ
1619 2392 1933 2457 ἀκόλουθος

241 2484 391 2554 θεῷ;
412 2484 507 2551 μία
529 2479 620 2534 καὶ
639 2500 737 2534 ενα
755 2476 926 2549 λόγον
947 2481 1147 2548 ἔχουσα
1167 2475 1412 2548 αρχαῖον,
1436 2474 1521 2531 ὅτι
1539 2482 1617 2550 τῷ
1634 2498 1735 2547 μεν
1759 2472 1931 2573 ὁμοίω

242 2561 305 2617 τό
337 2562 535 2633 ὅμοιον
571 2560 692 2617 ὄντι
721 2566 922 2635 μετρίῳ
945 2564 1113 2630 φίλον
1142 2555 1214 2615 ὄὶν
1242 2567 1342 2630 εἴη,
1375 2580 1442 2614 τα
1475 2556 1529 2614 δ’
1562 2557 1770 2629 α’μετρα
1809 2554 1930 2611 οὔτ’
1963 2618 1965 2622 ⁴

243 2645 500 2716 ἀλλήλοις
537 2643 665 2700 οὔτε
698 2655 811 2710 τοῖς
844 2644 1142 2715 ἐμμέτροις.
1191 2640 1221 2697 ὁ
1249 2640 1331 2713 ’δὴ
1365 2639 1500 2706 θεὸς
1536 2639 1667 2713 ἡμῖν
1704 2638 1932 2695 πάντων
1952 2647 1969 2715 ξ,

242 2729 538 2802 χρημάτων
557 2731 758 2799 μέτρον
779 2724 851 2783 ‹322›
871 2734 954 2799 εἴη
973 2727 1225 2799 μάλιστα,
1246 2726 1338 2781 καὶ
1365 2722 1510 2780 πολὺ
1527 2730 1743 2796 μᾶλλον
1759 2721 1795 2793 ἤ
1818 2719 1969 2816 norff

243 2837 341 2888 τις,
363 2813 436 2880 ὥς
452 2818 641 2886 φασιν,
663 2811 992 2883 ἄνθρωπος·
1033 2808 1134 2867 τὸν
1163 2802 1269 2864 οὖν
1297 2815 1374 2882 τῷ
1394 2808 1630 2882 τοιούτῳ
1651 2807 1967 2879 προσφιλῆ
