1976 3172
195 138 300 191 282
560 212 571 214 ff
822 137 1295 187 ΠΛΑΤΩΝΟΣ

196 288 283 327 στι
301 269 560 342 καθάπερ
589 266 626 340 ἢ
652 269 972 347 λιθολόγοις
992 267 1043 340 ἢ
1041 276 1147 326 καί
1170 292 1322 337 τινος
1345 272 1532 341 ἑτέρας
1558 271 1881 344 ἀρχομένοις

196 352 515 416 συστάσεως
529 349 1046 422 παραφορήσασθαι
1061 351 1257 424 χύδην,
1275 355 1330 419 ἐξ
1351 376 1431 410 ων
1457 356 1797 426 ἐκλεξόμεθα
1814 355 1880 412 τὰ

193 433 492 506 πρόσφορα
512 439 578 506 τῇ
598 431 875 506 μελλούσῃ
899 434 1238 505 γενήσεσθαι
1266 434 1545 507 συστάσει,
1571 439 1664 492 καὶ
1693 436 1759 508 δὴ
1791 440 1884 494 καὶ

193 516 333 571 κατὰ
353 512 557 586 σχολὴν
575 517 918 581 ἐκλέξασθαι.
953 521 1203 586 τιθῶμεν
1223 510 1329 572 οὖν
1347 514 1492 588 ἡμᾶς
1516 523 1628 574 νῦν
1646 517 1787 574 εἶναι
1806 518 1881 590 μὴ

193 596 326 663 τοὺς
341 599 395 664 ἐξ
415 595 660 669 ἀνάγκης
690 601 1143 669 οἰκοδομοῦντας,
1171 597 1311 655 άλλά
1331 599 1464 665 τούς
1482 602 1570 660 ἐπὶ
1590 608 1788 672 σχολῆς
1806 605 1884 657 ἔτι

192 678 259 736 τὰ
288 680 392 751 μὲν
412 683 910 753 παρατιθεμένους,
930 680 997 738 τὰ
1017 682 1076 739 δὲ
1110 682 1495 748 ξυνιστάντας’
1527 682 1667 740 ὥστε
1696 681 1885 755 ὀρθῶς

135 766 167 808 C
193 764 300 832 ἔχει
321 759 387 816 τά
408 761 511 831 μὲν
528 760 634 832 ἤδη
651 769 765 817 τῶν
785 761 978 832 νόμων
1005 766 1186 833 λέγειν
1216 761 1290 829 ῶς
1316 766 1597 835 τιθέμενα,
1627 763 1694 820 τά
1725 762 1774 819 δ’
1810 762 1883 827 ῶς

194 844 628 911 παρατιθέμενα.

331 927 452 978 ΑΘ.
489 925 717 977 Γένοιτο
737 927 880 990 γοῦν
899 920 989 992 ἄν,
1019 917 1065 978 ῶ
1091 929 1340 994 Κλεινία,
1370 926 1508 981 κατὰ
1537 928 1710 995 φύσιν
1739 932 1879 996 μᾶλ-

192 1012 293 1060 λον
311 1000 496 1075 ἡμῖνὴ
518 1002 755 1070 σύνοψις
782 1009 897 1059 τῶν
920 1004 1130 1075 νόμων.
1173 1009 1381 1077 ἴδωμεν
1395 1005 1507 1078 γάρ
1525 999 1647 1075 οὖν,
1678 1001 1723 1062 ῶ
1743 1007 1880 1075 πρὸς

191 1092 364 1156 θεῶν,
385 1083 447 1140 τὸ
467 1083 686 1140 τοιόνδε
705 1086 831 1153 περὶ
848 1090 1194 1157 νομοθετῶν.

333 1164 574 1223 ΚΛ.Τό
593 1177 756 1222 ποῖον
776 1167 877 1237 δή;

333 1255 449 1305 ΑΘ.
487 1247 795 1321 Γράμματα
822 1251 926 1319 μέν
954 1235 1067 1304 που
1091 1251 1184 1304 καὶ
1212 1251 1272 1304 ἐν
1301 1246 1586 1320 γράμμασι
1604 1247 1763 1318 λόγοι
1789 1249 1882 1304 καὶ

193 1329 378 1387 ἄλλων
397 1332 502 1387 εἰσὶ
519 1333 793 1387 πολλῶν’
764 1353 827 1387 εν
844 1341 962 1396 ταῖς
974 1331 1174 1386 πόλεσι
1185 1333 1575 1402 γεγραμμένοι,
1588 1330 1879 1403 γράμματα

195 1414 255 1468 δὲ
272 1416 365 1468 καὶ
383 1434 450 1468 τα
475 1419 578 1468 τοῦ
594 1413 912 1483 νομοθέτου
936 1413 1029 1468 καὶ
1047 1411 1217 1482 λόγοι.

334 1500 455 1550 ΚΛ.
491 1500 622 1559 Πῶς
642 1491 752 1564 γὰρ
773 1492 872 1560 οὕς

334 1583 455 1631 ΑΘ.
492 1576 747 1647 Πότερον
766 1569 872 1632 οὖν
889 1586 1001 1640 τοῖς
1019 1575 1244 1646 μὲντῶν
1275 1573 1462 1630 ἄλλων
1490 1573 1883 1644 συγγράμμασι

134 1668 168 1708 D
194 1664 439 1729 ποιητῶν
457 1659 549 1714 καὶ
570 1656 694 1714 ὅσοι
719 1657 860 1713 ἄνευ
865 1661 1090 1730 μέτρων
1118 1660 1209 1713 καὶ
1237 1656 1373 1729 μετὰ
1402 1659 1619 1727 μέτρων
1644 1654 1748 1728 τὴν
1776 1653 1881 1710 αὐ-

192 1747 306 1796 τῶν
324 1744 400 1805 εἰς
416 1741 643 1812 μνήμην
662 1737 983 1812 ξυμβουλὴν
1005 1741 1131 1813 περὶ
1149 1746 1278 1812 βίου
1309 1742 1610 1796 κατέθεντο
1633 1737 1882 1810 συγγρά-

191 1833 413 1893 ψαντες,
429 1824 786 1894 προσέχωμεν
813 1822 913 1879 τὸν
941 1830 1102 1895 νοῦν,
1123 1834 1236 1889 τοῖς
1254 1826 1313 1879 δὲ
1330 1829 1443 1879 τῶν
1460 1828 1789 1917 νομοθετῶν
1805 1821 1878 1891 μὴ

192 1906 578 1975 προσέχωμεν;
613 1902 650 1976 ἢ
680 1906 910 1961 πάντων
929 1905 1184 1977 μάλιστα;

332 1992 454 2042 KA.
490 1987 651 2043 Πολύ
669 2009 746 2058 γε.

332 2076 450 2125 ΑΘ,
485 2068 646 2125 Ἀλλα
683 2073 822 2141 δῆτα
857 2091 926 2126 ου
960 2071 1063 2142 χρὴ
1091 2069 1193 2127 τὸν
1220 2074 1536 2142 νομοθέτην
1561 2068 1739 2140 μόνον
1768 2072 1880 2123 τῶν

191 2151 532 2222 γραφόντων
548 2154 675 2222 περὶ
693 2157 884 2209 καλῶν
902 2156 994 2209 καὶ
1014 2151 1252 2224 ἀγαθῶν
1267 2155 1361 2210 καὶ
1391 2157 1620 2209 δικαίων
1635 2155 1881 2223 ξυμβου-

192 2232 379 2287 λεύειν
398 2235 753 2305 διδάσκοντα,
775 2231 864 2291 οἶά
880 2237 944 2292 τέ
969 2238 1084 2292 ἐστι
1112 2237 1204 2292 καὶ
1233 2233 1306 2300 ὡς
1333 2237 1719 2307 ἐπιτηδευτέον
1737 2229 1878 2288 αὐτὰ

192 2324 305 2379 τοῖς
323 2316 621 2384 μέλλουσιν
639 2315 963 2387 εὐδαίμοσιν
980 2322 1236 2384 ἔσεσθαι;

333 2401 452 2450 ΚΛ.
488 2397 599 2451 Καὶ
626 2403 742 2462 πῶς
767 2397 865 2463 οὕ;

132 2493 165 2532 Ε
336 2483 455 2532 ΑΘ.
489 2474 651 2543 Ἀλλά
681 2478 910 2548 αἰσχρὸν
942 2476 1010 2548 δὴ
1041 2484 1255 2547 μᾶλλον
1271 2475 1488 2549 Ὁμήρῳ
1515 2498 1574 2532 τε
1602 2476 1694 2531 καὶ
1728 2480 1876 2542 Τυρ-

194 2563 329 2632 ταίῳ
350 2559 442 2614 καὶ
463 2568 577 2624 τοῖς
595 2557 784 2624 ἄλλοις
801 2570 1050 2629 ποιηταῖς
1073 2560 1198 2631 περὶ
1226 2564 1354 2631 βίου
1381 2581 1439 2615 τε
1467 2560 1558 2615 καὶ
1589 2560 1875 2628 ἐπιτηδευ-

193 2640 384 2711 μάτων
401 2647 585 2706 κακῶς
601 2644 811 2698 θέσθαι
832 2641 1171 2712 γράψαντας,
1188 2641 1502 2716 Λυκούργω
1522 2633 1634 2696 δὲ
1597 2660 1766 2712 ηττον
1785 2639 1877 2694 καὶ

195 2725 420 2823 Σόλωνι
430 2722 567 2779 καὶ
544 2722 669 2779 όσοι
689 2722 756 2795 δὴ
778 2725 1080 2796 νομοθέται
1097 2723 1692 2795 γενόμενοιγράμματα
1711 2725 1875 2792 ἔγρα-

197 2814 338 2871 tham
390 2803 427 2877 ἦ
462 2805 528 2861 τό
564 2827 628 2875 γε
665 2803 849 2877 ὀρθὸν
898 2807 1123 2872 πάντων
1159 2810 1246 2862 δεῖ
1278 2805 1617 2878 γραμμάτων
1662 2810 1776 2861 τῶν
1806 2799 1875 2858 ἐν
