1976 3172
269 121 338 174 60
506 152 508 156 ·
845 125 1321 176 ΠΛΑΤΩΝΟΣ

269 257 490 324 ἕκαστα,
510 255 579 310 οὐ
599 261 1029 328 συλλογίζονται,
1049 257 1110 314 τὸ
1133 261 1195 315 δέ
1212 279 1321 315 που
1339 262 1692 361 προσήκοντα
1703 268 1806 336 μὲν
1823 271 1948 338 ἔχον

268 341 382 391 πᾶν
406 341 568 407 μέλος
588 336 776 406 ὀρθως
795 342 918 408 ἔχει,
938 339 1010 409 μὴ
1033 341 1385 412 προσήκοντα
1405 341 1514 398 δὲ’
1483 348 1892 416 ημαρτημένως.

406 428 527 478 KA.
560 419 1009 492 Ἀναγκαιότατα.
1782 467 1785 469 -

407 510 525 560 ΑΘ.
569 508 640 558 Τί
656 498 786 568 οὖνς
823 501 852 559 6
872 503 1071 574 μηδὲ”
1039 527 1069 561 ο
1102 512 1157 562 τί
1181 526 1286 563 ποτ
1294 506 1434 578 ’ἔχει
1464 497 1791 579 γιγνώσκων
1820 502 1948 582 ἀρα,

266 583 300 640 6‘
317 590 374 640 τί
389 605 491 655 περ
512 593 769 656 εἴπομεν,
780 608 853 649 ως
873 584 1061 655 ὀρθῶς
1078 608 1140 658 γε
1160 587 1295 645 αὐτὸ
1323 594 1429 661 ἔχει
1449 593 1727 661 γνώσεταί
1738 603 1869 650 ποτε
1890 597 1949 650 ἐν

265 662 509 739 ὁτῳοῦν;

405 752 524 802 KA
566 748 676 803 Καὶ
694 751 776 811 τίς
793 750 1031 820 μηχανή;

404 830 510 882 XII.
544 834 664 883 ΛΘ.
706 828 876 884 Τοῦτ’
906 833 1028 901 οὐν,
1051 827 1123 895 ὦς
1142 835 1337 904 ἔοικεν,
1359 831 1760 907 ἀνευρίσκομεν
1781 828 1854 891 αὐ
1883 835 1948 895 τά

262 915 389 978 νῦν,
411 907 497 964 ὅτι
514 920 628 974 τοῖς
649 907 864 983 ᾠδοῖς
832 924 982 982 ημῖν,
996 909 1094 977 ούς
1105 919 1214 968 νῦν
1228 923 1661 988 παρακαλοῦμεν
1679 921 1771 973 καὶ
1789 919 1946 974 ἑκόν-

205 1012 241 1053 D
269 1013 366 1055 τας
393 990 515 1047 τινά
543 993 755 1062 τρόπον
783 991 1167 1065 ἀναγκάζομεν
1197 995 1370 1068 ᾅδειν,
1402 1002 1558 1070 μέχρι
1582 1021 1646 1069 γε
1676 1000 1949 1056 τοσούτου

261 1074 674 1128 πεπαιδεῦσθαι
693 1073 890 1143 σχεδὸν
909 1074 1228 1147 ἀναγκαῖον,
1249 1080 1402 1147 μέχρι
1425 1086 1529 1133 τοῦ
1547 1083 1790 1136 δυνατὸν
1809 1081 1950 1136 εἶναι

262 1157 705 1219 ξυνακολουθεῖν
727 1155 963 1210 ἕκαστον
992 1167 1108 1221 ταῖς
1136 1178 1195 1212 τε
1219 1158 1418 1229 βάσεσι
1445 1166 1560 1215 τῶν
1591 1164 1831 1233 ρ”υθμοόν
1859 1164 1949 1219 καὶ

261 1247 379 1302 ταῖς
397 1241 620 1309 χορδαῖς
638 1249 753 1303 ταῖς
770 1243 886 1294 τῶν
915 1242 1159 1310 μελῶν,’
1145 1242 1238 1294 ίνα
1263 1248 1622 1312 καθορῶντες
1644 1244 1742 1309 τάς
1767 1265 1826 1299 τε
1845 1241 1949 1315 ἀρ·-

262 1324 458 1388 μονίας
492 1323 586 1391 καὶ
613 1340 747 1384 τους
774 1319 1032 1391 ῥυθμοὺς
1060 1323 1390 1390 ἐκλέγεσθαί
1413 1344 1480 1378 τε
1497 1322 1564 1378 τά
1593 1324 1946 1396 προσήκοντα

263 1398 371 1459 οἷοί
385 1400 435 1456 τ’
460 1395 614 1470 ωσιν,
639 1399 675 1456 ἃ
693 1414 805 1467 τοις
821 1402 1163 1472 τηλικούτοις
1180 1425 1238 1459 τε
1257 1405 1348 1460 καὶ
1358 1405 1629 1471 τοιούτοις
1647 1404 1805 1480 ἀδειν
1824 1412 1946 1477 πρέ-

261 1502 388 1554 πον,
411 1485 502 1540 καὶ
524 1482 700 1549 οὕτως
723 1482 899 1557 ᾀδωσι
917 1486 1009 1540 καὶ
1029 1483 1256 1558 άδοντες
1275 1485 1438 1542 αὐτοί
1451 1507 1509 1542 τε
1527 1485 1736 1558 ἡδονὰς
1753 1487 1814 1544 τὸ
1838 1508 1947 1543 πα·

262 1571 514 1637 ραχρῆμα
554 1563 759 1630 ἀσινεῖς
803 1564 1045 1636 η’δωνται
1080 1570 1173 1622 καὶ
1206 1578 1318 1632 τοῖς
1356 1570 1644 1638 νεωτέροις
1684 1565 1948 1639 ἡγεμόνες

198 1631 233 1699 Ε
260 1647 422 1719 ἠθῶν
441 1653 694 1718 χρηστῶν
713 1645 1011 1718 ἀσπασμοῦ
1028 1647 1408 1719 προσήκοντος
1424 1654 1747 1746 γίγνωνται·
1791 1653 1948 1720 μέχρι

153 1772 169 1783 ,
262 1731 322 1786 δὲ
341 1729 615 1784 τοσούτου
633 1730 1030 1794 παιδευθέντες
1050 1727 1446 1801 ἀκριβεστέραν
1473 1726 1544 1785 ἀν
1574 1733 1831 1786 παιδείαν
1851 1737 1947 1802 τῆς

261 1811 348 1866 ἐπὶ
374 1808 436 1866 τὸ
475 1815 691 1880 πλῆθος
719 1809 1000 1882 φερούσης
1035 1808 1146 1865 εἶεν
1171 1811 1702 1880 μετακεχειρισμένοι
1730 1812 1823 1866 καὶ
1851 1816 1947 1882 τῆς

261 1893 388 1960 περὶ
406 1889 538 1956 τοὺς
557 1890 785 1962 ποιητὰς
805 1888 1024 1962 αὐτούς.
1061 1889 1123 1946 τὸ
1144 1890 1252 1962 γὰρ
1270 1895 1458 1963 τρίτον
1475 1889 1705 1962 οὐδεμία
1726 1890 1943 1962 ἀνάγκη

261 1979 459 2045 ποιητῇ
478 1971 826 2042 γιγνώσκειν,
848 1979 955 2028 εἴτε
982 1971 1157 2028 καλὸν
1185 1980 1290 2028 εἴτε
1318 1971 1391 2043 μὴ
1421 1972 1596 2028 καλὸν
1625 1971 1686 2028 τὸ
1712 1977 1943 2072 μίμημα,

259 2053 320 2110 τό
344 2052 396 2109 δ’
426 2051 695 2124 ἁρμονίας
712 2058 802 2109 και
823 2055 1051 2124 ῥυθμοῦ
1071 2053 1319 2124 σχεδόν’
1287 2055 1530 2124 ἀνάγκη·
1553 2064 1667 2118 τοῖς
1686 2055 1746 2110 δε
1764 2052 1945 2110 πάντα

144 2148 229 2195 671
259 2133 325 2191 τά
346 2140 469 2205 τρία
488 2141 583 2207 τῆς
599 2136 879 2207 έκλογῆς“
846 2156 1009 2192 ενεκα
1031 2143 1133 2192 τοῦ
1162 2139 1459 2191 καλλίστου
1487 2137 1579 2191 καὶ
1609 2130 1946 2233 δευτέρου,’ι
1891 2157 1942 2206 η

258 2215 532 2286 μηδέποτε
568 2216 765 2272 ἱκανὸν
801 2217 1020 2289 ἐπῳδὸν
1045 2223 1340 2291 γίγνεσθαι
1368 2219 1512 2281 νέοις
1547 2209 1687 2288 πρὸς
1723 2214 1942 2289 ἀρετήν.

257 2299 351 2354 καὶ
369 2296 504 2368 ὅπερ
526 2294 554 2351 6
578 2297 742 2366 λόγος
761 2300 821 2352 ἐν
851 2295 1039 2367 ἀρχαῖς
1061 2299 1360 2368 ἐβουλήθη,
1380 2294 1484 2367 τὴν
1502 2302 1582 2368 τῷ
1607 2301 1709 2354 τοῦ
1726 2297 1944 2352 Διονύ-

259 2395 364 2435 σου
383 2382 533 2449 χορςὸ
552 2377 826 2449 βοήθειαν
845 2379 1103 2443 ἐπιδεῖξαι
1120 2383 1301 2442 καλως
1327 2380 1650 2451 λεγομένην,
1672 2381 1748 2441 εἰς
1768 2376 1943 2431 δύνα-

258 2483 357 2532 μιν
373 2467 557 2532 εἴρηκε
571 2480 582 2491 ·
621 2459 962 2529 σκοπώμεθα
983 2459 1048 2531 δὴ
1070 2464 1119 2515 εἰ
1132 2456 1298 2515 τοῦθ’
1323 2456 1470 2514 οὕτω
1498 2461 1708 2529 γέγονε.
1758 2466 1942 2527 θορυ-

258 2540 444 2612 βιόδης
462 2542 564 2612 μέν
582 2559 694 2595 που
713 2538 742 2595 ὁ
766 2539 1030 2610 ξύλλογος
1050 2539 1077 2595 6
1100 2545 1348 2604 τοιοῦτος
1367 2542 1421 2605 ἐξ
1441 2538 1688 2611 ἀνάγκης
1707 2538 1941 2610 προϊού-

259 2637 359 2693 σης
394 2628 490 2692 τῆς
527 2622 742 2686 πόσεως
779 2622 866 2676 ἐπὶ
899 2626 1113 2692 μᾶλλον
1151 2621 1235 2678 ἀεὶ
1271 2624 1555 2693 ξυμβαίνει
1590 2620 1938 2692 γιγνόμενος,

259 2702 398 2773 ὅπερ
427 2700 753 2775 ὑπεθέμεθα
780 2701 904 2758 κατ’
936 2701 1103 2776 ἀρχὰς
1141 2704 1443 2776 ἀναγκαῖον
1471 2702 1610 2759 εἶναι
1645 2708 1939 2775 γίγνεσθαι

187 2799 222 2840 Β
261 2791 386 2859 περὶ
405 2791 518 2843 τῶν
537 2792 646 2843 νῦν
664 2788 996 2858 λεγομένων.
