1976 3172
712 142 1033 192 ΝΟΜΩΝ
1063 136 1115 201 ζ’.
1642 137 1748 192 227

51 286 278 336 πολλῶν
289 278 559 336 τοιούτων
578 274 906 348 ἀνθρώπων
922 278 1407 347 καταλελειμμένα·
1429 271 1526 345 οἷς,
1550 269 1594 331 ὦ
1610 276 1746 332 πάν-

51 385 165 418 των
184 366 456 434 βέλτιστοι
473 359 883 432 νομοφύλακες,
908 362 966 413 τί
979 357 1285 430 χρήσεσθες
1314 354 1351 427 ἢ
1372 363 1428 412 τί
1443 356 1581 415 ποθ’
1616 357 1751 431 ὑμῖν

53 442 84 500 6
112 445 424 516 νομοθέτης
451 449 714 515 χρῆσθαι-
731 438 1043 512 προστάξας
1078 437 1269 511 ὀρθῶς
1306 435 1380 494 ἄν
1415 439 1619 507 τάξειε,
1658 442 1750 498 καὶ

52 527 203 597 μάλα
221 524 529 597 ἀπορήσειν
558 522 735 579 αὐτὰν
751 523 1067 591 προσδοκῶ.

194 615 311 666 ΚΛ.
358 614 427 663 Τί
440 627 572 663 ποτε
596 600 773 675 τοῦτ’,
802 625 845 658 ω
867 607 1004 675 ξένε,
1037 607 1225 675 φαίνει
1255 602 1396 673 πρὸς
1417 583 1628 658 σαυτὸν
1649 601 1749 658 όν-

51 715 156 757 τως
174 689 471 764 ἠπορηκως
494 691 707 759 λέγειν;

192 781 310 831 ΑΘ.
346 773 560 845 Ὀρθῶς
576 770 866 844 ὑπέλαβες,
890 764 936 826 ὦ
955 775 1202 826 Κλεινία.
1225 767 1365 841 πρὸς
1384 770 1444 826 δε
1465 768 1531 840 δὴ
1554 789 1747 824 κοινω-

47 855 185 926 νοὺς
221 855 369 930 ὑμᾶς
405 856 572 923 ὄντας
601 856 728 927 περὶ
759 852 954 925 νόμων
973 851 1189 925 ἀνάγκη
1220 853 1284 908 τό
1311 874 1370 908 τε
1400 851 1749 923 φαινόμενον
1800 882 1806 893 ·

49 941 298 1013 εὔπορον
316 943 409 999 καὶ
427 939 490 997 τὸ
511 938 585 1013 μὴ
609 938 857 1013 φράζειν.

191 1032 310 1084 ΚΛ.
353 1029 424 1081 Τί
439 1017 571 1089 οὖν;
591 1027 648 1079 τί
667 1022 794 1094 περὶ
810 1018 1028 1076 τούτων
1047 1023 1156 1073 νῦν
1173 1019 1264 1073 καὶ
1281 1018 1446 1075 ποῖόν
1464 1040 1516 1073 τι
1541 1036 1741 1073 πεπον·
1770 1031 1816 1079 Β,

52 1107 174 1174 θῶς
193 1110 394 1179 λέγειςς

193 1198 313 1248 ΑΘ.
348 1188 485 1258 Ἐρῶ
504 1187 573 1259 δή
588 1210 599 1220 ·
621 1186 857 1258 στόμασι
875 1185 982 1258 γὰρ
1002 1183 1267 1250 πολλάκις
1287 1187 1506 1255 μυριόις
1526 1186 1751 1239 ἐναντία

50 1276 235 1344 λέγειν
254 1269 516 1342 οὐδαμῶς
534 1269 795 1340 εὔπορον.

31 1421 43 1427 ·
187 1359 307 1412 KA.
353 1359 421 1408 Τί
447 1355 536 1418 θές
579 1349 783 1423 σμικρά
813 1353 906 1406 καὶ
934 1347 1126 1420 ὀλίγον
1148 1352 1307 1404 δοκεῖ
1332 1364 1420 1402 σοι
1446 1347 1510 1403 τά
1539 1354 1750 1419 ἔμπρο-

46 1446 190 1495 σθεν
207 1434 340 1509 ἡμῖν
358 1436 620 1506 εἰρημένα
640 1436 766 1505 περὶ
784 1433 977 1504 νόμων
995 1439 1218 1488 κεῖσθαι
1238 1441 1352 1495 τοῖς
1371 1437 1596 1495 πολλοῖς
1615 1429 1745 1487 ὑπε-

47 1525 271 1588 ναντία;

115 1626 119 1629 ·
188 1607 308 1658 ΛΘ.
341 1601 452 1657 Καὶ
471 1599 621 1671 μάλα
646 1596 852 1671 ἀληθὲς
870 1597 1036 1654 τοῦτό
1054 1619 1118 1670 γε
1138 1598 1313 1671 λέγεις
1328 1618 1339 1629 ·
1371 1594 1618 1662 κελεύεις
1637 1593 1746 1667 γὰρ

46 1685 117 1757 δή
137 1706 223 1757 με,
244 1681 319 1753 ὥς
343 1683 462 1755 ἐμοὶ
481 1686 755 1753 φαίνεται,
776 1686 872 1752 τῆς
892 1678 1062 1751 αὐτῆς
1082 1677 1221 1736 ὁδοῦ
1240 1681 1560 1751 ἐχθοδοποῦ
1579 1699 1745 1750 γεγο-

45 1773 207 1831 νυίας
224 1771 466 1836 πολλοῖς,
487 1771 620 1829 ἴσως
645 1762 700 1819 δ’
724 1760 829 1819 οὐκ
850 1762 1136 1819 ἐλάττοσιν
1157 1762 1360 1834 ετέροις
1374 1765 1742 1833 προσφιλοῦς,
1775 1778 1811 1821 Ε

44 1853 96 1908 εἰ
112 1848 172 1905 δὲ
189 1846 493 1918 ἐλάττοσιν,
515 1844 730 1902 οὔκουν
746 1850 959 1917 χείροσί
971 1866 1053 1916 γε,
1075 1841 1206 1917 μεθ’
1242 1835 1322 1900 ὦν
1345 1842 1654 1899 διακελεύει
1673 1862 1743 1912 με

40 1925 688 1998 παρακινδυνεύοντατε
708 1929 799 1983 καὶ
810 1933 1140 1998 θαρρουντα
1159 1923 1264 1998 τὴν
1283 1931 1394 1981 νῦν
1407 1926 1468 1981 ἐκ
1479 1929 1592 1979 τῶν
1606 1943 1740 1993 παρ-

47 2011 232 2067 όντων
260 2009 447 2080 λόγων
473 2010 820 2081 τετμημένην
856 2006 994 2065 ὁδὸν
1022 2015 1118 2079 τῆς
1141 2012 1480 2079 νομοθεσίας
1499 2002 1742 2075 πορεύε-

50 2098 189 2148 σθαι
205 2090 381 2162 μηδὲν
398 2087 637 2146 ἀνιέντα.

188 2177 307 2230 ΚΛ.
349 2176 420 2228 Τί
432 2171 570 2244 μήν;

189 2259 293 2311 ΧΥ.
331 2261 446 2312 ΑΘ.
488 2250 576 2310 Οὐ
601 2259 797 2311 τοίνυν
816 2251 1032 2325 ἀνίημι·
1071 2255 1216 2325 λέγω
1246 2252 1376 2325 μήν,
1408 2250 1493 2310 ὅτι
1524 2256 1751 2324 ποιηταί

43 2361 104 2399 τε
123 2337 255 2411 ἡμῖν
274 2341 385 2395 εἰσί
404 2358 549 2403 τινες
577 2339 729 2395 ἐπῶν
756 2339 1069 2410 ἑξαμέτρων
1090 2336 1411 2408 πάμπολλοι
1437 2336 1530 2391 καὶ
1557 2336 1747 2407 τριμέ-

17 2439 194 2492 ιτρων
212 2421 305 2478 καὶ
336 2419 566 2476 πάντων
601 2418 669 2492 δὴ
698 2423 814 2475 τῶν
848 2423 1166 2492 λεγομένων
1194 2421 1430 2491 μέτρων,
1452 2420 1511 2474 οἱ
1535 2415 1637 2490 μὲν
1656 2417 1744 2473 ἐπὶ

16 2522 24 2565 ι
47 2502 321 2575 σπουδήν,
340 2504 399 2559 οἰ
416 2500 469 2559 δ’
492 2503 583 2559 ἐπὶ
610 2504 822 2576 γέλωτα
842 2499 1177 2575 ωρμηκότες,
1208 2522 1271 2558 εν
1290 2496 1372 2566 οἷς
1391 2501 1529 2572 φασὶ
1551 2502 1671 2556 δεῖν
1689 2501 1749 2555 οἱ

16 2583 313 2650 ιπολλάκις
346 2591 537 2657 μυρίοι
570 2586 704 2654 τούς
739 2586 931 2661 ὀρθῶς
964 2588 1406 2658 παιδευομένους
1443 2589 1560 2641 τῶν
1594 2586 1741 2642 νέων

45 2669 273 2738 τρέφειν
297 2667 389 2723 καὶ
407 2669 679 2739 διακορεῖς
696 2681 893 2742 ποιεῖν,
920 2668 1275 2742 πολυηκόους
1304 2664 1356 2724 τ’
1385 2669 1447 2723 ἐν
1465 2677 1583 2732 ταῖς
1600 2664 1741 2722 ἄνα-

44 2750 287 2821 γνώσεσι
306 2754 605 2816 ποιοῦντας
621 2754 712 2809 καὶ
731 2760 1095 2826 πολυμαθεῖς,
1116 2750 1283 2817 ὅλους
1294 2746 1523 2821 ποιητάς
1542 2749 1739 2818 ἐκμαν·
1765 2755 1853 2801 811

45 2830 355 2897 θάνοντας·
376 2833 435 2887 οί
448 2830 507 2888 δὲ
527 2833 588 2888 ἐκ
605 2832 834 2891 πάντων
844 2834 1124 2907 κεφάλαια
1143 2833 1459 2938 ἐκλέξαντες
1475 2833 1572 2885 καί
1584 2847 1741 2893 τινας

1363 2914 1417 2956 15
