1976 3172
220 139 326 192 236
823 139 1303 188 ΠΛΑΤΩΝΟΣ

223 269 562 342 δέποτεμηδ’
584 268 854 341 ἡντινοῦν
872 272 1012 342 μηδέ
1028 292 1152 326 τινα
1176 272 1542 341 μανθάνοντα
1561 273 1703 330 αὐτὰ
1721 281 1909 347 γίγνεέ-

224 360 360 409 σθαι
379 349 632 424 φανερὸν
651 357 765 408 τῶν
785 353 1118 457 ἐλευθέρων,
1140 353 1275 424 μήτε
1294 365 1534 424 γυναῖκα
1552 356 1689 428 μήτε
1707 358 1906 430 άνδρα,

222 432 421 491 καινὸν
448 432 509 489 δὲ
542 430 636 490 ἀεί
663 455 717 488 τι
744 436 868 504 περὶ
904 432 1044 490 αὐτὰ
1081 439 1384 505 φαίνεσθαι
1414 445 1529 493 τῶν
1563 438 1908 511 μιμημάτων.

222 514 326 572 ὅσα
356 518 458 587 μὲν
482 537 588 571 ουν
617 517 741 586 περὶ
767 516 980 586 γέλωτά
1013 519 1126 572 ἐστι
1159 523 1404 589 παίγνια,
1441 518 1478 575 ἃ
1514 520 1581 593 δὴ
1614 526 1912 596 κωμῳδίαν

106 607 193 655 817
225 599 428 663 πάντες
448 602 698 669 λέγομεν,
720 598 867 654 οὕτω
885 619 961 673 τῳ
983 598 1137 704 νόμῳ
1158 603 1250 661 καὶ
1268 601 1417 675 λόγῳ
1441 609 1675 658 κείσθω·
1715 624 1829 659 των
1853 605 1914 658 δὲ

225 683 564 750 σπουδαίων,
586 677 661 744 ω’ς
680 695 834 750 φασι,
857 701 969 736 των
996 683 1122 752 περι
1149 687 1462 756 τραγῳδίαν
1487 683 1622 756 ἡμῖν
1649 705 1911 756 ποιητων,
1956 715 1958 717 -

227 759 326 816 ἐάν
363 764 499 817 ποτέ
541 783 685 825 τινες
723 760 912 817 αὐτῶν
948 760 1092 833 ἡμᾶς
1125 763 1387 830 ἐλθόντες
1420 766 1913 838 ἐπανερωτήσωσιν

229 839 437 897 οὑτωσί
451 859 592 906 πως·
632 863 675 896 ω
697 844 859 912 ξένοι,
879 845 1121 914 πότερον
1140 852 1423 916 φοιτῶμεν
1439 845 1575 919 υμῖν
1591 853 1668 913 εἰς
1685 847 1787 919 τὴν
1807 848 1910 903 πό-

226 930 316 978 λιν
345 942 403 977 τε
441 923 533 977 καὶ
565 920 752 993 χώραν
777 919 814 993 ἢ
835 923 929 993 μή,
958 926 1051 978 καὶ
1079 922 1184 995 τὴν
1210 930 1434 996 ποίησιν
1462 932 1718 1025 φέρωμέν
1736 951 1794 985 τε
1823 931 1915 985 καὶ

228 1003 468 1075 ἄγωμεν,
487 999 526 1074 ἢ
555 1023 672 1069 πως
704 1001 838 1075 ὑμῖν
869 1007 1122 1061 δέδοκται
1149 1008 1274 1076 περὶ
1305 1007 1373 1062 τὰ
1399 1014 1628 1064 τοιαῦτα
1660 1013 1828 1082 δρᾷνς
1865 1017 1920 1066 τί

227 1088 334 1141 οὐν
372 1082 444 1141 ὄὶν
480 1085 620 1156 πρὸς
655 1092 830 1153 ταῦτα
868 1084 1054 1156 ὀρθως
1099 1085 1546 1160 ἀποκριναίμεθα
1588 1101 1704 1156 τοῖς
1740 1096 1916 1156 θείοις

157 1175 189 1216 Β
228 1165 527 1239 ἀνδράσιν,
563 1171 682 1240 ἐμοὶ
710 1193 813 1242 μεν
842 1193 952 1243 γαρ
989 1175 1145 1228 δοκεῖ
1174 1172 1332 1228 τάδε·
1375 1195 1416 1228 ω
1457 1173 1690 1244 ἄριστοι,
1719 1175 1913 1246 φάναι,

224 1255 337 1306 τῶν
375 1253 566 1320 ξένων,
598 1248 755 1322 ἡμεῖς
789 1253 952 1323 ἐσμὲν
988 1257 1296 1327 τραγῳδίας
1331 1251 1489 1310 αὐτοὶ
1525 1257 1743 1326 ποιηταὶ
1778 1255 1917 1323 κατὰ

182 1378 189 1384 .
230 1331 473 1402 δύναμιν
492 1331 524 1388 ὅ
543 1354 594 1388 τι
613 1338 905 1405 καλλίστης
932 1333 1046 1405 ἅμα
1075 1337 1166 1409 καὶ
1194 1333 1442 1406 ἀρίστης·
1481 1341 1631 1392 πᾶσα
1660 1330 1767 1392 οὖν
1785 1335 1919 1408 ἡμῖν

132 1468 135 1471 .
224 1412 261 1487 ἡ
291 1420 535 1470 πολιτεία
555 1417 851 1486 ξυνέστηκε
869 1422 1092 1487 μίμησις
1119 1422 1221 1471 τοῦ
1249 1423 1545 1473 καλλίστου
1573 1420 1665 1474 καὶ
1689 1417 1919 1489 ἀρίστου

229 1501 377 1568 βίου,
390 1493 420 1552 ὃ
441 1495 511 1567 δή
530 1517 717 1566 φαμεν
733 1495 887 1568 ἡμεῖς
904 1519 968 1568 γε
987 1497 1162 1563 ὅντως
1181 1496 1322 1554 εἶναι
1340 1504 1652 1573 τραγῳδίαν
1669 1499 1772 1570 τὴν
1790 1497 1918 1570 άλη-

156 1580 160 1583 ”
228 1578 522 1649 θεστάτην.
562 1580 780 1649 ποιηταὶ
803 1581 906 1650 μὲν
938 1574 1046 1635 οὖν
1082 1578 1253 1651 ὑμεῖς,
1289 1583 1510 1652 ποιηταὶ
1546 1579 1606 1636 δὲ
1640 1583 1732 1636 καὶ
1766 1579 1923 1652 ἡμεῖς

231 1659 396 1732 ἐσμὲν
433 1666 547 1715 τῶν
578 1658 785 1731 αὐτῶν,
816 1658 949 1732 ὑμῖν
980 1660 1288 1732 ἀντίτεχνοί
1305 1683 1364 1718 τε
1397 1665 1490 1718 καὶ
1518 1661 1923 1734 ἀνταγωνισταὶ

230 1748 334 1800 τοῦ
353 1749 652 1798 καλλίστου
682 1742 975 1814 δράματος,
997 1740 1027 1799 ὃ
1048 1743 1116 1815 δὴ
1138 1743 1310 1815 νόμος
1337 1743 1553 1816 ἀληθὴς
1582 1745 1752 1816 μόνος
1780 1742 1921 1799 άπο-

175 1834 206 1876 C
235 1832 411 1880 τελεῖν
431 1826 698 1895 πέφυκεν,
714 1823 786 1890 ὡς
803 1824 837 1896 ἡ
853 1823 985 1893 παρ’
999 1824 1165 1899 ,ἡμῶν
1184 1829 1333 1882 ἐστὶν
1353 1828 1527 1892 ἐλπίς·
1548 1825 1622 1896 μὴ
1645 1825 1712 1898 δὴ
1731 1825 1923 1895 δόξητε

233 1904 376 1978 ἡμᾶς
392 1909 596 1978 ῥᾳδίως
618 1929 682 1977 γε
702 1905 880 1972 οὕτως
895 1904 1042 1978 ὑμᾶς
1059 1908 1189 1964 ποτε
1209 1907 1341 1978 παρ’
1365 1905 1498 1980 ἡμῖν
1511 1908 1696 1964 ἐάσειν
1715 1908 1924 1978 σκηνάς

234 2009 293 2043 τε
329 1987 606 2059 πήξαντας
642 1986 766 2044 κατ’
805 1987 1022 2061 οἷγοράν
1058 1992 1151 2046 καὶ
1195 1989 1584 2061 καλλιφώνους
1618 1986 1926 2059 ὑποκριτὰς

236 2075 718 2142 εἰσαγαγομένους,
750 2077 935 2142 μεῖζον
962 2076 1386 2144 φθεγγομένους
1407 2071 1584 2144 ἡμῶν,
1615 2072 1926 2142 ἐπιτρέψειν

236 2150 371 2222 ὑμῖν
406 2158 740 2225 δημηγορεῖν
773 2153 915 2226 πρὸς
951 2155 1150 2220 παῖδάς
1183 2176 1242 2210 τε
1278 2157 1370 2211 καὶ
1398 2165 1665 2225 γυναῖκας
1699 2155 1791 2209 καὶ
1825 2151 1928 2208 τὸν

237 2235 421 2291 πάντα
446 2235 630 2306 ὄχλον,
661 2243 774 2292 τῶν
811 2235 999 2293 αὐτῶν
1034 2240 1295 2314 λέγοντας
1323 2236 1772 2308 ἐπιτηδευμάτων
1801 2240 1928 2307 πέρι

237 2318 311 2389 μὴ
332 2317 399 2372 τὰ
431 2316 573 2373 αὐτὰ
599 2317 742 2390 ἅπερ
767 2318 936 2390 ἡμεῖς,
964 2318 1087 2375 ἀλλ’
1123 2318 1198 2385 ως
1226 2319 1286 2376 τὸ
1324 2318 1469 2375 πολὺ
1491 2322 1583 2374 καὶ
1608 2322 1831 2374 ἐναντία
1859 2317 1928 2372 τὰ

177 2417 214 2458 D
241 2406 482 2456 πλεῖστα.
515 2399 712 2470 σχεδὸν
730 2401 839 2470 γάρ
861 2408 958 2455 τοί
973 2397 1081 2455 κᾶν
1099 2407 1436 2470 μαινοίμεθα
1466 2403 1662 2463 τελέως
1689 2397 1842 2469 ἡμεῖς
1867 2419 1926 2452 τε

236 2484 331 2537 καὶ
351 2479 590 2552 ἅπασαὴ
613 2480 771 2546 πόλις
808 2480 930 2552 ἥτις
948 2476 1056 2538 οὖν
1082 2479 1216 2552 ὑμῖν
1240 2483 1519 2551 ἐπιτρέποι
1549 2483 1691 2553 δρᾷν
1719 2477 1785 2535 τοὶ
1816 2483 1928 2534 νῦν

242 2562 534 2634 λεγόμενα,
557 2564 689 2634 πρὶν
707 2583 892 2633 κριναι
913 2561 1008 2628 τὰς
1029 2562 1213 2636 άρχάς,
1233 2571 1341 2620 εἴτε
1368 2561 1505 2634 ῥητοὶ
1535 2564 1627 2618 καὶ
1647 2559 1928 2647 ἐπιτήδεια

243 2645 579 2717 πεποιήκατε
598 2648 782 2715 λέγειν
801 2650 878 2710 είς
905 2644 968 2701 τὸ
988 2648 1160 2717 μέσον
1188 2653 1294 2702 εἴτε
1320 2645 1395 2717 μή
1410 2668 1421 2679 ·
1460 2651 1570 2700 νῦν
1589 2638 1713 2715 οὖν,
1737 2646 1779 2699 ὦ
1799 2653 1929 2698 παῖ-

246 2731 336 2793 δες
357 2735 622 2799 μαλακῶν
639 2731 898 2785 Μουσῶν
915 2731 1153 2798 ἔκγονοι,
1173 2731 1534 2794 ἐπιδείξαντες
1553 2738 1667 2792 τοῖς
1694 2725 1931 2797 ἄρχουσι

245 2816 470 2882 πρῶτον
487 2810 584 2876 τὰς
603 2807 869 2883 ὑμετέρας
888 2809 1038 2883 παρὰ
1059 2809 1156 2875 τὰς
1173 2807 1437 2882 ἡμετέρας
1458 2808 1621 2884 ᾠδάς,
1641 2804 1714 2864 ἂν
1742 2811 1844 2880 μὲν
1861 2804 1929 2862 τὰ
