1976 3172
137 1295 224 1340 857

243 165 359 218 ‘280
863 160 1348 211 ΠΛΑΤΩΝΟΣ

254 298 558 369 πεμπέσθω
579 297 815 367 πατρίδα
833 296 925 350 καὶ
936 294 1101 350 πόλιν
1117 313 1133 325 “
1154 289 1308 357 οἷς“δ’
1329 288 1404 347 ἀν
1419 299 1534 348 τῶν
1548 300 1790 350 πολιτῶν
1809 298 1943 358 υἱεῖς

255 381 411 446 ὅντες
431 378 746 450 τυγχάνωσι
764 384 988 441 πλείους
1018 374 1160 446 ἑνός,
1181 373 1254 446 μὴ
1275 378 1502 430 ἔλαττον
1521 378 1652 430 δέκα
1671 381 1761 448 ἔτη
1782 397 1943 446 γεγο-

255 463 430 532 νότες,
452 466 733 533 κληρῶσαι
750 458 859 530 μὲν
869 459 1084 515 τούτων
1103 459 1253 528 δέκα,
1275 455 1374 523 οὓς
1392 456 1466 512 ὅίν
1485 455 1748 530 ἀποφήνῃ
1767 455 1945 528 πατὴρ

254 542 291 617 ἦ
314 545 538 609 πάππος
557 542 586 599 ὁ
614 543 755 614 πρὸς
789 540 998 612 πατρὸς
1025 537 1062 612 ἢ
1092 539 1312 612 μητρός,
1343 545 1458 595 τῶν
1487 539 1547 595 δὲ
1578 538 1861 610 λαχόντων
1878 537 1945 594 τά

254 625 499 697 ὀνόματα
510 629 587 689 εἰς
596 621 860 694 Δελφοὺς
871 624 1248 694 πεμφθέντων
1269 619 1337 678 ὂν
1351 643 1363 654 ·
1398 620 1453 675 δ’
1474 617 1547 676 ἄν
1563 618 1591 676 ὁ
1606 619 1740 687 θεὸς
1759 620 1944 692 ἀνέλῃ,

253 707 609 779 κληρονόμον
647 709 724 770 εἰς
752 703 854 761 τὸν
883 703 1041 761 οἶκον
1070 708 1407 774 καταστῆσαι
1435 702 1535 758 τὸν
1554 707 1667 758 τῶν
1689 701 1948 759 ἐκλιπόν-

254 810 367 844 των
385 788 524 858 τύχῃ
543 785 809 856 ἀμείνονι.

395 871 513 922 ΚΛ.
552 871 767 929 Καλῶς.
824 930 827 932 ,

400 953 519 1004 ΑΘ.
557 942 765 1010 Κοινός
785 943 838 1000 δ’
861 948 940 1000 ἔτι
957 948 1139 1016 τρίτος
1168 939 1245 1007 εἷς
1269 947 1408 998 ἔστω
1438 944 1610 1012 νόμος
1637 947 1762 1014 περὶ
1792 948 1949 999 δικα-

257 1036 403 1086 στῶν
427 1049 503 1098 τε,
525 1024 624 1092 οὓς
644 1030 732 1084 δεῖ
755 1026 996 1092 δικάζειν
1016 1022 1221 1093 αὐτοῖς,
1242 1025 1334 1079 καὶ
1354 1021 1383 1078 ὁ
1403 1023 1607 1094 τρόπος
1624 1029 1739 1079 τῶν
1759 1028 1947 1094 δικῶν,

256 1108 336 1177 οἷς
371 1108 444 1166 α“ν
481 1108 799 1181 προδόσεως
835 1112 1017 1164 αἰτίαν
1051 1108 1332 1178 ἐπιφέρων
1368 1127 1450 1171 τις
1486 1109 1561 1170 εἰς
1591 1105 1951 1176 δικαστήριον

256 1193 388 1265 ἄγῃ
426 1192 519 1247 καὶ
539 1196 714 1263 μονῆς
740 1189 1004 1255 ωσαύτως
1022 1189 1272 1260 ἐκγόνοις
1291 1189 1381 1244 καὶ
1412 1187 1608 1253 ἐξόδου
1626 1194 1722 1258 τῆς
1753 1193 1951 1256 πατρί-

259 1280 354 1341 δος
374 1273 450 1340 εἷς
478 1279 617 1331 ἔστω
639 1275 765 1343 περὶ
793 1278 967 1329 ταῦτα
996 1271 1167 1344 νόμος
1199 1263 1362 1337 οὗτος
1389 1275 1552 1343 τρισί,
1586 1270 1833 1341 προδότῃ
1860 1269 1954 1325 καὶ

258 1356 530 1432 ιεροσύλῳ
558 1359 651 1412 καὶ
667 1377 745 1429 τω
764 1376 899 1420 τους
915 1351 1013 1425 τῆς
1032 1353 1245 1418 πόλεως
1266 1352 1477 1451 νόμους
1506 1357 1601 1424 βίᾳ
1629 1348 1949 1407 ἀπολλύντι.

256 1440 460 1510 κλέπτῃ
481 1439 558 1508 δέ,
579 1437 677 1491 ἐάν
695 1457 754 1491 τε
773 1439 912 1507 μέγα
935 1435 1035 1490 ἐάν
1062 1455 1120 1490 τε
1155 1432 1392 1504 σμικρὸν
1417 1436 1622 1503 κλέπτῃ
1651 1453 1748 1502 τις,
1779 1427 1854 1496 εἷς
1879 1423 1953 1485 αὖ

260 1520 432 1590 νόμος
449 1522 660 1576 κείσθω
678 1519 772 1573 καὶ
790 1522 887 1587 μία
896 1519 1065 1589 §Cum
1083 1521 1316 1587 τιμωρία
1336 1513 1601 1585 ξύμπασι·
1634 1511 1696 1568 τὸ
1721 1515 1822 1583 μὲν
1842 1511 1951 1582 γὰρ

259 1598 471 1657 κλαπεν
493 1599 559 1670 δὴ
572 1619 753 1671 χρεων
767 1597 1062 1654 διπλάσιον
1073 1603 1296 1668 πρῶτον
1315 1598 1566 1662 ἐκτίνειν,
1587 1591 1684 1648 ἐαν
1704 1593 1855 1692 ὄφλῃ
1874 1615 1956 1657 τις

258 1680 363 1753 τὴν
382 1678 647 1751 τοιαύτην
665 1682 827 1751 δίκην
846 1682 938 1735 καὶ
959 1676 1208 1749 ῖκανην”
1178 1698 1272 1750 εχῃ
1287 1676 1392 1747 τὴν
1410 1675 1586 1746 ἀλλην
1605 1672 1803 1731 οὐσίαν
1824 1672 1953 1730 ἀπο-

260 1769 433 1821 τίνειν
452 1761 594 1834 ὑπερ
614 1759 714 1818 τὸν
725 1768 954 1833 κλῆρον,
969 1759 1068 1816 ἐὰν
1089 1759 1147 1815 δε
1161 1781 1254 1863 μη,
1276 1758 1589 1813 δεδέσθαι“
1557 1777 1660 1821 εως
1677 1752 1752 1812 ἂν
1771 1758 1956 1828 ἐκτίσῃ

200 1860 231 1900 Β
261 1869 294 1917 η
273 1842 478 1918 Ἃπείσῃ
495 1843 596 1900 τὸν
614 1844 1156 1914 καταδικασάμενον·
1177 1841 1277 1897 ἐὰν
1293 1843 1356 1896 δέ
1369 1862 1450 1905 τις
1470 1838 1619 1910 όφλῃ
1637 1845 1845 1908 κλοπῆς
1865 1843 1953 1909 δη-

259 1933 427 2000 μοσία
467 1930 645 1998 δίκην,
674 1930 866 1991 πείσας
900 1923 1004 1996 τὴν
1032 1923 1198 1979 πόλιν
1225 1918 1262 1993 ἢ
1285 1922 1352 1977 τὸ
1383 1922 1596 1992 κλέμμα
1623 1922 1838 1984 ἐκτίσας
1869 1923 1954 1974 δι-

260 2014 443 2066 πλοῦν
462 2007 899 2064 ἀπαλλαττέσθω
918 2013 1032 2063 τῶν
1055 2010 1291 2076 δεσμῶν.

400 2097 519 2150 ΚΛ.
559 2097 692 2156 Πῶς
728 2089 796 2163 δὴ
833 2093 1082 2162 λέγομεν,
1113 2082 1156 2144 ὦ
1186 2091 1325 2158 ξένε,
1358 2084 1530 2157 μηδὲν
1559 2089 1842 2157 διαφέρειν
1879 2091 1956 2157 τῷ

262 2176 551 2228 κλέπτοντι
571 2175 711 2243 μέγα
729 2170 767 2243 ἢ
785 2171 1022 2244 σμικρὸν
1034 2168 1361 2243 ὑφελομένω
1380 2171 1473 2224 καὶ
1485 2170 1539 2234 ἐξ
1554 2171 1722 2239 ἱερῶν
1738 2163 1956 2238 ἢὸσίων

262 2257 354 2310 καὶ
373 2252 476 2310 όσα
496 2253 635 2309 ἄλλα
656 2256 768 2310 ἐστὶ
781 2258 907 2322 περὶ
926 2252 1140 2324 κλοπὴν
1153 2259 1338 2308 πᾶσαν
1357 2249 1726 2322 ἀνομοιότητα
1745 2253 1954 2320 ἔχοντα,

264 2330 345 2400 οἷς
387 2339 476 2389 δεῖ
507 2339 775 2399 ποικίλοις
811 2339 974 2390 οὐσιν
1018 2337 1256 2390 ε’πεσθαι
1291 2333 1392 2389 τὸν
1429 2336 1746 2402 νομοθέτην
1783 2330 1956 2401 μηδεν

264 2414 480 2487 ὁμοίαις
498 2420 705 2486 ζημίαις
725 2419 1049 2485 ζημιοῦντα·
1036 2456 1051 2480 ,

407 2502 492 2552 lv.
528 2502 645 2553 ΛΘ.
662 2493 900 2566 ’Ἀριστᾎ
922 2517 964 2550 ω
986 2500 1230 2564 Κλεινία,
1260 2492 1461 2563 σχεδόν
1477 2497 1623 2562 τίμε
1642 2490 1829 2562 ω’σπερ
1851 2511 1954 2559 φε-

266 2578 507 2650 ρόμενον
524 2576 895 2650 ἀντικρούσας
907 2574 1218 2647 ἀνήγειρας,
1238 2572 1605 2644 ἐννενοηκότα
1625 2571 1685 2628 δὲ
1703 2574 1796 2627 καὶ
1814 2570 1955 2643 πρό-
1970 2582 1976 2584 ’

265 2681 430 2731 τερον
448 2657 782 2730 ὑπέμνησας,
815 2656 900 2713 ὅτι
927 2657 994 2713 τά
1018 2657 1142 2756 mo}
1164 2654 1268 2728 τὴν
1298 2677 1413 2711 των
1444 2653 1636 2727 νόμων
1664 2657 1827 2710 θέσιν
1853 2650 1955 2708 ού-

267 2744 383 2798 δενὶ
401 2742 591 2816 τρόπῳ
613 2740 834 2796 πώποτε
852 2743 1084 2810 γέγονεν
1102 2736 1291 2807 ὀρθῶς
1309 2739 1773 2809 διαπεπονημένα,
1798 2733 1872 2798 ω’ς
1892 2754 1972 2803 γε,

265 2828 326 2879 έν
362 2846 437 2879 τω
467 2830 578 2879 νῦν
615 2822 1077 2895 παραπεπτωκότι
1113 2823 1310 2891 λέγειν.
1350 2827 1465 2885 πῶς
1495 2817 1548 2874 δ’
1576 2841 1655 2874 αυ
1681 2841 1771 2874 και
1790 2820 1969 2872 τουτοἶ
