1976 3172
203 119 276 172 54
565 87 577 99 ³
822 121 994 169 ΠΛΑ
1011 122 1111 170 Tsz
1125 123 1233 186 Νρ
1245 126 1294 170 Σ

202 254 468 324 παράπαν
496 252 598 308 τὸν
633 255 765 308 νέον
801 251 1130 325 ἀπέχεσθαι·
1170 256 1574 326 τετταράκοντα
1601 257 1660 314 δὲ
1679 261 1893 330 έπιβαίἢ

203 356 374 391 νοντα
392 337 530 390 ἑτῶν
549 337 612 390 ἐν
631 346 744 400 τοῖς
763 339 1054 402 ξυσσιτίοις
1075 335 1438 409 εὐωχηθέντα
1456 347 1648 396 καλεῖν
1677 340 1809 405 τούς
1836 363 1894 396 τε

190 417 408 481 ἄλλους
437 414 612 483 θεοὺς
635 420 729 474 καὶ
758 419 825 490 δὴ
855 422 947 475 καὶ
982 420 1272 477 Διόνυσον
1304 430 1646 493 παρακαλεῖν
1681 427 1758 487 εἰς
1790 423 1895 495 τὴν

202 504 316 554 τῶν
333 504 663 570 πρεσβυτῶν
681 500 905 572 τελετὴν
923 500 1036 573 ἅμα
1055 504 1145 559 καὶ
1164 504 1409 575 παιδιάν,
1441 505 1514 577 ἣν
1533 516 1649 569 τοῖς
1664 502 1895 575 ἀνθρώ-

202 600 326 645 ποις
361 583 661 653 ἐπίκουρον
687 589 784 654 τῆς
804 590 908 639 τοῦ
927 585 1111 659 γήρως
1139 585 1550 660 αὐστηρότητος
1581 587 1895 659 ἐδωρήσατο

199 662 301 718 τὸν
321 660 478 718 οἶνον
510 663 826 735 φάρμακον,
860 663 999 721 ὥστ’,
1028 666 1248 741 άνηβᾷν
1278 667 1423 740 ἡμᾶς
1457 672 1550 726 καὶ
1581 674 1897 739 δυσθυμίας

199 743 386 815 λήθην
413 749 722 815 γίγνεσθαι,
743 748 1142 818 μαλακώτερόν
1171 756 1306 806 *τε*
1336 753 1399 805 ἐκ
1427 752 1803 821 σκληροτέρου
1829 751 1892 805 τὸ

141 835 172 876 C
203 830 299 897 τῆς
318 832 495 897 ψυχῆς
512 821 673 898 ἦθος,
693 829 952 902 καθάπερ
973 835 1049 895 εἰς
1065 837 1179 903 πῦρ
1211 837 1445 903 σίδηρον
1472 834 1788 901 ἐντεθέντα,
1811 852 1894 900 γικ

198 907 496 979 γνόμενον,
513 912 606 965 καὶ
619 908 796 975 οὕτως
813 907 1257 983 εὐπλαστότερον
1271 912 1445 980 εἷναι;
1463 917 1687 983 πρῶτον
1705 912 1807 983 μὲν
1827 910 1895 982 δὴ

201 992 474 1056 διατεθεὶς
493 989 672 1057 οὕτως
691 994 919 1057 ἕκαστος
953 987 1045 1061 ἆρ’
1079 993 1184 1049 οὐκ
1211 990 1283 1049 ὅίν
1315 997 1503 1050 ἐθέλοι
1535 996 1898 1065 προθυμότε-

197 1073 303 1141 ρόν
322 1094 403 1143 γε,
423 1065 591 1142 ἦττον
611 1072 1029 1143 αἰσχυνόμενος,
1063 1071 1168 1129 οὐκ
1201 1078 1262 1129 έν
1292 1082 1517 1140 πολλοῖς
1549 1074 1674 1130 ἀλλ’
1706 1079 1767 1131 ἐν
1797 1097 1898 1147 με-

196 1160 385 1225 τρίοις,
407 1155 499 1210 καὶ
518 1151 623 1209 οὐκ
639 1157 701 1208 ἐν
720 1151 1031 1233 άλλοτρίοις
1050 1152 1172 1214 ἀλλ’
1205 1157 1266 1211 ἐν
1285 1160 1522 1228 οἰκείοις,
1553 1156 1711 1230 ᾅδειν
1728 1179 1787 1213 τε
1805 1160 1896 1214 καὶ

198 1233 231 1290 ὃ
250 1236 517 1301 πολλάκις
542 1233 842 1307 εἰρήκαμεν
861 1235 1117 1309 ἐπάδειν;

337 1325 455 1375 ΚΛ.
494 1320 606 1375 Καὶ
626 1318 772 1374 πολύ
791 1340 869 1389 γε.

338 1407 457 1457 ΑΘ.
500 1405 720 1471 Εἰςμέν
741 1422 804 1471 γε
830 1401 891 1456 τὰ
914 1401 1185 1472 προάγειν
1203 1404 1398 1457 τοίνυν
1421 1399 1628 1467 αὐτοὺς
1653 1406 1895 1473 μετέχειν
1926 1403 1930 1407 ’

130 1497 166 1538 D
195 1481 329 1555 ἡμῖν
351 1482 498 1556 ςόδῆς
517 1477 682 1548 οὗτος
701 1481 730 1538 ὁ
762 1483 967 1553 τρόπος
997 1480 1104 1539 οὐκ
1139 1479 1212 1538 ἄν
1245 1484 1601 1540 παντάπασιν
1630 1482 1894 1556 ἀσχήμων

193 1571 456 1636 γίγνοιτο.

337 1654 455 1704 ΚΛ.
498 1647 788 1720 Οὐδαμῶς.
1914 1711 1923 1716 ,

336 1738 396 1788 Χ.
436 1737 553 1787 ΑΘ.
591 1735 774 1787 Ποίαν
797 1730 856 1786 δὲ
877 1729 1113 1803 ᾅσουσιν
1145 1732 1201 1785 oc
1228 1728 1430 1801 ἄνδρες
1459 1729 1660 1800 φωνὴν
1688 1726 1724 1801 ἦ
1752 1734 1885 1801 μοῦμ

197 1831 328 1880 σαν;
359 1812 395 1885 ἢ
416 1819 587 1886 δῆλον
607 1812 693 1869 ὅτι
713 1816 1039 1882 πρέπουσαν
1065 1810 1252 1877 αὑτοῖς
1283 1816 1372 1868 δεῖ
1393 1816 1459 1882 γέ
1477 1834 1632 1878 τινα;

338 1902 458 1951 ΚΛ.
487 1903 629 1961 κΠι-ὄς
643 1896 751 1966 γὰρ
773 1894 868 1962 οὔ;

339 1984 459 2034 ΑΘ.
504 1983 598 2043 Τίς
623 1974 698 2032 ἄν
725 1971 832 2034 οὖν
863 1981 1060 2049 πρέποι
1085 1981 1262 2042 θείοις
1290 1976 1596 2047 άνδράσιν;
1627 1969 1722 2044 ἆρ’
1756 1971 1828 2030 ἂν
1856 1970 1891 2045 ἡ

198 2069 313 2117 τῶν
329 2065 543 2132 χορῶνς

342 2150 461 2201 ΚΛ.
495 2141 678 2213 Ἱτῖμεῖς
697 2146 858 2212 γοῦν,
882 2135 927 2197 ὦ
948 2142 1084 2210 ξένε,
1105 2140 1196 2195 καὶ
1225 2143 1340 2195 οἵδε
1360 2137 1465 2195 οὐκ
1486 2138 1659 2210 ἄλλην
1677 2138 1749 2194 ἄν
1769 2160 1894 2195 τινα

200 2231 514 2296 δυναίμεθα
543 2222 696 2296 ςόδὴν
719 2221 756 2295 ἦ
783 2224 855 2295 ἣν
886 2227 948 2280 ἐν
979 2235 1091 2289 τοῖς
1113 2235 1298 2295 χοροῖς
1328 2223 1614 2294 ἐμάθομεν
1633 2222 1894 2293 ξυνήθεις

201 2308 361 2383 ᾄδειν
379 2306 687 2387 γενόμενοι.

341 2397 460 2446 ΑΘ.
498 2390 744 2454 Εἰκότως
760 2409 846 2458 γε·
887 2387 1062 2453 ὅντως
1080 2386 1188 2458 γὰρ
1210 2385 1316 2442 οὐκ
1345 2386 1607 2457 ἐπήβολοι
1626 2383 1892 2455 γεγόνατε

146 2478 309 2544 Ετῆς
349 2477 642 2543 καλλίστης
672 2469 830 2546 ωδῆς.
880 2472 1258 2542 στρατοπέδου
1282 2468 1393 2540 γὰρ
1418 2471 1698 2523 πολιτείαν
1727 2470 1892 2535 ἔχετε,

205 2554 330 2612 ἀλλ’
350 2556 455 2611 οὐκ
475 2558 536 2612 ἐν
555 2553 744 2610 άστεσι
762 2553 1183 2627 κατωκηκότων,
1205 2549 1328 2607 ἀλλ’
1365 2545 1484 2605 οἷον
1503 2548 1766 2619 ἀθρόους
1771 2545 1888 2601 2:05-

204 2648 336 2703 λους
347 2640 410 2694 ἐν
428 2634 596 2709 ἀγέλῃ
614 2641 952 2709 νεμομένους
967 2635 1256 2708 φορβάδας
1273 2655 1404 2699 τους
1422 2636 1584 2697 νέους
1600 2634 1896 2701 κέκτησθε·

205 2719 396 2794 λαβων
415 2723 476 2776 δὲ
504 2717 666 2792 ὑμων
701 2718 884 2785 ουδεὶς
911 2717 1014 2775 τὸν
1043 2716 1239 2789 αυτοῦ,
1269 2738 1418 2787 παρα
1448 2721 1560 2771 τῶν
1597 2711 1892 2782 ξυννόμων

209 2804 424 2869 σπάσας
442 2802 665 2875 σφόδρα
682 2800 1040 2874 ἀγριαίνοντα
1070 2802 1161 2857 καὶ
1174 2798 1633 2872 ἀγανακτοῦντα,
1655 2791 1892 2871 ἱπποκό-
