1976 3172
792 58 1187 137 PRAEFATIO.
1808 103 1887 134 xx1

86 213 249 267 percipi
279 211 499 259 dicuntur,
525 218 636 261 quae
658 202 1072 258 sententia-articulo
1098 202 1244 243 addito
1274 215 1353 256 pro
1380 204 1581 244 universo
1610 202 1775 245 finitum
1801 218 1890 247 am·

87 272 222 312 bitum
254 270 481 323 acciperet.
501 285 561 298 -
580 262 629 307 Ρ.
658 261 743 304 ml
767 261 803 302 E
828 253 1147 314 ὁμολογοῦμεν
1171 258 1302 313 VBS,
1328 256 1519 313 λέγομεν
1551 262 1585 302 Τ
1613 273 1709 302 cum
1736 264 1888 316 paucis

85 328 224 376 libris,
264 326 446 367 Eusebio
482 330 624 364 tamen
660 318 944 373 astipulante,
981 324 1031 358 ut
1066 323 1255 358 veterem
1297 330 1483 358 errorem
1526 330 1621 359 esse
1658 327 1886 374 appareatg

87 398 212 438 quem
239 393 287 426 nt
313 382 576 435 explicemus
603 377 720 419 haud
755 377 844 418 scio
876 388 931 417 an
959 375 1152 417 vicissim
1182 375 1435 416 antecedens
1468 368 1712 429 ὁμολογεῖν
1747 378 1792 418 in
1819 375 1889 420 λέ-

86 454 186 494 γειν
216 439 463 483 mutandum
492 438 573 486 sit3
612 446 855 488 quanquam
883 435 927 475 in
958 445 1005 475 re
1033 433 1237 486 ambigua
1266 433 1436 474 codices
1467 445 1616 486 presse
1645 437 1767 487 sequi
1798 448 1890 477 ma-

86 501 159 541 lui.
186 521 247 531 —
271 498 318 539 P.
349 495 438 538 902
464 495 505 535 Α
529 494 687 534 ποιεῖν
713 493 793 534 etsi
819 493 984 546 passim
1014 492 1082 536 sic,
1103 490 1224 532 alteri
1248 491 1378 531 verbo
1402 491 1703 544 praemittitur,
1733 500 1779 533 ut
1806 493 1889 535 hoc

88 558 288 609 deinceps
314 566 395 608 per
423 553 735 607 appositionem
766 550 982 602 quandam
1008 548 1204 601 accedat,
1231 548 1278 589 id
1304 550 1447 602 ipsum
1473 555 1617 589 tamen
1647 550 1748 600 quia
1777 563 1890 593 nunc

84 607 143 654 οὕ
167 612 326 653 ποιεῖν
353 617 444 664 est,
471 610 579 651 illud
606 608 828 662 interpreti
855 609 997 663 potius
1026 607 1190 656 tribuo,
1222 606 1341 647 cuins
1372 607 1639 660 impatientia
1659 606 1784 648 finem
1815 621 1890 661 pe-

84 671 196 712 riodi
226 675 475 723 exspectare
504 667 658 718 nollet3
691 668 835 718 itaque
866 665 1192 718 circumscripsi.
1224 686 1284 694 —
1312 664 1358 704 P.
1392 663 1481 706 903
1506 665 1546 705 Α
1572 661 1804 718 δοκοῦμεν
1837 663 1889 707 δέ

82 739 223 781 μοι..
245 759 255 770 .
277 724 408 768 θεῶν
435 727 488 767 ab
516 724 777 767 Atheniense
801 724 858 764 ad
883 722 1043 764 Cliniae
1073 724 1305 764 orationem
1335 722 1555 774 transtuli,
1588 721 1652 763 illi
1676 735 1778 765 vero
1809 719 1891 764 ναὶ

83 786 206 836 dedi,
239 787 341 839 qnia
369 783 475 826 nihil
501 784 810 837 interrogatum
840 788 929 832 est,
968 781 1083 834 quod
1115 782 1178 821 sic
1207 780 1460 834 simpliciter
1489 779 1648 822 Clinias
1681 780 1888 830 affirmet3

87 856 200 885 nunc
229 850 365 884 totum
395 854 635 883 sermonem
664 840 853 894 vividius
884 839 1120 893 procedere
1150 839 1347 881 arbitror.
1379 837 1439 870 —'·
1467 839 1515 880 P.
1549 837 1636 881 903
1668 837 1701 879 C
1726 831 1791 886 ὥς
1819 834 1891 892 γε’-

81 911 210 949 νεσις
234 899 366 953 VBS,
397 893 431 953 ἠ
460 895 638 952 γένεσις
664 891 732 945 ὥς
759 897 794 938 Τ
822 910 876 939 ex
904 898 1032 938 unius
1062 895 1109 937 a
1135 897 1351 950 margine,
1392 898 1517 964 cujus
1551 897 1763 962 retinendi
1787 909 1890 963 cau:

81 971 175 1001 tam
206 970 290 1001 non
322 959 461 1012 magis
493 958 713 1007 videbun,
749 968 881 1009 quam
919 967 964 1010 p.
998 954 1086 997 904
1115 955 1156 995 Α
1183 951 1420 1008 πλήθεσιν
1452 946 1600 1006 απορ’
1626 966 1689 995 αν
1718 953 1794 1008 εἴη
1830 967 1889 995 τα

79 1015 166 1071 τῆς
184 1011 552 1070 μετατιθεμένης
570 1010 866 1082 τιοσξήσεως,
884 1014 960 1055 ubi
983 1020 1024 1054 et
1042 1013 1244 1054 librorum
1265 1014 1453 1054 omnium
1474 1012 1698 1054 lectionem
1717 1005 1891 1064 ἄπειρα

82 1086 180 1117 cum
199 1073 306 1116 VBS
334 1075 534 1116 revocavi
559 1082 601 1114 et
624 1085 682 1114 τα
710 1073 763 1113 ab
790 1072 912 1113 Aetio
935 1071 1107 1112 demum
1130 1072 1425 1126 interpositum
1451 1071 1662 1125 expunxi,
1691 1073 1793 1123 quia
1816 1084 1890 1126 ge·

84 1132 205 1173 nitivi
233 1131 366 1172 multo
393 1133 536 1184 aptius
564 1143 592 1171 a
619 1122 827 1181 πλήθεσι
856 1129 1188 1183 suspenduntur.
1235 1130 1284 1169 In
1313 1130 1588 1182 sequentibus
1620 1130 1793 1170 demum
1823 1141 1891 1170 re-

84 1190 197 1230 lictis
227 1189 359 1229 libris·
375 1183 429 1228 τὸ
454 1195 552 1229 ante
579 1184 831 1240 γενόμενον
863 1188 956 1239 ipse
979 1187 1161 1235 inserui,
1194 1188 1294 1239 quia
1314 1188 1379 1227 sic
1403 1193 1568 1227 tantum
1595 1186 1677 1228 hoc
1706 1188 1890 1241 subjecti

82 1246 176 1287 loco
206 1245 354 1285 haberi
383 1251 549 1297 potest,
613 1244 872 1284 medicativa
903 1249 1045 1283 autem
1072 1245 1326 1285 constructio
1356 1242 1568 1297 pluralem
1597 1244 1796 1298 flagitare
1823 1245 1890 1286 vi·

0 1338 1 1344 ,
81 1303 230 1350 detur,
271 1312 351 1342 nec
385 1313 431 1355 p.
459 1299 547 1342 904
638 1292 809 1339 ἐλάττω
845 1300 1191 1341 circumscribere
1222 1313 1319 1341 cum
1355 1303 1478 1342 Astio
1518 1302 1732 1351 dubitavi,
1773 1302 1889 1355 quod

81 1358 308 1401 manifesto
338 1356 599 1412 glossemate
627 1357 684 1398 ad
707 1358 912 1398 rariorem
932 1356 1116 1397 formam
1138 1350 1418 1411 σμικρότερα
1448 1359 1712 1413 adscriptum
1731 1367 1811 1400 est.
1829 1382 1890 1391 —

80 1417 126 1458 P.
154 1415 243 1459 904
271 1417 308 1457 E
336 1412 418 1457 ιιιιὶ
445 1415 604 1457 ποιεῖν
633 1428 732 1457 cum
764 1414 883 1456 libris
910 1413 1106 1455 transtuli
1135 1421 1233 1468 post
1260 1417 1567 1471 προσφερεῖς,
1598 1429 1731 1469 quum
1758 1417 1888 1471 vulgo

79 1481 180 1530 post
208 1466 408 1528 πάσχειν
434 1473 624 1529 positum
650 1479 785 1523 esset,
819 1473 944 1514 credo
978 1473 1079 1524 quia
1108 1483 1293 1524 sequens
1320 1470 1442 1530 δρᾷν
1473 1474 1529 1515 ad
1556 1476 1715 1516 ποιεῖν
1744 1476 1890 1529 potius

79 1532 348 1574 referendum
373 1533 609 1583 videretur3
636 1539 681 1573 at
704 1538 795 1572 tum
818 1531 961 1585 ipsum
985 1530 1144 1571 ποιεῖν
1173 1532 1410 1573 iterandum
1435 1539 1538 1582 erat,
1559 1545 1672 1574 nunc
1691 1533 1890 1587 πάσχειν

81 1597 125 1631 et
162 1586 284 1647 δρᾷν
327 1589 605 1633 cori-elatione
637 1591 879 1644 junguntur
911 1595 960 1630 ut
997 1588 1180 1630 Phaedr.
1224 1587 1261 1630 c.
1297 1589 1378 1640 55,
1419 1589 1527 1632 Tim.
1561 1605 1596 1632 c.
1631 1593 1658 1634 7
1692 1599 1798 1633 extr.
1830 1612 1889 1623 —

82 1647 129 1692 Ρ.
153 1646 242 1691 905
266 1650 305 1689 Α
336 1642 403 1702 8,
437 1649 540 1702 quia
566 1654 820 1690 structuram
849 1648 1012 1698 turbat,
1040 1659 1138 1688 cum
1169 1645 1320 1691 Stallb.
1354 1649 1683 1704 circumscripsi,
1717 1650 1889 1691 eodem-

81 1717 165 1758 que
195 1714 371 1754 auctore
400 1718 446 1775 p.
484 1705 572 1749 905
603 1705 636 1748 G
670 1707 838 1748 restitui
869 1697 979 1747 οὐδὲ
1012 1697 1154 1758 λόγον
1186 1717 1265 1760 pro
1299 1699 1411 1747 οὐδ’
1444 1696 1506 1748 ἂν
1540 1702 1708 1761 λόγους
1748 1714 1790 1749 et
1826 1695 1890 1747 αὖ

79 1756 227 1810 θεοὺς
258 1775 335 1818 pro
364 1757 557 1814 αυτούς,
591 1776 702 1816 quae
735 1763 808 1806 hic
836 1775 1006 1817 quoque
1033 1762 1133 1804 Tur.
1164 1776 1219 1805 ex
1250 1777 1386 1820 marg.
1419 1763 1466 1806 Ω
1501 1767 1593 1807 sine
1622 1766 1710 1807 ulla
1739 1778 1888 1808 neces-

79 1820 204 1862 titate
233 1829 503 1877 receperunt:
533 1822 706 1864 mallem
736 1814 763 1862 ὁ
793 1829 890 1863 ante
918 1813 1035 1868 θεὸς
1060 1833 1156 1888 pum
1182 1821 1277 1863 Par.
1311 1825 1590 1877 abjecissent,
1622 1824 1735 1877 quod
1761 1825 1887 1865 etiam

78 1876 144 1922 BS
169 1880 398 1923 retinuisse
414 1882 559 1931 miror,
584 1893 716 1933 quum
736 1880 867 1922 iidem
890 1892 991 1921 mox
1016 1891 1078 1919 αυ
1100 1873 1247 1927 θεοὺς
1267 1893 1347 1935 pro
1370 1881 1491 1936 vulg.
1513 1870 1575 1922 αὖ
1597 1876 1709 1930 τοὺς
1740 1875 1888 1929 θεοὺς

80 1936 347 1991 scripserint.
387 1931 510 1981 Θεὸν
539 1940 811 1993 propriorum
833 1939 931 1992 Jure
959 1937 1043 1979 frui
1075 1945 1260 1986 constat,
1291 1938 1568 1980 nihilominus
1598 1939 1760 1981 librarii
1788 1951 1888 1994 pas-

79 1994 164 2035 sim
193 1995 418 2038 articulum
446 1995 727 2051 addiderunt,
749 2003 796 2037 ut
820 1996 983 2039 Phaed.
1004 2007 1050 2049 p,
1075 1995 1132 2038 62
1153 1995 1199 2037 G.
1230 1995 1404 2037 Cautior
1424 1996 1574 2042 Stallb.
1600 2010 1700 2039 mox
1725 2009 1771 2050 p.
1799 1997 1886 2040 905

81 2050 118 2092 B
144 2042 253 2091 ἄλλ’
278 2044 374 2105 ἄρα
404 2066 487 2108 pro
527 2045 635 2095 ἀλλ’
662 2042 760 2106 ἆρα
799 2055 996 2107 scripsit,
1037 2054 1154 2106 quod
1191 2055 1380 2107 reposito
1413 2053 1505 2096 τίσι
1531 2068 1615 2110 *pro
1645 2051 1740 2096 τισὶ
1773 2061 1887 2096 stare

82 2107 267 2161 ampliu·
289 2121 374 2152 nou
399 2118 589 2164 poterat,
617 2111 817 2163 idemque
835 2123 882 2164 p.
906 2110 995 2152 906
1017 2109 1051 2151 Β
1076 2109 1236 2163 λῆμμα
1260 2112 1458 2161 retinuit,
1480 2114 1596 2165 quod
1619 2114 1761 2154 Turic.
1788 2125 1885 2154 cum

83 2165 206 2206 Attio
246 2166 292 2207 in
326 2164 454 2220 λῆμα
484 2174 721 2218 mutarum,
759 2167 918 2211 blanda
947 2167 1113 2222 specie,
1156 2169 1234 2211 sed
1262 2181 1345 2210 usu
1377 2182 1402 2210 a
1431 2169 1620 2224 pedestri
1647 2171 1885 2213 Atticorum

81 2233 277 2266 sermone
299 2222 439 2267 alieno
470 2238 548 2267 nec
577 2226 788 2267 sententia
816 2234 939 2279 apta,
967 2226 1004 2266 si
1030 2226 1201 2278 quidem
1228 2227 1503 2281 peculiariter
1526 2241 1638 2270 nunc
1669 2229 1722 2271 de
1750 2228 1884 2270 πλεο-

81 2275 215 2336 νεξίᾳ
244 2281 411 2336 agitur,
441 2284 563 2337 anus
587 2284 755 2324 veniam
789 2283 890 2324 mali
916 2295 942 2323 a
969 2283 1053 2324 diis
1085 2290 1282 2338 sperant,
1313 2274 1374 2326 ἄν
1405 2276 1567 2334 αὐτοῖς
1596 2285 1691 2328 τῶν
1719 2281 1884 2339 ἀδικη-

78 2331 240 2390 μάτων
263 2348 337 2389 τις
362 2333 604 2395 damian.-
635 2338 717 2382 hoc
751 2340 883 2395 igitur
911 2342 1052 2395 ipsum
1084 2349 1148 2383 est
1182 2342 1387 2396 iujustum
1424 2343 1613 2397 lucrum,
1644 2346 1760 2398 quod
1790 2347 1883 2386 ani-

80 2405 174 2437 mae
201 2394 301 2439 illae
325 2398 547 2452 possidere
574 2398 783 2440 dicuntur.
845 2399 893 2440 In
925 2398 1013 2440 illis
1043 2400 1214 2442 demum
1243 2413 1353 2453 quae
1381 2404 1508 2446 modo
1540 2403 1710 2445 laudavi
1740 2404 1882 2445 verbis

85 2461 130 2506 p·
157 2450 247 2498 ⁹⁰0
276 2454 312 2496 D
337 2455 406 2497 vel
436 2464 583 2498 contra
607 2455 737 2498 libros
762 2449 808 2497 εἰ
834 2462 932 2511 post
960 2451 1183 2514 καθάπερ
1206 2460 1475 2502 inserendum
1501 2462 1631 2513 duxi,
1666 2462 1765 2515 quia
1799 2461 1881 2502 hoc

83 2506 219 2552 sot-n
258 2515 494 2568 optativum
531 2527 577 2556 re
611 2526 683 2555 ere
716 2526 802 2557 non
836 2527 966 2569 posse
1009 2516 1254 2567 videbatur3
1297 2519 1446 2561 eodem
1482 2521 1614 2575 igitur
1648 2522 1881 2575 jure›usus

84 2576 206 2618 eum,
258 2581 316 2612 uo
340 2573 490 2614 Aetius
515 2579 558 2614 et
579 2526 920 2637 {figelsbacpius
942 2574 1118 2617 Emend.
1147 2587 1192 2630 p.
1216 2576 1242 2617 7
1264 2579 1463 2631 superius
1488 2590 1532 2632 p.
1562 2577 1648 2621 892
1668 2578 1703 2619 D
1730 2569 1882 2618 καθά·

85 2633 174 2675 810
270 2629 539 2671 scribendum
577 2642 672 2672 esse
701 2632 993 2685 conjecerunt,
1021 2633 1104 2674 nisi
1139 2633 1254 2686 qnod
1289 2633 1409 2677 illum
1436 2636 1575 2678 locum
1604 2636 1770 2677 medela
1798 2644 1885 2675 noir

87 2692 215 2734 egere
244 2682 438 2729 arbitror.
477 2708 532 2719 -
573 2688 621 2730 P.
654 2686 741 2732 907
771 2688 804 2731 G
832 2684 1099 2732 κινδυνεύει
1130 2703 1233 2740 πως
1266 2692 1401 2743 VBS,
1432 2691 1557 2739 κινδ.
1590 2693 1682 2743 πᾶς
1709 2693 1808 2737 Tur.
1840 2705 1878 2733 c.

83 2738 196 2786 ΡΝ..
229 2751 355 2792 quem
380 2751 520 2787 tamen
549 2757 661 2788 nunc
684 2747 949 2800 sequendum
975 2762 1059 2791 non
1088 2751 1226 2805 magis
1260 2751 1483 2802 existimo,
1517 2765 1642 2805 quem
1668 2752 1748 2804 ipsi
1777 2750 1878 2791 Tur.

86 2795 213 2860 moglo
246 2800 289 2838 in
320 2796 497 2851 lectione
524 2794 675 2857 λόγων
706 2817 785 2859 pro
815 2796 841 2845 ὁ
865 2797 1000 2859 λόγος
1028 2808 1162 2849 secuti
1194 2815 1308 2857 sunt;
1341 2810 1408 2850 vis
1435 2811 1548 2851 enim
1578 2809 1811 2850 sententiae
1837 2809 1905 2848 in·

84 2863 259 2907 ταυτησ
286 2858 411 2910 inest,
441 2869 551 2911 quae
574 2863 811 2915 praemisso
839 2860 934 2913 πᾶς
962 2866 1082 2917 qussi
1097 2865 1313 2910 dividitur.
1333 2866 1451 2908 -Ρ,
1469 2865 1554 2909 907
1573 2867 1606 2908 Ε
1632 2859 1687 2907 ἓν
1705 2857 1881 2921 ἑκάστῳ
