<?xml version="1.0" encoding="UTF-8"?>
<!DOCTYPE html PUBLIC "-//W3C//DTD XHTML 1.0 Transitional//EN"
    "http://www.w3.org/TR/xhtml1/DTD/xhtml1-transitional.dtd">
<html xmlns="http://www.w3.org/1999/xhtml" xml:lang="en" lang="en">
 <head>
  <title>
</title>
<meta http-equiv="Content-Type" content="text/html;charset=utf-8" />
  <meta name='ocr-system' content='tesseract 3.04.00' />
  <meta name='ocr-capabilities' content='ocr_page ocr_carea ocr_par ocr_line ocrx_word'/>
</head>
<body>
  <div class='ocr_page' id='page_1' title='image "./dialogisecumdumt05platuoft_0280.png"; bbox 0 0 1976 3172; ppageno 0'>
   <div class='ocr_carea' id='block_1_1' title="bbox 238 136 1318 192">
    <p class='ocr_par' dir='ltr' id='par_1_1' title="bbox 238 136 1318 192">
     <span class='ocr_line' id='line_1_1' title="bbox 238 136 1318 192; baseline -0.001 -1"><span class='ocrx_word' id='word_1_1' title='bbox 238 136 345 192; x_wconf 74' lang='grc'><em>248</em></span> <span class='ocrx_word' id='word_1_2' title='bbox 779 178 782 181; x_wconf 81' lang='lat'><em>-</em></span> <span class='ocrx_word' id='word_1_3' title='bbox 841 141 1318 190; x_wconf 73' lang='grc' dir='ltr'><em>ΠΛΑΤΩΝΟΣ</em></span> 
     </span>
    </p>
   </div>
   <div class='ocr_carea' id='block_1_2' title="bbox 121 270 1976 2889">
    <p class='ocr_par' dir='ltr' id='par_1_2' title="bbox 241 270 1925 354">
     <span class='ocr_line' id='line_1_2' title="bbox 241 270 1925 354; baseline 0.005 -24"><span class='ocrx_word' id='word_1_4' title='bbox 241 274 415 339; x_wconf 83' lang='grc' dir='ltr'><em>καλὰς</em></span> <span class='ocrx_word' id='word_1_5' title='bbox 438 273 552 345; x_wconf 78' lang='grc' dir='ltr'><em>ἅμα</em></span> <span class='ocrx_word' id='word_1_6' title='bbox 570 279 813 342; x_wconf 85' lang='grc' dir='ltr'><em>θυσίαις,</em></span> <span class='ocrx_word' id='word_1_7' title='bbox 827 272 984 339; x_wconf 75' lang='grc' dir='ltr'><em>ὅπως</em></span> <span class='ocrx_word' id='word_1_8' title='bbox 1011 270 1084 329; x_wconf 72' lang='grc' dir='ltr'><em>ἂν</em></span> <span class='ocrx_word' id='word_1_9' title='bbox 1110 280 1412 345; x_wconf 87' lang='grc' dir='ltr'><em>γίγνωνται</em></span> <span class='ocrx_word' id='word_1_10' title='bbox 1434 278 1600 348; x_wconf 87' lang='grc' dir='ltr'><em>μάχαι</em></span> <span class='ocrx_word' id='word_1_11' title='bbox 1626 281 1771 346; x_wconf 79' lang='grc' dir='ltr'><em>τινὲς</em></span> <span class='ocrx_word' id='word_1_12' title='bbox 1801 283 1925 354; x_wconf 78' lang='grc' dir='ltr'><em>ἑορ-</em></span> 
     </span>
    </p>

    <p class='ocr_par' dir='ltr' id='par_1_3' title="bbox 178 355 1930 674">
     <span class='ocr_line' id='line_1_3' title="bbox 178 355 1925 455; baseline 0.005 -44"><span class='ocrx_word' id='word_1_13' title='bbox 178 369 210 411; x_wconf 85' lang='lat' dir='ltr'>c</span> <span class='ocrx_word' id='word_1_14' title='bbox 238 361 507 426; x_wconf 89' lang='grc' dir='ltr'><em>ταστικαί,</em></span> <span class='ocrx_word' id='word_1_15' title='bbox 521 355 859 455; x_wconf 83' lang='grc' dir='ltr'><em>μιμούμεναι</em></span> <span class='ocrx_word' id='word_1_16' title='bbox 871 356 968 422; x_wconf 81' lang='grc' dir='ltr'><em>τὰς</em></span> <span class='ocrx_word' id='word_1_17' title='bbox 986 355 1338 427; x_wconf 72' lang='grc' dir='ltr'><em>πολεμικάς”’</em></span> <span class='ocrx_word' id='word_1_18' title='bbox 1306 380 1334 412; x_wconf 91' lang='grc' dir='ltr'><em>ο</em></span> <span class='ocrx_word' id='word_1_19' title='bbox 1357 380 1409 413; x_wconf 92' lang='grc' dir='ltr'><em>τι</em></span> <span class='ocrx_word' id='word_1_20' title='bbox 1424 359 1661 429; x_wconf 85' lang='grc' dir='ltr'><em>μάλιστα</em></span> <span class='ocrx_word' id='word_1_21' title='bbox 1681 364 1925 434; x_wconf 77' lang='grc' dir='ltr'><em>ἐναργῶς</em></span> 
     </span>
     <span class='ocr_line' id='line_1_4' title="bbox 239 436 1976 537; baseline 0.006 -45"><span class='ocrx_word' id='word_1_22' title='bbox 239 437 447 509; x_wconf 52' lang='grc' dir='ltr'><em>μάχας(</em></span> <span class='ocrx_word' id='word_1_23' title='bbox 484 437 778 509; x_wconf 79' lang='grc' dir='ltr'><em>νικητήρια</em></span> <span class='ocrx_word' id='word_1_24' title='bbox 810 437 872 493; x_wconf 70' lang='grc' dir='ltr'><em>δὲ</em></span> <span class='ocrx_word' id='word_1_25' title='bbox 899 439 990 494; x_wconf 85' lang='grc' dir='ltr'><em>καὶ</em></span> <span class='ocrx_word' id='word_1_26' title='bbox 1019 436 1264 537; x_wconf 86' lang='grc' dir='ltr'><em>ἀριστεῖα</em></span> <span class='ocrx_word' id='word_1_27' title='bbox 1297 439 1573 498; x_wconf 78' lang='grc' dir='ltr'><em>ἑκάστοισι</em></span> <span class='ocrx_word' id='word_1_28' title='bbox 1599 444 1816 500; x_wconf 85' lang='grc' dir='ltr'><em>τούτων</em></span> <span class='ocrx_word' id='word_1_29' title='bbox 1843 447 1976 502; x_wconf 88' lang='grc' dir='ltr'><em>δεῖ</em></span> 
     </span>
     <span class='ocr_line' id='line_1_5' title="bbox 240 515 1971 596; baseline 0.004 -20"><span class='ocrx_word' id='word_1_30' title='bbox 240 515 790 590; x_wconf 55' lang='lat' dir='ltr'><em>Btavs&#39;ffietstyuco&#39;moi</em></span> <span class='ocrx_word' id='word_1_31' title='bbox 811 541 869 575; x_wconf 88' lang='grc' dir='ltr'><em>τε</em></span> <span class='ocrx_word' id='word_1_32' title='bbox 891 521 983 576; x_wconf 82' lang='grc' dir='ltr'><em>καὶ</em></span> <span class='ocrx_word' id='word_1_33' title='bbox 1001 519 1212 590; x_wconf 84' lang='grc' dir='ltr'><em>ψόγους</em></span> <span class='ocrx_word' id='word_1_34' title='bbox 1235 534 1414 578; x_wconf 79' lang='grc' dir='ltr'><em>ποιεῖν</em></span> <span class='ocrx_word' id='word_1_35' title='bbox 1435 521 1710 596; x_wconf 86' lang='grc' dir='ltr'><em>ἀλλήλοις,</em></span> <span class='ocrx_word' id='word_1_36' title='bbox 1737 525 1971 593; x_wconf 89' lang='grc' dir='ltr'><em>ὁποῖός</em></span> 
     </span>
     <span class='ocr_line' id='line_1_6' title="bbox 237 601 1924 674; baseline 0.006 -19"><span class='ocrx_word' id='word_1_37' title='bbox 237 621 319 665; x_wconf 88' lang='grc' dir='ltr'><em>τις</em></span> <span class='ocrx_word' id='word_1_38' title='bbox 337 623 411 656; x_wconf 91' lang='grc' dir='ltr'><em>αν</em></span> <span class='ocrx_word' id='word_1_39' title='bbox 430 602 658 665; x_wconf 79' lang='grc' dir='ltr'><em>ἕκαστος</em></span> <span class='ocrx_word' id='word_1_40' title='bbox 673 606 927 672; x_wconf 87' lang='grc' dir='ltr'><em>γίγνηται</em></span> <span class='ocrx_word' id='word_1_41' title='bbox 945 602 1087 658; x_wconf 87' lang='grc' dir='ltr'><em>κατά</em></span> <span class='ocrx_word' id='word_1_42' title='bbox 1113 622 1173 658; x_wconf 89' lang='grc' dir='ltr'><em>τε</em></span> <span class='ocrx_word' id='word_1_43' title='bbox 1191 601 1323 669; x_wconf 79' lang='grc' dir='ltr'><em>τούς</em></span> <span class='ocrx_word' id='word_1_44' title='bbox 1342 604 1563 674; x_wconf 88' lang='grc' dir='ltr'><em>ἀγωνας</em></span> <span class='ocrx_word' id='word_1_45' title='bbox 1593 609 1655 663; x_wconf 83' lang='grc' dir='ltr'><em>ἐν</em></span> <span class='ocrx_word' id='word_1_46' title='bbox 1673 616 1841 664; x_wconf 89' lang='grc' dir='ltr'><em>παντί</em></span> <span class='ocrx_word' id='word_1_47' title='bbox 1865 628 1924 664; x_wconf 85' lang='grc' dir='ltr'><em>τε</em></span> 
     </span>
    </p>

    <p class='ocr_par' dir='ltr' id='par_1_4' title="bbox 121 675 1976 2889">
     <span class='ocr_line' id='line_1_7' title="bbox 157 675 1976 759; baseline 0.006 -23"><span class='ocrx_word' id='word_1_48' title='bbox 157 718 159 720; x_wconf 91' lang='grc'>-</span> <span class='ocrx_word' id='word_1_49' title='bbox 237 675 314 737; x_wconf 79' lang='grc' dir='ltr'><em>αὖ</em></span> <span class='ocrx_word' id='word_1_50' title='bbox 331 689 411 755; x_wconf 74' lang='grc' dir='ltr'><em>τῷ</em></span> <span class='ocrx_word' id='word_1_51' title='bbox 428 687 550 757; x_wconf 77' lang='grc' dir='ltr'><em>βίω,</em></span> <span class='ocrx_word' id='word_1_52' title='bbox 563 683 664 739; x_wconf 90' lang='grc' dir='ltr'><em>τόν</em></span> <span class='ocrx_word' id='word_1_53' title='bbox 683 704 741 738; x_wconf 90' lang='grc' dir='ltr'><em>τε</em></span> <span class='ocrx_word' id='word_1_54' title='bbox 761 682 989 752; x_wconf 89' lang='grc' dir='ltr'><em>άριστον</em></span> <span class='ocrx_word' id='word_1_55' title='bbox 1009 688 1284 740; x_wconf 88' lang='grc' dir='ltr'><em>δοκοῦντα</em></span> <span class='ocrx_word' id='word_1_56' title='bbox 1307 685 1447 741; x_wconf 83' lang='grc' dir='ltr'><em>εἶναι</em></span> <span class='ocrx_word' id='word_1_57' title='bbox 1465 696 1812 759; x_wconf 79' lang='grc' dir='ltr'><em>κοσμοῦντας</em></span> <span class='ocrx_word' id='word_1_58' title='bbox 1830 691 1976 755; x_wconf 80' lang='grc' dir='ltr'><em>καὶ</em></span> 
     </span>
     <span class='ocr_line' id='line_1_8' title="bbox 237 762 1921 842; baseline 0.005 -25"><span class='ocrx_word' id='word_1_59' title='bbox 237 762 341 818; x_wconf 87' lang='grc' dir='ltr'><em>τόν</em></span> <span class='ocrx_word' id='word_1_60' title='bbox 355 762 429 834; x_wconf 85' lang='grc' dir='ltr'><em>μὴ</em></span> <span class='ocrx_word' id='word_1_61' title='bbox 450 766 737 833; x_wconf 78' lang='grc' dir='ltr'><em>ψέγοντας.</em></span> <span class='ocrx_word' id='word_1_62' title='bbox 762 763 990 836; x_wconf 88' lang='grc' dir='ltr'><em>ποιητὴς</em></span> <span class='ocrx_word' id='word_1_63' title='bbox 1009 769 1068 821; x_wconf 80' lang='grc' dir='ltr'><em>δὲ</em></span> <span class='ocrx_word' id='word_1_64' title='bbox 1087 770 1226 822; x_wconf 76' lang='grc' dir='ltr'><em>ἔστω</em></span> <span class='ocrx_word' id='word_1_65' title='bbox 1244 789 1360 826; x_wconf 89' lang='grc' dir='ltr'><em>των</em></span> <span class='ocrx_word' id='word_1_66' title='bbox 1377 769 1648 825; x_wconf 84' lang='grc' dir='ltr'><em>τοιούτων</em></span> <span class='ocrx_word' id='word_1_67' title='bbox 1665 769 1740 841; x_wconf 84' lang='grc' dir='ltr'><em>μὴ</em></span> <span class='ocrx_word' id='word_1_68' title='bbox 1761 791 1921 842; x_wconf 83' lang='grc' dir='ltr'><em>απας,</em></span> 
     </span>
     <span class='ocr_line' id='line_1_9' title="bbox 238 841 1976 942; baseline 0.006 -44"><span class='ocrx_word' id='word_1_69' title='bbox 238 841 380 899; x_wconf 78' lang='grc' dir='ltr'><em>ἀλλὰ</em></span> <span class='ocrx_word' id='word_1_70' title='bbox 400 842 648 914; x_wconf 75' lang='grc' dir='ltr'><em>γεγονώς</em></span> <span class='ocrx_word' id='word_1_71' title='bbox 672 863 897 942; x_wconf 84' lang='grc' dir='ltr'><em>πρωτον</em></span> <span class='ocrx_word' id='word_1_72' title='bbox 914 845 1016 915; x_wconf 77' lang='grc' dir='ltr'><em>μὲν</em></span> <span class='ocrx_word' id='word_1_73' title='bbox 1034 846 1107 917; x_wconf 86' lang='grc' dir='ltr'><em>μὴ</em></span> <span class='ocrx_word' id='word_1_74' title='bbox 1140 852 1367 905; x_wconf 79' lang='grc' dir='ltr'><em>ἔλαττον</em></span> <span class='ocrx_word' id='word_1_75' title='bbox 1393 851 1736 922; x_wconf 84' lang='grc' dir='ltr'><em>πεντήκοντα</em></span> <span class='ocrx_word' id='word_1_76' title='bbox 1766 855 1922 922; x_wconf 82' lang='grc' dir='ltr'><em>ἐτων,</em></span> <span class='ocrx_word' id='word_1_77' title='bbox 1974 905 1976 910; x_wconf 90' lang='grc'><em>,</em></span> 
     </span>
     <span class='ocr_line' id='line_1_10' title="bbox 238 921 1925 999; baseline 0.008 -21"><span class='ocrx_word' id='word_1_78' title='bbox 238 922 372 996; x_wconf 85' lang='grc' dir='ltr'><em>μηδ’</em></span> <span class='ocrx_word' id='word_1_79' title='bbox 395 946 469 980; x_wconf 89' lang='grc' dir='ltr'><em>αυ</em></span> <span class='ocrx_word' id='word_1_80' title='bbox 487 930 602 980; x_wconf 76' lang='grc' dir='ltr'><em>τῶν</em></span> <span class='ocrx_word' id='word_1_81' title='bbox 625 921 825 980; x_wconf 88' lang='grc' dir='ltr'><em>ὁπόσοι</em></span> <span class='ocrx_word' id='word_1_82' title='bbox 854 931 1078 997; x_wconf 83' lang='grc' dir='ltr'><em>ποίησιν</em></span> <span class='ocrx_word' id='word_1_83' title='bbox 1104 927 1207 997; x_wconf 74' lang='grc' dir='ltr'><em>μὲν</em></span> <span class='ocrx_word' id='word_1_84' title='bbox 1235 933 1327 984; x_wconf 82' lang='grc' dir='ltr'><em>καὶ</em></span> <span class='ocrx_word' id='word_1_85' title='bbox 1355 938 1574 999; x_wconf 85' lang='grc' dir='ltr'><em>μοῦσαν</em></span> <span class='ocrx_word' id='word_1_86' title='bbox 1599 937 1804 999; x_wconf 83' lang='grc' dir='ltr'><em>ίκανως</em></span> <span class='ocrx_word' id='word_1_87' title='bbox 1830 956 1925 990; x_wconf 88' lang='grc' dir='ltr'><em>κε-</em></span> 
     </span>
     <span class='ocr_line' id='line_1_11' title="bbox 236 1004 1927 1084; baseline 0.005 -23"><span class='ocrx_word' id='word_1_88' title='bbox 236 1009 499 1078; x_wconf 88' lang='grc' dir='ltr'><em>κτημένοι</em></span> <span class='ocrx_word' id='word_1_89' title='bbox 536 1009 597 1062; x_wconf 83' lang='grc' dir='ltr'><em>ἐν</em></span> <span class='ocrx_word' id='word_1_90' title='bbox 634 1004 823 1072; x_wconf 79' lang='grc' dir='ltr'><em>αὐτοῖς</em></span> <span class='ocrx_word' id='word_1_91' title='bbox 859 1011 981 1078; x_wconf 83' lang='grc' dir='ltr'><em>εἰσί,</em></span> <span class='ocrx_word' id='word_1_92' title='bbox 1019 1007 1197 1064; x_wconf 83' lang='grc' dir='ltr'><em>καλὸν</em></span> <span class='ocrx_word' id='word_1_93' title='bbox 1234 1012 1294 1064; x_wconf 85' lang='grc' dir='ltr'><em>δὲ</em></span> <span class='ocrx_word' id='word_1_94' title='bbox 1325 1014 1493 1082; x_wconf 80' lang='grc' dir='ltr'><em>ἔργον</em></span> <span class='ocrx_word' id='word_1_95' title='bbox 1529 1015 1620 1068; x_wconf 87' lang='grc' dir='ltr'><em>καὶ</em></span> <span class='ocrx_word' id='word_1_96' title='bbox 1663 1015 1927 1084; x_wconf 74' lang='grc' dir='ltr'><em>ἐπιφανὲς</em></span> 
     </span>
     <span class='ocr_line' id='line_1_12' title="bbox 170 1088 1976 1163; baseline 0.004 -19"><span class='ocrx_word' id='word_1_97' title='bbox 170 1102 207 1143; x_wconf 90' lang='lat' dir='ltr'>D</span> <span class='ocrx_word' id='word_1_98' title='bbox 241 1089 414 1161; x_wconf 75' lang='grc' dir='ltr'><em>μηδὲν</em></span> <span class='ocrx_word' id='word_1_99' title='bbox 453 1088 758 1161; x_wconf 80' lang='grc' dir='ltr'><em>δράσαντες</em></span> <span class='ocrx_word' id='word_1_100' title='bbox 786 1090 1033 1147; x_wconf 77' lang='grc' dir='ltr'><em>πώποτε·</em></span> <span class='ocrx_word' id='word_1_101' title='bbox 1081 1090 1206 1147; x_wconf 80' lang='grc' dir='ltr'><em>ὅσοι</em></span> <span class='ocrx_word' id='word_1_102' title='bbox 1238 1093 1298 1148; x_wconf 77' lang='grc' dir='ltr'><em>δὲ</em></span> <span class='ocrx_word' id='word_1_103' title='bbox 1329 1092 1540 1163; x_wconf 87' lang='grc' dir='ltr'><em>ἀγαθοί</em></span> <span class='ocrx_word' id='word_1_104' title='bbox 1563 1116 1620 1150; x_wconf 90' lang='grc' dir='ltr'><em>τε</em></span> <span class='ocrx_word' id='word_1_105' title='bbox 1649 1092 1807 1151; x_wconf 79' lang='grc' dir='ltr'><em>αὐτοὶ</em></span> <span class='ocrx_word' id='word_1_106' title='bbox 1835 1098 1928 1151; x_wconf 81' lang='grc' dir='ltr'><em>καὶ</em></span> <span class='ocrx_word' id='word_1_107' title='bbox 1972 1091 1976 1114; x_wconf 72' lang='lat'>³</span> 
     </span>
     <span class='ocr_line' id='line_1_13' title="bbox 236 1171 1976 1258; baseline 0.004 -32"><span class='ocrx_word' id='word_1_108' title='bbox 236 1177 403 1243; x_wconf 87' lang='grc' dir='ltr'><em>τίμιοι</em></span> <span class='ocrx_word' id='word_1_109' title='bbox 416 1173 484 1227; x_wconf 69' lang='grc' dir='ltr'><em>’ἐν</em></span> <span class='ocrx_word' id='word_1_110' title='bbox 502 1177 570 1243; x_wconf 82' lang='grc' dir='ltr'><em>τῇ</em></span> <span class='ocrx_word' id='word_1_111' title='bbox 582 1171 758 1244; x_wconf 86' lang='grc' dir='ltr'><em>πόλει,</em></span> <span class='ocrx_word' id='word_1_112' title='bbox 780 1177 963 1242; x_wconf 81' lang='grc' dir='ltr'><em>ἔργων</em></span> <span class='ocrx_word' id='word_1_113' title='bbox 980 1172 1138 1239; x_wconf 80' lang='grc' dir='ltr'><em>ὄντες</em></span> <span class='ocrx_word' id='word_1_114' title='bbox 1158 1178 1484 1247; x_wconf 82' lang='grc' dir='ltr'><em>δημιουργοὶ</em></span> <span class='ocrx_word' id='word_1_115' title='bbox 1504 1183 1711 1248; x_wconf 77' lang='grc' dir='ltr'><em>καλῶν,</em></span> <span class='ocrx_word' id='word_1_116' title='bbox 1730 1178 1797 1233; x_wconf 79' lang='grc' dir='ltr'><em>τὰ</em></span> <span class='ocrx_word' id='word_1_117' title='bbox 1815 1185 1928 1233; x_wconf 75' lang='grc' dir='ltr'><em>τῶν</em></span> <span class='ocrx_word' id='word_1_118' title='bbox 1967 1211 1976 1258; x_wconf 29' lang='grc' dir='ltr'><em>,ζ</em></span> 
     </span>
     <span class='ocr_line' id='line_1_14' title="bbox 235 1252 1926 1332; baseline 0.003 -22"><span class='ocrx_word' id='word_1_119' title='bbox 235 1254 510 1310; x_wconf 73' lang='grc' dir='ltr'><em>τοιούτων</em></span> <span class='ocrx_word' id='word_1_120' title='bbox 529 1252 757 1327; x_wconf 76' lang='grc' dir='ltr'><em>ᾀδέσθω</em></span> <span class='ocrx_word' id='word_1_121' title='bbox 776 1255 1069 1331; x_wconf 81' lang='grc' dir='ltr'><em>ποιήματα,</em></span> <span class='ocrx_word' id='word_1_122' title='bbox 1089 1255 1188 1312; x_wconf 77' lang='grc' dir='ltr'><em>ἐὰν</em></span> <span class='ocrx_word' id='word_1_123' title='bbox 1215 1261 1308 1313; x_wconf 84' lang='grc' dir='ltr'><em>καὶ</em></span> <span class='ocrx_word' id='word_1_124' title='bbox 1332 1255 1405 1329; x_wconf 83' lang='grc' dir='ltr'><em>μὴ</em></span> <span class='ocrx_word' id='word_1_125' title='bbox 1425 1257 1666 1329; x_wconf 74' lang='grc' dir='ltr'><em>μουσικοὶ</em></span> <span class='ocrx_word' id='word_1_126' title='bbox 1687 1260 1926 1332; x_wconf 75' lang='grc' dir='ltr'><em>πεφύκῃ.</em></span> 
     </span>
     <span class='ocr_line' id='line_1_15' title="bbox 235 1333 1930 1413; baseline 0.002 -21"><span class='ocrx_word' id='word_1_127' title='bbox 235 1342 413 1407; x_wconf 87' lang='grc' dir='ltr'><em>κρίσις</em></span> <span class='ocrx_word' id='word_1_128' title='bbox 434 1335 494 1390; x_wconf 74' lang='grc' dir='ltr'><em>δὲ</em></span> <span class='ocrx_word' id='word_1_129' title='bbox 513 1333 701 1391; x_wconf 73' lang='grc' dir='ltr'><em>αὐτῶν</em></span> <span class='ocrx_word' id='word_1_130' title='bbox 713 1340 851 1392; x_wconf 84' lang='grc' dir='ltr'><em>ἔστω</em></span> <span class='ocrx_word' id='word_1_131' title='bbox 870 1339 1021 1407; x_wconf 90' lang='grc' dir='ltr'><em>παρά</em></span> <span class='ocrx_word' id='word_1_132' title='bbox 1040 1359 1100 1393; x_wconf 88' lang='grc' dir='ltr'><em>τε</em></span> <span class='ocrx_word' id='word_1_133' title='bbox 1117 1345 1197 1412; x_wconf 76' lang='grc' dir='ltr'><em>τῷ</em></span> <span class='ocrx_word' id='word_1_134' title='bbox 1214 1343 1482 1411; x_wconf 57' lang='grc' dir='ltr'><em>παιδευτῇ</em></span> <span class='ocrx_word' id='word_1_135' title='bbox 1501 1341 1724 1413; x_wconf 75' lang='grc' dir='ltr'><em>καὶτοῖς</em></span> <span class='ocrx_word' id='word_1_136' title='bbox 1743 1340 1930 1406; x_wconf 74' lang='grc' dir='ltr'><em>ἄλλοις</em></span> 
     </span>
     <span class='ocr_line' id='line_1_16' title="bbox 236 1415 1926 1493; baseline 0.002 -21"><span class='ocrx_word' id='word_1_137' title='bbox 236 1417 607 1488; x_wconf 82' lang='grc' dir='ltr'><em>νομοφύλαξι,</em></span> <span class='ocrx_word' id='word_1_138' title='bbox 620 1426 783 1473; x_wconf 80' lang='grc' dir='ltr'><em>τοῦτο</em></span> <span class='ocrx_word' id='word_1_139' title='bbox 805 1415 1190 1474; x_wconf 88' lang='grc' dir='ltr'><em>ἀποδιδόντων</em></span> <span class='ocrx_word' id='word_1_140' title='bbox 1207 1418 1396 1485; x_wconf 82' lang='grc' dir='ltr'><em>αὐτοῖς</em></span> <span class='ocrx_word' id='word_1_141' title='bbox 1415 1423 1597 1492; x_wconf 84' lang='grc' dir='ltr'><em>γέρας,</em></span> <span class='ocrx_word' id='word_1_142' title='bbox 1610 1429 1926 1493; x_wconf 85' lang='grc' dir='ltr'><em>παρρησίαν</em></span> 
     </span>
     <span class='ocr_line' id='line_1_17' title="bbox 236 1497 1928 1572; baseline 0.002 -17"><span class='ocrx_word' id='word_1_143' title='bbox 236 1503 299 1555; x_wconf 80' lang='grc' dir='ltr'><em>ἐν</em></span> <span class='ocrx_word' id='word_1_144' title='bbox 317 1499 552 1570; x_wconf 83' lang='grc' dir='ltr'><em>μούσαις</em></span> <span class='ocrx_word' id='word_1_145' title='bbox 571 1497 711 1554; x_wconf 84' lang='grc' dir='ltr'><em>εἶναι</em></span> <span class='ocrx_word' id='word_1_146' title='bbox 728 1499 937 1570; x_wconf 80' lang='grc' dir='ltr'><em>μόνοις,</em></span> <span class='ocrx_word' id='word_1_147' title='bbox 967 1511 1079 1565; x_wconf 90' lang='grc' dir='ltr'><em>τοῖς</em></span> <span class='ocrx_word' id='word_1_148' title='bbox 1099 1500 1157 1557; x_wconf 78' lang='grc' dir='ltr'><em>δὲ</em></span> <span class='ocrx_word' id='word_1_149' title='bbox 1177 1499 1365 1572; x_wconf 75' lang='grc' dir='ltr'><em>ἄλλοις</em></span> <span class='ocrx_word' id='word_1_150' title='bbox 1381 1506 1654 1572; x_wconf 89' lang='grc' dir='ltr'><em>μηδεμίαν</em></span> <span class='ocrx_word' id='word_1_151' title='bbox 1673 1506 1928 1568; x_wconf 81' lang='grc' dir='ltr'><em>ἐξουσίαν</em></span> 
     </span>
     <span class='ocr_line' id='line_1_18' title="bbox 235 1581 1976 1657; baseline 0.003 -21"><span class='ocrx_word' id='word_1_152' title='bbox 235 1586 534 1651; x_wconf 84' lang='grc' dir='ltr'><em>γίγνεσθαι</em></span> <span class='ocrx_word' id='word_1_153' title='bbox 563 1583 706 1651; x_wconf 88' lang='grc' dir='ltr'><em>μηδέ</em></span> <span class='ocrx_word' id='word_1_154' title='bbox 728 1602 853 1635; x_wconf 89' lang='grc' dir='ltr'><em>τινα</em></span> <span class='ocrx_word' id='word_1_155' title='bbox 881 1587 1094 1654; x_wconf 73' lang='grc' dir='ltr'><em>τολμᾷν</em></span> <span class='ocrx_word' id='word_1_156' title='bbox 1124 1581 1283 1655; x_wconf 81' lang='grc' dir='ltr'><em>ᾄδειν</em></span> <span class='ocrx_word' id='word_1_157' title='bbox 1313 1581 1585 1653; x_wconf 86' lang='grc' dir='ltr'><em>ἀδόκιμον</em></span> <span class='ocrx_word' id='word_1_158' title='bbox 1612 1591 1831 1655; x_wconf 89' lang='grc' dir='ltr'><em>μοῦσαν</em></span> <span class='ocrx_word' id='word_1_159' title='bbox 1853 1584 1927 1657; x_wconf 87' lang='grc' dir='ltr'><em>μὴ</em></span> <span class='ocrx_word' id='word_1_160' title='bbox 1970 1631 1976 1654; x_wconf 84' lang='lat'><strong><em>;</em></strong></span> 
     </span>
     <span class='ocr_line' id='line_1_19' title="bbox 180 1659 1976 1739; baseline 0.003 -21"><span class='ocrx_word' id='word_1_161' title='bbox 180 1675 215 1717; x_wconf 82' lang='lat' dir='ltr'>E</span> <span class='ocrx_word' id='word_1_162' title='bbox 241 1661 557 1730; x_wconf 87' lang='grc' dir='ltr'><em>κρινάντων</em></span> <span class='ocrx_word' id='word_1_163' title='bbox 576 1667 690 1718; x_wconf 76' lang='grc' dir='ltr'><em>τῶν</em></span> <span class='ocrx_word' id='word_1_164' title='bbox 717 1663 1150 1733; x_wconf 83' lang='grc' dir='ltr'><em>νομοφυλάκων,</em></span> <span class='ocrx_word' id='word_1_165' title='bbox 1170 1661 1301 1734; x_wconf 83' lang='grc' dir='ltr'><em>μηδ’</em></span> <span class='ocrx_word' id='word_1_166' title='bbox 1324 1661 1398 1719; x_wconf 73' lang='grc' dir='ltr'><em>ἂν</em></span> <span class='ocrx_word' id='word_1_167' title='bbox 1415 1662 1593 1736; x_wconf 80' lang='grc' dir='ltr'><em>ἡδίων</em></span> <span class='ocrx_word' id='word_1_168' title='bbox 1613 1659 1653 1737; x_wconf 77' lang='grc' dir='ltr'><strong><em>ᾖ</em></strong></span> <span class='ocrx_word' id='word_1_169' title='bbox 1679 1671 1793 1722; x_wconf 76' lang='grc' dir='ltr'><em>τῶν</em></span> <span class='ocrx_word' id='word_1_170' title='bbox 1812 1674 1929 1723; x_wconf 87' lang='grc' dir='ltr'><em>Θα-</em></span> <span class='ocrx_word' id='word_1_171' title='bbox 1967 1676 1976 1739; x_wconf 64' lang='lat' dir='ltr'><em>‘J</em></span> 
     </span>
     <span class='ocr_line' id='line_1_20' title="bbox 237 1742 1969 1821; baseline 0.005 -23"><span class='ocrx_word' id='word_1_172' title='bbox 237 1744 427 1815; x_wconf 89' lang='grc' dir='ltr'><em>μύρου</em></span> <span class='ocrx_word' id='word_1_173' title='bbox 445 1766 504 1799; x_wconf 90' lang='grc' dir='ltr'><em>τε</em></span> <span class='ocrx_word' id='word_1_174' title='bbox 522 1746 613 1800; x_wconf 85' lang='grc' dir='ltr'><em>καὶ</em></span> <span class='ocrx_word' id='word_1_175' title='bbox 627 1742 900 1817; x_wconf 86' lang='grc' dir='ltr'><em>Ὀρφείων</em></span> <span class='ocrx_word' id='word_1_176' title='bbox 918 1743 1132 1816; x_wconf 76' lang='grc' dir='ltr'><em>ὕμνων,</em></span> <span class='ocrx_word' id='word_1_177' title='bbox 1159 1744 1295 1804; x_wconf 77' lang='grc' dir='ltr'><em>ἀλλ’,.</em></span> <span class='ocrx_word' id='word_1_178' title='bbox 1307 1745 1413 1802; x_wconf 78' lang='grc' dir='ltr'><em>ὅσα</em></span> <span class='ocrx_word' id='word_1_179' title='bbox 1441 1769 1499 1803; x_wconf 91' lang='grc' dir='ltr'><em>τε</em></span> <span class='ocrx_word' id='word_1_180' title='bbox 1519 1747 1641 1819; x_wconf 75' lang='grc' dir='ltr'><em>ἱεροὶ</em></span> <span class='ocrx_word' id='word_1_181' title='bbox 1658 1753 1928 1821; x_wconf 71' lang='grc' dir='ltr'><em>κριθέντα</em></span> <span class='ocrx_word' id='word_1_182' title='bbox 1968 1760 1969 1763; x_wconf 76' lang='grc'>’</span> 
     </span>
     <span class='ocr_line' id='line_1_21' title="bbox 236 1825 1928 1903; baseline 0.005 -23"><span class='ocrx_word' id='word_1_183' title='bbox 236 1826 516 1896; x_wconf 82' lang='grc' dir='ltr'><em>ποιήματα</em></span> <span class='ocrx_word' id='word_1_184' title='bbox 536 1825 708 1898; x_wconf 82' lang='grc' dir='ltr'><em>ἐδόθη</em></span> <span class='ocrx_word' id='word_1_185' title='bbox 728 1839 840 1891; x_wconf 90' lang='grc' dir='ltr'><em>τοῖς</em></span> <span class='ocrx_word' id='word_1_186' title='bbox 858 1835 1014 1892; x_wconf 87' lang='grc' dir='ltr'><em>θεοῖς</em></span> <span class='ocrx_word' id='word_1_187' title='bbox 1041 1830 1135 1883; x_wconf 86' lang='grc' dir='ltr'><em>καὶ</em></span> <span class='ocrx_word' id='word_1_188' title='bbox 1157 1827 1262 1883; x_wconf 82' lang='grc' dir='ltr'><em>ὅσα</em></span> <span class='ocrx_word' id='word_1_189' title='bbox 1288 1827 1524 1900; x_wconf 72' lang='grc' dir='ltr'><em>ἀγαθοῖν</em></span> <span class='ocrx_word' id='word_1_190' title='bbox 1545 1829 1681 1886; x_wconf 84' lang='grc' dir='ltr'><em>ὅντα</em></span> <span class='ocrx_word' id='word_1_191' title='bbox 1702 1830 1928 1903; x_wconf 71' lang='grc' dir='ltr'><em>ἀνδρῶν</em></span> 
     </span>
     <span class='ocr_line' id='line_1_22' title="bbox 209 1903 1976 1985; baseline 0.006 -25"><span class='ocrx_word' id='word_1_192' title='bbox 209 1910 480 1975; x_wconf 61' lang='grc' dir='ltr'><em>Αψέγοντα</em></span> <span class='ocrx_word' id='word_1_193' title='bbox 498 1903 534 1977; x_wconf 78' lang='grc' dir='ltr'><em>ἢ</em></span> <span class='ocrx_word' id='word_1_194' title='bbox 556 1908 893 1963; x_wconf 82' lang='grc' dir='ltr'><em>ἐπαινοῦντά</em></span> <span class='ocrx_word' id='word_1_195' title='bbox 921 1931 1074 1974; x_wconf 90' lang='grc' dir='ltr'><em>τινας</em></span> <span class='ocrx_word' id='word_1_196' title='bbox 1100 1912 1295 1981; x_wconf 82' lang='grc' dir='ltr'><em>ἐκρίθη</em></span> <span class='ocrx_word' id='word_1_197' title='bbox 1316 1916 1547 1982; x_wconf 89' lang='grc' dir='ltr'><em>μετρίως</em></span> <span class='ocrx_word' id='word_1_198' title='bbox 1566 1915 1710 1985; x_wconf 77' lang='grc' dir='ltr'><em>δρᾷν</em></span> <span class='ocrx_word' id='word_1_199' title='bbox 1730 1912 1791 1969; x_wconf 85' lang='grc' dir='ltr'><em>τὸ</em></span> <span class='ocrx_word' id='word_1_200' title='bbox 1812 1937 1927 1969; x_wconf 80' lang='grc' dir='ltr'><em>τοι·</em></span> <span class='ocrx_word' id='word_1_201' title='bbox 1973 1920 1976 1972; x_wconf 69' lang='lat'><em>¹}</em></span> 
     </span>
     <span class='ocr_line' id='line_1_23' title="bbox 237 1986 875 2047; baseline 0.005 -1"><span class='ocrx_word' id='word_1_202' title='bbox 237 1999 422 2047; x_wconf 85' lang='grc' dir='ltr'><em>οὗτον.</em></span> <span class='ocrx_word' id='word_1_203' title='bbox 863 1986 875 1991; x_wconf 50' lang='grc'>’</span> 
     </span>
     <span class='ocr_line' id='line_1_24' title="bbox 378 2072 1976 2149; baseline 0.004 -23"><span class='ocrx_word' id='word_1_204' title='bbox 378 2076 439 2127; x_wconf 88' lang='lat'><em>11.</em></span> <span class='ocrx_word' id='word_1_205' title='bbox 486 2074 565 2129; x_wconf 77' lang='grc' dir='ltr'><em>Τά</em></span> <span class='ocrx_word' id='word_1_206' title='bbox 596 2072 738 2149; x_wconf 74' lang='grc' dir='ltr'><em>αὐτὰ</em></span> <span class='ocrx_word' id='word_1_207' title='bbox 779 2077 839 2131; x_wconf 75' lang='grc' dir='ltr'><em>δὲ</em></span> <span class='ocrx_word' id='word_1_208' title='bbox 873 2078 1014 2146; x_wconf 87' lang='grc' dir='ltr'><em>λέγω</em></span> <span class='ocrx_word' id='word_1_209' title='bbox 1052 2082 1336 2147; x_wconf 83' lang='grc' dir='ltr'><em>στρατείας</em></span> <span class='ocrx_word' id='word_1_210' title='bbox 1367 2099 1426 2133; x_wconf 91' lang='grc' dir='ltr'><em>τε</em></span> <span class='ocrx_word' id='word_1_211' title='bbox 1462 2080 1587 2147; x_wconf 87' lang='grc' dir='ltr'><em>πέρι</em></span> <span class='ocrx_word' id='word_1_212' title='bbox 1623 2080 1713 2137; x_wconf 84' lang='grc' dir='ltr'><em>καὶ</em></span> <span class='ocrx_word' id='word_1_213' title='bbox 1741 2083 1836 2149; x_wconf 85' lang='grc' dir='ltr'><em>τῆς</em></span> <span class='ocrx_word' id='word_1_214' title='bbox 1865 2080 1938 2134; x_wconf 87' lang='grc' dir='ltr'><em>ε’ν-</em></span> <span class='ocrx_word' id='word_1_215' title='bbox 1972 2080 1976 2132; x_wconf 77' lang='lat' dir='ltr'>i</span> 
     </span>
     <span class='ocr_line' id='line_1_25' title="bbox 237 2155 1928 2234; baseline 0.004 -25"><span class='ocrx_word' id='word_1_216' title='bbox 237 2155 494 2225; x_wconf 84' lang='grc' dir='ltr'><em>ποιήσεσι</em></span> <span class='ocrx_word' id='word_1_217' title='bbox 515 2162 824 2229; x_wconf 88' lang='grc' dir='ltr'><em>παρρησίας</em></span> <span class='ocrx_word' id='word_1_218' title='bbox 849 2162 1073 2229; x_wconf 84' lang='grc' dir='ltr'><em>γυναιξί</em></span> <span class='ocrx_word' id='word_1_219' title='bbox 1094 2181 1152 2215; x_wconf 89' lang='grc' dir='ltr'><em>τε</em></span> <span class='ocrx_word' id='word_1_220' title='bbox 1181 2163 1273 2216; x_wconf 83' lang='grc' dir='ltr'><em>καὶ</em></span> <span class='ocrx_word' id='word_1_221' title='bbox 1302 2159 1576 2234; x_wconf 81' lang='grc' dir='ltr'><em>ἀνδράσιν</em></span> <span class='ocrx_word' id='word_1_222' title='bbox 1607 2159 1810 2231; x_wconf 81' lang='grc' dir='ltr'><em>ὁμοίως</em></span> <span class='ocrx_word' id='word_1_223' title='bbox 1839 2166 1928 2231; x_wconf 88' lang='grc' dir='ltr'><em>γί-</em></span> 
     </span>
     <span class='ocr_line' id='line_1_26' title="bbox 236 2238 1928 2346; baseline 0.004 -57"><span class='ocrx_word' id='word_1_224' title='bbox 236 2244 478 2306; x_wconf 87' lang='grc' dir='ltr'><em>γνεσθαι</em></span> <span class='ocrx_word' id='word_1_225' title='bbox 511 2242 653 2293; x_wconf 90' lang='grc' dir='ltr'><em>δεῖν·</em></span> <span class='ocrx_word' id='word_1_226' title='bbox 688 2238 791 2311; x_wconf 85' lang='grc' dir='ltr'><em>χρὴ</em></span> <span class='ocrx_word' id='word_1_227' title='bbox 834 2243 892 2295; x_wconf 80' lang='grc' dir='ltr'><em>δὲ</em></span> <span class='ocrx_word' id='word_1_228' title='bbox 928 2240 1234 2346; x_wconf 79' lang='grc' dir='ltr'><em>ἀναφέρειν</em></span> <span class='ocrx_word' id='word_1_229' title='bbox 1269 2243 1717 2313; x_wconf 87' lang='grc' dir='ltr'><em>παραδεικνύντα</em></span> <span class='ocrx_word' id='word_1_230' title='bbox 1749 2243 1928 2312; x_wconf 82' lang='grc' dir='ltr'><em>ἑαυτω</em></span> 
     </span>
     <span class='ocr_line' id='line_1_27' title="bbox 236 2315 1926 2421; baseline 0.004 -50"><span class='ocrx_word' id='word_1_231' title='bbox 236 2315 340 2372; x_wconf 84' lang='grc' dir='ltr'><em>τὸν</em></span> <span class='ocrx_word' id='word_1_232' title='bbox 358 2322 675 2389; x_wconf 86' lang='grc' dir='ltr'><em>νομοθέτην</em></span> <span class='ocrx_word' id='word_1_233' title='bbox 692 2327 768 2392; x_wconf 76' lang='grc' dir='ltr'><em>τῷ</em></span> <span class='ocrx_word' id='word_1_234' title='bbox 790 2323 960 2394; x_wconf 79' lang='grc' dir='ltr'><em>λόγῳ·</em></span> <span class='ocrx_word' id='word_1_235' title='bbox 995 2325 1148 2421; x_wconf 83' lang='grc' dir='ltr'><em>φέρε,</em></span> <span class='ocrx_word' id='word_1_236' title='bbox 1170 2329 1322 2387; x_wconf 91' lang='grc' dir='ltr'><em>τίνας</em></span> <span class='ocrx_word' id='word_1_237' title='bbox 1340 2328 1473 2379; x_wconf 81' lang='grc' dir='ltr'><em>ποτὲ</em></span> <span class='ocrx_word' id='word_1_238' title='bbox 1491 2326 1676 2392; x_wconf 80' lang='grc' dir='ltr'><em>τρέφω</em></span> <span class='ocrx_word' id='word_1_239' title='bbox 1696 2321 1800 2392; x_wconf 81' lang='grc' dir='ltr'><em>τὴν</em></span> <span class='ocrx_word' id='word_1_240' title='bbox 1818 2323 1926 2376; x_wconf 89' lang='grc' dir='ltr'><em>πό-</em></span> 
     </span>
     <span class='ocr_line' id='line_1_28' title="bbox 121 2398 1924 2500; baseline -0.002 -41"><span class='ocrx_word' id='word_1_241' title='bbox 121 2413 210 2459; x_wconf 82' lang='lat'><em>830</em></span> <span class='ocrx_word' id='word_1_242' title='bbox 239 2406 331 2456; x_wconf 86' lang='grc' dir='ltr'><em>λιν</em></span> <span class='ocrx_word' id='word_1_243' title='bbox 350 2398 489 2470; x_wconf 91' lang='grc' dir='ltr'><em>όλην</em></span> <span class='ocrx_word' id='word_1_244' title='bbox 504 2401 958 2469; x_wconf 74' lang='grc' dir='ltr'><em>παρασκευάσας-ς</em></span> <span class='ocrx_word' id='word_1_245' title='bbox 996 2401 1089 2471; x_wconf 82' lang='grc' dir='ltr'><em>ἀρ’</em></span> <span class='ocrx_word' id='word_1_246' title='bbox 1114 2402 1218 2457; x_wconf 80' lang='grc' dir='ltr'><em>οὐκ</em></span> <span class='ocrx_word' id='word_1_247' title='bbox 1248 2402 1494 2500; x_wconf 81' lang='grc' dir='ltr'><em>ἀθλητὰς</em></span> <span class='ocrx_word' id='word_1_248' title='bbox 1520 2409 1635 2457; x_wconf 76' lang='grc' dir='ltr'><em>τῶν</em></span> <span class='ocrx_word' id='word_1_249' title='bbox 1651 2407 1924 2473; x_wconf 86' lang='grc' dir='ltr'><em>μεγίστων</em></span> 
     </span>
     <span class='ocr_line' id='line_1_29' title="bbox 241 2479 1924 2554; baseline -0.001 -17"><span class='ocrx_word' id='word_1_250' title='bbox 241 2480 497 2554; x_wconf 77' lang='grc' dir='ltr'><em>ἀγώνων,</em></span> <span class='ocrx_word' id='word_1_251' title='bbox 519 2479 600 2547; x_wconf 85' lang='grc' dir='ltr'><em>οἷς</em></span> <span class='ocrx_word' id='word_1_252' title='bbox 625 2480 1028 2553; x_wconf 84' lang='grc' dir='ltr'><em>ἀνταγωνισταὶ</em></span> <span class='ocrx_word' id='word_1_253' title='bbox 1057 2487 1245 2554; x_wconf 87' lang='grc' dir='ltr'><em>μυρίοι</em></span> <span class='ocrx_word' id='word_1_254' title='bbox 1274 2481 1614 2553; x_wconf 84' lang='grc' dir='ltr'><em>ὑπάρχουσι;</em></span> <span class='ocrx_word' id='word_1_255' title='bbox 1651 2485 1744 2539; x_wconf 80' lang='grc' dir='ltr'><em>καὶ</em></span> <span class='ocrx_word' id='word_1_256' title='bbox 1773 2483 1924 2537; x_wconf 87' lang='grc' dir='ltr'><em>πάνυ</em></span> 
     </span>
     <span class='ocr_line' id='line_1_30' title="bbox 236 2561 1926 2638; baseline -0.001 -18"><span class='ocrx_word' id='word_1_257' title='bbox 236 2586 320 2637; x_wconf 82' lang='grc' dir='ltr'><em>γε,</em></span> <span class='ocrx_word' id='word_1_258' title='bbox 340 2571 477 2636; x_wconf 85' lang='grc' dir='ltr'><em>φαίη</em></span> <span class='ocrx_word' id='word_1_259' title='bbox 496 2585 578 2630; x_wconf 89' lang='grc' dir='ltr'><em>τις</em></span> <span class='ocrx_word' id='word_1_260' title='bbox 599 2561 670 2620; x_wconf 72' lang='grc' dir='ltr'><em>ἂν</em></span> <span class='ocrx_word' id='word_1_261' title='bbox 694 2562 882 2637; x_wconf 77' lang='grc' dir='ltr'><em>ὀρθῶς</em></span> <span class='ocrx_word' id='word_1_262' title='bbox 901 2570 1094 2638; x_wconf 87' lang='grc' dir='ltr'><em>λέγων.</em></span> <span class='ocrx_word' id='word_1_263' title='bbox 1130 2575 1183 2621; x_wconf 90' lang='grc' dir='ltr'><em>τί</em></span> <span class='ocrx_word' id='word_1_264' title='bbox 1210 2569 1374 2638; x_wconf 85' lang='grc' dir='ltr'><em>δῆτα;</em></span> <span class='ocrx_word' id='word_1_265' title='bbox 1408 2571 1458 2622; x_wconf 89' lang='grc' dir='ltr'><em>εἰ</em></span> <span class='ocrx_word' id='word_1_266' title='bbox 1477 2567 1687 2630; x_wconf 89' lang='grc' dir='ltr'><em>πύκτας</em></span> <span class='ocrx_word' id='word_1_267' title='bbox 1715 2562 1751 2635; x_wconf 80' lang='grc' dir='ltr'><em>ἢ</em></span> <span class='ocrx_word' id='word_1_268' title='bbox 1781 2583 1926 2635; x_wconf 90' lang='grc' dir='ltr'><em>παγ-</em></span> 
     </span>
     <span class='ocr_line' id='line_1_31' title="bbox 237 2644 1925 2719; baseline -0.001 -16"><span class='ocrx_word' id='word_1_269' title='bbox 237 2644 570 2719; x_wconf 78' lang='grc' dir='ltr'><em>κρατιαστὰς</em></span> <span class='ocrx_word' id='word_1_270' title='bbox 592 2648 896 2719; x_wconf 85' lang='grc' dir='ltr'><em>ἐτρέφομεν</em></span> <span class='ocrx_word' id='word_1_271' title='bbox 921 2647 959 2719; x_wconf 80' lang='grc' dir='ltr'>ἥ</span> <span class='ocrx_word' id='word_1_272' title='bbox 981 2670 1033 2704; x_wconf 90' lang='grc' dir='ltr'><em>τι</em></span> <span class='ocrx_word' id='word_1_273' title='bbox 1065 2655 1176 2703; x_wconf 73' lang='grc' dir='ltr'><em>τῶν</em></span> <span class='ocrx_word' id='word_1_274' title='bbox 1200 2648 1470 2703; x_wconf 87' lang='grc' dir='ltr'><em>τοιούτων</em></span> <span class='ocrx_word' id='word_1_275' title='bbox 1500 2650 1690 2717; x_wconf 83' lang='grc' dir='ltr'><em>ἕτερον</em></span> <span class='ocrx_word' id='word_1_276' title='bbox 1718 2645 1925 2718; x_wconf 84' lang='grc' dir='ltr'><em>ἀγωνι-</em></span> 
     </span>
     <span class='ocr_line' id='line_1_32' title="bbox 239 2724 1976 2805; baseline -0.001 -20"><span class='ocrx_word' id='word_1_277' title='bbox 239 2730 467 2801; x_wconf 89' lang='grc' dir='ltr'><em>σμάτων</em></span> <span class='ocrx_word' id='word_1_278' title='bbox 505 2729 840 2802; x_wconf 79' lang='grc' dir='ltr'><em>ἀθλοῦντας,</em></span> <span class='ocrx_word' id='word_1_279' title='bbox 879 2724 986 2805; x_wconf 82' lang='grc' dir='ltr'><em>ἀρα</em></span> <span class='ocrx_word' id='word_1_280' title='bbox 1023 2737 1100 2796; x_wconf 84' lang='grc' dir='ltr'><em>εἰς</em></span> <span class='ocrx_word' id='word_1_281' title='bbox 1137 2727 1312 2786; x_wconf 81' lang='grc' dir='ltr'><em>αὐτὸν</em></span> <span class='ocrx_word' id='word_1_282' title='bbox 1348 2727 1420 2786; x_wconf 74' lang='grc' dir='ltr'><em>ἀν</em></span> <span class='ocrx_word' id='word_1_283' title='bbox 1457 2730 1787 2803; x_wconf 75' lang='grc' dir='ltr'><em>ἀπηντῶμεν</em></span> <span class='ocrx_word' id='word_1_284' title='bbox 1821 2727 1923 2784; x_wconf 83' lang='grc' dir='ltr'><em>τὸν</em></span> <span class='ocrx_word' id='word_1_285' title='bbox 1974 2802 1976 2805; x_wconf 84' lang='lat'>.</span> 
     </span>
     <span class='ocr_line' id='line_1_33' title="bbox 239 2809 1919 2889; baseline 0 -23"><span class='ocrx_word' id='word_1_286' title='bbox 239 2809 449 2885; x_wconf 79' lang='grc' dir='ltr'><em>ἀγῶνα,</em></span> <span class='ocrx_word' id='word_1_287' title='bbox 482 2815 543 2870; x_wconf 86' lang='grc' dir='ltr'><em>ἐν</em></span> <span class='ocrx_word' id='word_1_288' title='bbox 572 2820 651 2889; x_wconf 75' lang='grc' dir='ltr'><em>τῷ</em></span> <span class='ocrx_word' id='word_1_289' title='bbox 673 2814 927 2886; x_wconf 86' lang='grc' dir='ltr'><em>πρόσθεν</em></span> <span class='ocrx_word' id='word_1_290' title='bbox 944 2815 1128 2888; x_wconf 75' lang='grc' dir='ltr'><em>χρόνῳ</em></span> <span class='ocrx_word' id='word_1_291' title='bbox 1148 2812 1336 2871; x_wconf 82' lang='grc' dir='ltr'><em>οὐδενὶ</em></span> <span class='ocrx_word' id='word_1_292' title='bbox 1359 2813 1496 2870; x_wconf 85' lang='grc' dir='ltr'><em>καθ’</em></span> <span class='ocrx_word' id='word_1_293' title='bbox 1517 2812 1730 2886; x_wconf 76' lang='grc' dir='ltr'><em>ἡμέραν</em></span> <span class='ocrx_word' id='word_1_294' title='bbox 1751 2831 1919 2884; x_wconf 89' lang='grc' dir='ltr'><em>προς-</em></span> 
     </span>
    </p>
   </div>
  </div>
 </body>
</html>
