1976 3172
678 126 1132 176 ΕΠΙΝΟΜΙΣ.
1647 121 1754 175 439

66 273 288 336 μαθεῖν,
318 267 370 319 εί
399 261 652 318 διδάσκοι
690 281 795 326 τις·
843 257 965 315 ἀλλ’
1007 255 1130 315 οὐδ’
1170 279 1244 314 αν
1274 258 1563 330 διδάξειεν,
1602 262 1653 315 εἰ
1677 259 1752 329 μὴ

66 345 200 411 θεὸς
234 342 529 415 ὑφηγοττο·
577 339 677 398 εἴτ’
715 335 825 398 οὖν
857 340 1125 410 διδάσκοι,
1159 342 1299 396 κατὰ
1331 339 1543 411 τρόπον
1578 341 1638 397 δὲ
1677 337 1751 411 μὴ

67 431 185 498 δρῷ
202 423 264 482 vd
285 431 563 526 τοιοῦτον,
578 434 831 493 κρεῖττον
844 421 917 494 μὴ
939 421 1279 494 μανθάνειν·
1314 421 1467 494 ὅμως
1486 422 1540 478 δ’
1562 425 1622 479 ἐκ
1641 428 1757 478 τῶν

70 517 179 565 νῦν
197 505 563 579 λεγομένων’
530 507 747 579 ανάγκη
767 513 973 579 μαθεῖν
997 512 1173 561 ταῦτα
1201 506 1295 562 καὶ
1323 506 1415 576 ἐμὲ
1443 508 1638 576 λέγειν.
1653 504 1758 574 τὴν

63 591 328 661 τοιαύτην
345 611 403 646 τε
422 592 515 647 καὶ
532 587 767 660 άρίστην
784 588 977 659 φύσιν.
1001 586 1324 658 πειρώμεθα
1344 584 1411 656 δὴ
1432 593 1510 641 τῶ
1528 607 1585 641 τε
1607 585 1755 680 λόγω

64 662 431 738 διεξελθεῑν”
392 694 429 728 α
465 669 514 727 τ’
548 672 662 727 ἐστὶ
686 670 778 725 καὶ
808 666 898 725 οἷα
924 669 1017 724 καὶ
1044 689 1119 732 ως
1136 670 1222 722 δεῖ
1244 666 1579 738 μανθάνειν,
1610 664 1752 721 κατὰ
1781 685 1814 725 Ε

65 753 308 823 δύναμιν
324 752 431 823 τήν
448 750 489 820 τ’
509 749 650 821 ἐμήν
665 754 770 805 τοῦ
786 752 1046 819 λέγοντος
1055 749 1148 804 καὶ
1165 747 1270 818 τὴν
1287 753 1402 802 τῶν
1422 750 1754 817 δυναμένων

64 836 385 888 εἰσακοῦσαι
401 837 742 902 θεοσεβείας,
774 823 929 903 ᾧτινι
956 828 1147 902 τρόπῳ
1172 835 1254 894 τίς
1279 849 1403 884 τινα
1424 827 1750 903 μαθήσεται.
1786 843 1874 889 990

65 913 264 982 σχεδὸν
286 913 391 983 μὲν
409 905 519 968 οὖν
536 913 685 968 ἐστὶν
702 910 915 967 ἄτοπον
934 908 1239 966 ἀκούσαντι
1251 931 1263 943 ·
1299 908 1360 965 τό
1384 906 1438 965 δ’
1461 909 1640 980 ὄνομα
1659 907 1756 964 αὐ-

66 999 170 1049 τοῦ
198 997 434 1064 λέγομεν
457 991 612 1064 ἡμεῖς
638 1014 720 1063 γε,
751 1014 780 1047 ο
814 1014 895 1057 τις
923 990 1028 1047 οὐκ
1061 990 1134 1046 ἄν
1150 1010 1283 1046 ποτε
1303 990 1477 1056 δόξειε
1498 989 1574 1045 δι’
1598 989 1758 1047 ἀπει-

67 1081 196 1147 ρίαν
212 1081 315 1131 τοῦ
333 1075 672 1146 πράγματος,
695 1072 1094 1175 ἀστρονομίαν,
1120 1071 1316 1144 ἀγνοοῖ
1341 1095 1418 1143 τε,
1449 1071 1533 1128 ὅτι
1562 1075 1758 1145 σοφώ-

64 1178 231 1213 τατον
245 1154 464 1229 α’νάγκη
485 1156 587 1214 τὸν
605 1146 835 1230 άληθῶς
853 1155 1208 1228 ἀστρονόμον
1236 1155 1393 1226 εἶναι,
1414 1154 1488 1227 μὴ
1509 1153 1610 1212 τὸν
1628 1153 1754 1212 καθ’

61 1238 319 1295 Ησίοδον
337 1236 795 1311 άστρονομοῦντα
813 1247 907 1296 καὶ
926 1237 1139 1304 πάντας
1157 1237 1289 1304 τούς
1306 1238 1615 1307 τοιούτους,
1637 1233 1759 1293 οἷον

68 1321 282 1391 δυσμάς
318 1341 378 1375 τε
422 1322 515 1376 καὶ
551 1319 827 1386 ἀνατολὰς
860 1322 1296 1392 ἐπεσκεμμένον,
1327 1318 1468 1376 ἀλλὰ
1508 1318 1608 1375 τὸν
1643 1326 1757 1375 τῶν

67 1399 213 1457 ὀκτώ
232 1401 511 1468 περιόδων
527 1400 627 1465 τὰς
645 1399 779 1456 ἑπτὰ
799 1402 1114 1471 περιόδους,
1137 1401 1445 1472 διεξιούσης
1463 1401 1563 1456 τόν
1582 1398 1758 1456 αὐτὸν

64 1482 275 1538 κύκλον
292 1481 541 1553 ἑκάστης,
562 1479 741 1547 οὕτως
760 1479 833 1547 ὥς
850 1478 955 1538 οὐκ
974 1477 1267 1554 ἄνρᾳδίως
1295 1485 1428 1537 ποτὲ
1460 1490 1613 1538 πάσα
1642 1482 1754 1553 φύ-
1785 1500 1816 1539 Β

66 1579 151 1627 σις
168 1561 331 1633 ἱκανὴ
350 1564 568 1633 γένοιτο
581 1569 886 1635 θεωρῆσαι,
905 1563 980 1634 μὴ
994 1564 1324 1634 θαυμαστῆς
1334 1566 1638 1634 μετέχουσα
1651 1564 1756 1635 φύ-

67 1661 218 1710 σεως.
258 1641 292 1699 ὅ
328 1650 439 1699 νῦν
474 1643 774 1716 εἰρήκαμεν
808 1646 1046 1715 ἐροῦμέν
1073 1664 1150 1712 τε,
1183 1643 1259 1708 ὥς
1292 1665 1496 1715 φαμεν,
1533 1644 1645 1718 ὅπῃ
1674 1650 1765 1702 δεῖ

64 1748 121 1782 τε
151 1729 246 1782 καὶ
268 1724 420 1792 ὅπως
447 1725 628 1799 χρεων
658 1726 999 1798 μανθάνειν·
1034 1731 1258 1796 πρῶτον
1285 1724 1337 1781 δ’
1360 1723 1496 1797 ἡμῖν
1513 1726 1643 1783 τόδε
1663 1734 1756 1783 λε-
1784 1720 1790 1722 ‚

69 1810 273 1876 γε’σθω.

208 1891 315 1945 xll.
353 1889 577 1961 Σελήνη
598 1892 701 1962 μὲν
718 1893 981 1959 περίοδον
999 1888 1102 1961 τὴν
1128 1889 1299 1962 αὐτῆς
1316 1891 1539 1962 τάχιστα
1568 1894 1760 1958 διέξει-

72 1987 181 2041 σιν,
201 1968 418 2041 ἄγουσα
435 1978 584 2043 μῆνα
605 1973 698 2029 καὶ
726 1975 1080 2044 πανσέληνον
1109 1973 1367 2045 πρώτην·
1407 1974 1672 2044 δεύτερον
1702 1973 1763 2030 δὲ

65 2063 360 2108 κατανοεῖν
393 2056 484 2109 δεῖ
509 2052 612 2111 τὸν
644 2052 823 2126 ἥλιον,
860 2052 1072 2124 τροπάς
1103 2053 1314 2126 ἄγοντα
1338 2056 1431 2112 διά
1459 2056 1640 2128 πάσης
1668 2064 1764 2129 τῆς

65 2130 241 2190 αὑτοῦ
263 2132 550 2206 περιόδου,
580 2138 673 2192 καὶ
692 2138 871 2211 τούτῳ
903 2135 1035 2203 τούς
1062 2137 1435 2210 ξυνδρόμους·
1474 2139 1569 2194 ἵνα
1597 2138 1658 2195 δὲ
1687 2137 1760 2210 μὴ

67 2215 331 2281 πολλάκις
351 2215 524 2274 ταύτὰ
545 2220 801 2289 περὶτῶν
819 2216 1009 2275 αὐτῶν
1028 2218 1431 2292 διαλεγώμεθα,
1463 2219 1562 2287 τὰς
1590 2221 1761 2287 ἄλλας
1793 2230 1823 2273 c

67 2294 201 2363 ὅσας
218 2299 281 2354 ἐν
298 2304 378 2372 τῷ
394 2298 651 2368 πρόσθεν
666 2301 1031 2372 διεξήλθομεν
1050 2299 1219 2367 ὁδούς
1239 2302 1456 2359 τούτων
1475 2301 1544 2360 ού
1564 2304 1763 2376 ῥᾴδιον

66 2382 341 2450 ξυννοετν,
361 2382 450 2436 ἐπὶ
478 2382 540 2436 δὲ
563 2388 738 2439 ταῦτα
771 2385 1293 2453 παρασκευάζοντας
1331 2385 1548 2456 φύσεις,
1582 2385 1657 2441 δι’
1698 2385 1763 2451 ἃς
1860 2451 1865 2454 ,

67 2459 312 2516 δυνατόν
328 2458 472 2517 εἶναι
488 2483 670 2533 χρεων
697 2465 876 2522 πολλα
904 2467 1355 2537 προδιδάσκοντα
1383 2470 1477 2523 καὶ
1507 2469 1761 2533 ἐθίζοντα

69 2541 156 2594 δεῖ
170 2542 620 2613 διακονήσασθαι
636 2545 860 2603 πατδα”
825 2566 963 2603 οντα
989 2549 1079 2604 καὶ
1111 2555 1422 2604 νεανίσκον.
1462 2546 1548 2603 διὸ
1569 2556 1760 2619 μαθη-

69 2620 262 2689 μάτων
279 2617 466 2677 δέον“
427 2643 503 2679 αν
524 2633 636 2727 ειη·
673 2627 735 2683 τὸ
769 2626 829 2683 δὲ
858 2628 1120 2698 μέγιστόν
1138 2648 1197 2684 τε
1234 2632 1322 2685 καὶ
1346 2649 1571 2700 πρωτον
1590 2629 1760 2699 άριθ-

68 2706 191 2770 μῶν
228 2700 443 2775 αύτων,
482 2702 603 2764 ἀλλ’
642 2708 713 2765 οὐ
752 2710 979 2781 σώματα
1008 2710 1278 2782 ἐχόντων,
1314 2710 1453 2769 ἀλλὰ
1494 2712 1626 2786 ὅλης
1664 2721 1760 2785 τῆς

67 2790 169 2840 τοῦ
204 2795 465 2855 περιττοῦ
495 2810 554 2846 τε
580 2795 670 2850 καὶ
701 2793 897 2865 α’ρτίου
924 2794 1190 2864 γενέσεως
1226 2818 1282 2852 τε
1321 2799 1410 2853 καὶ
1450 2798 1760 2871 δυνάμεως,
