1976 3172
715 109 1034 160 ΝΟΜΩΝ
1066 104 1119 167 ς’.
1206 134 1228 147 x
1648 107 1751 162 185

67 242 105 316 ἦ
124 251 246 314 φῶς
263 243 400 302 αὐτὸ
419 244 679 315 γεννήσει
693 240 830 314 μετὰ
849 247 1011 298 θεοῦ.
1050 241 1301 311 καὶπρὸς
1319 242 1536 308 τούτοις
1564 245 1651 300 δεῖ
1674 239 1753 315 μὴ

68 334 183 383 τῶν
219 327 492 398 σωμάτων
530 323 942 396 διάκεχυμένων
968 320 1080 379 ὑπὸ
1114 326 1291 395 μέθης
1318 329 1614 394 γίγνεσθαι
1650 320 1755 394 τὴν

68 412 455 480 παιδουργίαν,
476 405 603 463 ἀλλ’
624 402 860 476 εὐπαγὲς
886 403 1125 469 ἀπλανὲς
1141 402 1414 477 ἡσυχαῖόν
1430 426 1489 460 τε
1508 407 1569 460 έν
1587 410 1756 479 μοίρᾳ

30 523 31 526 =
71 495 436 555 ξυνίστασθαι
451 485 515 544 τὸ
534 487 826 559 φυόμενον
839 506 853 519 ·
890 482 921 542 ὁ
942 486 1002 543 δὲ
1021 487 1370 560 διῳνωμένος
1388 483 1555 550 αὐτός
1571 506 1631 541 τε
1652 487 1758 555 φέ-

70 592 223 640 ρεται
240 570 418 640 πάντη
432 571 526 625 καὶ
545 571 719 640 φέρει,
737 574 954 625 λυττῶν
980 567 1121 624 κατά
1147 588 1206 623 τε
1233 573 1391 639 σῶμα
1420 568 1511 623 καὶ
1527 565 1752 637 ψυχήν·
1785 584 1822 625 D

68 658 312 722 σπείρειν
330 647 436 707 οὖν
453 650 783 722 παράφορος
810 671 924 721 αμα
953 650 1045 705 καὶ
1071 646 1242 714 κακὸς
1270 647 1300 705 ὁ
1331 647 1587 720 μεθύων,
1621 643 1751 702 ωστ’

66 731 339 804 ἀνώμαλα
370 728 461 788 καὶ
497 730 702 789 απιστα
738 734 831 788 καὶ
870 729 1039 788 οὐδὲν
1079 726 1409 800 εὐθύπορον
1443 723 1588 802 ἦθος
1625 726 1758 784 οὐδε

66 820 225 885 σωμα
260 817 322 872 ἐκ
352 836 468 871 των
492 814 724 871 εἰκότων
744 813 964 888 γεννῴη
998 811 1122 870 ποτ’
1162 812 1250 869 ἄν.
1300 811 1386 869 διὸ
1412 818 1629 884 μᾶλλον
1656 813 1758 882 μὲν

69 894 235 952 ολον
243 894 347 952 τὸν
377 895 636 954 ἐνιαυτὸν
663 899 755 953 καὶ
788 901 916 968 βίον
939 896 1060 969 χρή,
1094 896 1330 967 μάλιστα
1362 896 1423 951 δὲ
1451 892 1664 951 ὁπόσον
1686 889 1760 949 ἂν

67 986 241 1050 γεννᾷ
259 978 482 1050 χρόνον,
501 977 862 1051 εὐλαβεῖσθαι
880 979 971 1034 καὶ
990 975 1064 1049 μὴ
1091 978 1354 1050 πράττειν
1377 978 1515 1049 μήτε
1534 975 1639 1032 ὅσα
1657 997 1759 1032 νο-

73 1060 226 1131 σώδη
259 1061 458 1117 ἑκόντα
486 1059 627 1117 εἶναι
653 1060 787 1132 μήτε
812 1059 918 1116 ὅσα
949 1058 1165 1133 ὕβρεως
1188 1056 1226 1132 ἦ
1254 1058 1469 1125 ἀδικίας
1496 1059 1755 1130 ἐχόμενα·

70 1145 147 1205 εἰς
174 1140 283 1211 γὰρ
302 1139 400 1206 τὰς
426 1147 542 1197 τῶν
573 1146 942 1213 γεννωμένων
977 1142 1155 1213 ψυχὰς
1189 1143 1282 1198 καὶ
1316 1141 1543 1212 σώματα
1580 1137 1760 1210 ἀναγ-

67 1234 228 1279 καῖον
260 1225 743 1295 ἐξομοργνύμενον
781 1226 1163 1280 ἐκτυποῦσθαι
1209 1226 1302 1280 καὶ
1337 1229 1542 1279 τίκτειν
1577 1220 1759 1292 πάντη
1787 1238 1827 1281 E
1855 1255 1859 1260 ·

69 1305 404 1376 φαυλότερα·
427 1306 805 1375 διαφερόντως
817 1306 877 1361 δὲ
890 1307 1109 1375 ἐκείνην
1120 1304 1224 1378 τὴν
1241 1303 1454 1376 ἡμέραν
1473 1306 1564 1361 καὶ
1581 1304 1762 1361 νύκτα

68 1384 373 1457 ἀπέχεσθαι
401 1392 516 1442 τῶν
539 1389 664 1457 περὶ
694 1385 761 1441 τοὶ
794 1391 1048 1442 τοιαῦτα·
1096 1385 1234 1456 ἀρχὴ.
1263 1384 1374 1456 γὰρ
1399 1388 1491 1441 καὶ
1524 1384 1660 1450 θεὸς
1696 1389 1762 1442 ἐν

15 1485 19 1510 ¹
68 1465 394 1538 ἀνθρώποις
411 1470 679 1540 ἱδρυμένη
700 1467 859 1535 σώζει
877 1468 1077 1538 πάντα,
1107 1471 1266 1540 τιμῆς
1287 1464 1385 1523 ἐὰν
1416 1473 1512 1538 τῆς
1543 1482 1760 1537 προση-

70 1548 280 1620 κούσης
302 1546 444 1621 αὐτῇ
462 1546 595 1620 παρ’
627 1549 865 1605 ἑκάστου
893 1571 1008 1608 των
1034 1551 1336 1622 χρωμένων
1359 1549 1623 1621 λαγχάνῃ.
1661 1569 1762 1604 νο-

68 1635 304 1700 μίσαντα
323 1627 377 1686 δ’
400 1628 541 1686 εἶναι
557 1629 659 1702 χρὴ
676 1629 778 1687 τὸν
797 1636 1085 1713 γαμοῦντα
1105 1642 1227 1687 ταῖν
1239 1635 1444 1688 οἰκίαιν
1453 1642 1579 1687 ταῖν
1600 1633 1661 1687 έν
1679 1650 1757 1685 τω

67 1710 256 1785 κλήρω
275 1711 379 1783 τήν
406 1714 600 1785 ἑτέραν
624 1707 744 1769 οἷον
771 1719 1015 1770 νεοττῶν
1043 1714 1368 1786 ἐγγέννησιν
1395 1722 1488 1769 καὶ
1520 1712 1758 1784 τροφήν,
1791 1731 1879 1781 776

67 1795 416 1863 χωρισθέντα
442 1792 553 1850 ἀπὸ
581 1795 788 1868 πατρὸς
805 1797 899 1853 καὶ
925 1794 1133 1868 μητρὸς
1159 1794 1260 1852 τὸν
1287 1795 1471 1867 γάμον
1497 1797 1614 1851 ἐκεῖ
1637 1813 1764 1850 ποι-

69 1883 256 1932 εῖσθαι
273 1878 365 1932 καὶ
382 1875 487 1948 τήν
506 1885 724 1950 οἴκησιν
741 1880 833 1935 καὶ
859 1876 964 1950 τὴν
982 1877 1201 1950 τροφὴν
1220 1876 1401 1934 αὐτοῦ
1419 1879 1510 1933 και
1530 1899 1645 1932 των
1673 1880 1763 1932 τέ-

67 1977 237 2011 κνων.
272 1960 334 2012 έν
354 1955 464 2030 γὰρ
498 1970 616 2025 ταῖς
646 1964 852 2030 φιλίαις
882 1958 982 2016 ἐὰν
1011 1960 1116 2031 μὲν
1134 1959 1317 2023 πόθος
1334 1961 1431 2031 ἐνῇ
1460 1979 1559 2026 τις,
1590 1962 1765 2030 κολλᾷ

69 2038 163 2091 καὶ
191 2041 387 2094 συνδεῖ
414 2039 596 2096 πάντα
623 2041 768 2113 ἤθη·
805 2040 1116 2111 κατακορὴς
1151 2042 1211 2095 δὲ
1239 2044 1506 2105 ξυνουσία
1539 2039 1632 2094 καὶ
1656 2037 1763 2094 οὐκ

72 2125 304 2188 ἴσχουσα
331 2118 433 2176 τὸν
454 2120 543 2177 διὰ
569 2123 779 2194 χρόνον
807 2122 996 2179 πόθον
1025 2121 1293 2195 ἀπορρεῖν
1323 2119 1582 2193 ἀλλήλων
1619 2131 1771 2176 ποιεῖ

68 2197 405 2274 ὑπερβολαῖς
421 2210 755 2276 πλησμονῆς.
800 2196 880 2261 ὦν
900 2204 967 2275 δὴ
988 2203 1151 2275 χάριν
1177 2204 1340 2276 μητρὶ
1360 2205 1452 2259 καὶ
1479 2204 1643 2275 πατρὶ
1670 2205 1764 2259 καὶ

67 2294 182 2348 τοῖς
198 2288 296 2354 τῆς
311 2284 579 2354 γυναικὸς
598 2290 818 2353 οἰκείοις
842 2289 1117 2358 παρέντας
1134 2285 1237 2359 χρὴ
1258 2284 1357 2351 τὰς
1386 2283 1576 2342 αὐτῶν
1606 2286 1763 2357 οἰκή-

8 2396 9 2401 =
68 2382 183 2431 σεις
210 2361 332 2424 οἷον
360 2372 437 2435 εἰς
459 2367 721 2428 ἀποικίαν
739 2369 1114 2443 ἀφικομένους
1144 2367 1351 2435 αὐτοὺς
1381 2372 1757 2427 ἐπισκοποῦν-
1786 2386 1820 2428 Β
1863 2415 1870 2420 -

70 2445 171 2512 τάς
184 2468 243 2504 τε
262 2446 375 2521 ἅμα
402 2453 494 2507 καὶ
513 2452 1024 2524 ἐπισκοπουμένους
1042 2455 1232 2521 οἰκεῖν,
1256 2451 1576 2521 γεννῶντάς
1593 2472 1651 2507 τε
1671 2453 1763 2508 καὶ

74 2527 437 2597 ἐκτρέφοντας
453 2537 668 2604 παῖδας,
688 2532 947 2606 καθάπερ
978 2531 1238 2606 λαμπάδα
1257 2533 1357 2589 τὸν
1376 2536 1502 2604 βίον
1522 2536 1761 2605 παραδι-

75 2607 276 2675 (30παῖ
310 2609 496 2680 ἄλλοις
530 2616 587 2683 ἐξ
622 2614 827 2689 αλλων,
858 2614 1278 2688 θεραπεύοντας
1309 2613 1396 2671 ἀεὶ
1419 2613 1592 2680 θεοὺς
1621 2613 1758 2670 κατὰ

73 2689 299 2761 νόμους.

216 2775 345 2828 XIX.
385 2777 647 2849 Κτήματα
666 2779 726 2837 δὲ
744 2778 805 2837 τὸ
825 2801 959 2852 μετα
981 2785 1145 2835 τοῦτο
1169 2765 1353 2835 ποῖά”
1316 2801 1389 2835 αν
1407 2799 1487 2843 τις
1505 2776 1761 2848 κ--εκτημέ
