1976 3172
747 144 1069 194 ΝΟΜΩΝ
1100 139 1172 193 θ’.
1685 144 1793 201 283

42 286 43 303 ³
98 290 215 344 ταῖς
232 276 426 334 πόλεσι
457 277 525 333 τὰ
550 279 676 347 περὶ
701 277 835 342 τοὺς
861 277 1071 347 νόμους
1100 280 1456 349 γεγραμμένα
1487 283 1795 349 φαίνεσθαι

99 358 537 430 διαπτυττόμενα
553 366 750 431 μακρῷ
766 358 1031 416 κάλλιστά
1051 380 1110 414 τε
1136 362 1228 415 καὶ
1255 358 1471 431 ἄριστα,
1491 358 1560 416 τὰ
1590 364 1650 417 δὲ
1676 366 1794 418 τῶν

38 466 41 487 ‹
97 441 284 498 ἄλλων
315 439 440 497 κατ’
476 445 660 500 ἐκεῖνα
694 439 1058 512 ξυνεπόμενα,
1094 434 1131 512 ἢ
1166 444 1566 512 διαφωνοῦντα
1602 440 1791 508 αὐτοῖς
1820 450 1908 497 859

38 535 39 539 ’
98 523 240 580 εἶναι
271 528 685 596 καταγέλαστα;
720 521 870 580 οὕτω
903 524 1263 595 διανοώμεθα
1294 525 1423 592 περὶ
1451 522 1645 594 νόμων
1675 527 1794 581 δεῖν
1953 529 1963 540 ’

94 614 315 680 γραφῆς
331 612 627 678 γίγνεσθαι
644 615 763 671 ταῖς
779 604 1026 677 πόλεσιν,
1046 607 1111 662 έν
1137 605 1348 676 πατρός
1373 626 1433 661 τε
1462 605 1558 661 καὶ
1586 605 1794 676 μητρὸς

98 691 338 762 σχήμασι
368 688 687 761 φιλούντων
709 708 768 743 τε
803 690 896 743 καὶ
931 694 1075 745 νοῦν
1104 687 1370 759 ἐχόντων,
1384 691 1690 758 φαίνεσθαι
1722 687 1790 743 τὰ

93 774 463 842 γεγραμμένα,
480 767 519 841 ἢ
534 767 676 826 κατὰ
693 769 979 840 τύραννον
995 772 1089 827 καὶ
1108 767 1400 841 δεσπότην,
1429 767 1668 836 τάξαντα
1698 771 1793 826 καὶ

33 851 35 856 ’
93 851 486 923 ἀπειλήσαντα,
514 852 809 923 γράψαντα
828 854 890 908 ἐν
917 857 1120 923 τοίχοις
1148 849 1533 923 άπηλλάχθαι;
1568 857 1794 908 σκοπῶ-

31 958 34 971 ·
92 955 196 1005 μεν
232 927 337 990 οὖν
374 933 442 1004 δὴ
478 936 571 990 καὶ
599 931 667 989 τὰ
697 940 808 989 νῦν
835 932 1007 1005 ἡμεῖς,
1029 934 1438 1006 πότερα-ταύτῃ
1467 934 1792 1006 πειρώμεθα

95 1019 275 1086 λέγειν
297 1017 693 1086 διανοηθέντες
707 1019 833 1087 περὶ
854 1016 1064 1087 νόμων,
1085 1014 1182 1071 εἴτ’
1221 1007 1329 1071 οὖν
1357 1015 1653 1087 δυνάμεθα
1680 1023 1790 1072 εἴτε

93 1097 186 1168 μή,
222 1094 345 1152 ἀλλ’
365 1111 370 1116 ’
392 1089 499 1152 οὖν
532 1094 597 1152 τό
633 1117 698 1166 γε
734 1097 1037 1169 πρόθυμον
1083 1097 1476 1169 παρεχόμενοι·
1520 1099 1614 1155 καὶ
1647 1098 1788 1154 κατὰ
1818 1114 1851 1156 Β

91 1179 304 1249 ταύτην
319 1179 424 1250 τὴν
443 1174 582 1234 ὁδὸν
609 1178 806 1249 ἰόντες,
829 1175 903 1236 ἄν
925 1178 1037 1250 ἄρα
1062 1201 1116 1235 τι
1147 1182 1240 1236 καὶ
1269 1183 1368 1252 δέῃ
1397 1180 1647 1251 πάσχειν,
1678 1179 1791 1235 πά-

26 1279 29 1283 ·
95 1275 327 1330 σχωμεν.
367 1258 593 1331 άγαθὸν
613 1258 661 1316 δ’
690 1268 775 1333 εἴη
793 1283 869 1331 τε,
889 1263 982 1318 καὶ
1001 1257 1074 1316 ἄν
1092 1262 1228 1326 θεὸς
1249 1263 1435 1333 ἐθέλῃ,
1456 1259 1694 1333 γίγνοιτ’
1717 1257 1790 1317 ἄν

92 1361 284 1413 ταυτῃ.

230 1428 352 1478 ΚΛ.
388 1428 589 1488 Καλῶς
606 1427 847 1494 εἴρηκας,
867 1425 1115 1494 ποιῶμέν
1132 1443 1191 1478 τε
1211 1421 1285 1487 ὥς
1305 1425 1496 1493 λέγεις.

24 1552 25 1559 ,
231 1509 290 1559 V.
330 1511 450 1560 ΑΘ.
485 1506 869 1561 Διασκεπτέον
885 1502 996 1576 ἄρα
1014 1510 1258 1576 πρῶτον,
1288 1501 1475 1576 ὥσπερ
1503 1506 1789 1577 ἐπεχειρή-

23 1618 25 1623 ·
90 1601 284 1657 σαμεν,
314 1584 558 1659 ἀκριβῶς
595 1588 721 1656 περὶ
748 1591 863 1643 τῶν
888 1607 948 1643 τε
978 1585 1429 1656 ἱεροσυλούντων
1454 1588 1549 1643 καὶ
1573 1593 1789 1659 ’κλοπῆς

22 1676 25 1693 ’
89 1667 269 1738 πάσης
303 1670 429 1736 πέρι
456 1669 551 1724 καὶ
577 1665 934 1740 ἀδικημάτων
962 1667 1316 1739 ξυμπάντων,
1351 1670 1444 1725 καὶ
1490 1667 1558 1725 οὐ
1580 1672 1788 1740 ,δυσχε-

90 1751 347 1823 ραντέον,
369 1753 421 1805 εἰ
448 1747 654 1820 μεταξὺ
671 1755 1117 1821 νομοθετοῦντες
1140 1748 1208 1805 τὰ
1227 1752 1330 1820 μὲν
1347 1753 1568 1822 ἔθεμεν,
1587 1756 1701 1807 τῶν
1731 1747 1783 1805 δ’

86 1833 165 1886 ἔτι
201 1835 620 1902 διασκοποῦμεν
647 1833 799 1903 πέρι·
845 1831 1150 1902 νομοθέται
1177 1829 1287 1903 γὰρ
1314 1830 1627 1904 γιγνόμεθα
1656 1828 1782 1888 ἀλλ’
1814 1848 1846 1890 G

88 1909 194 1967 οὐκ
227 1914 393 1984 ἐσμέν
421 1932 526 1983 πω,
564 1910 704 1983 τάχα
739 1912 802 1970 δὲ
829 1921 963 1979 ἴσως
985 1909 1060 1970 ὅὶν
1086 1918 1410 1986 γενοίμεθα.
1461 1918 1511 1971 εἰ
1538 1913 1605 1985 δὴ
1636 1918 1792 1970 δοκεῖ

18 1996 21 2007 “
86 1996 212 2065 περὶ
232 1986 314 2050 ὧν
333 2001 527 2065 εἴρηκα
549 1990 623 2060 ὥς
641 2001 834 2066 εἴρηκα
854 2003 1205 2067 σκοπεῖσθαι,
1226 1995 1581 2066 σκοπώμεθα.

228 2083 350 2133 ΚΛ.
388 2076 722 2133 Παντάπασι
739 2077 845 2149 μὲν
863 2071 983 2134 οὖν.

229 2165 349 2215 ΑΘ.
387 2159 527 2230 Περὶ
546 2158 615 2229 δὴ
633 2165 822 2215 καλῶν
847 2161 940 2216 καὶ
970 2163 1202 2216 δικαίων
1220 2160 1557 2231 ξυμπάντων
1575 2160 1783 2230 πειρωῑ

86 2248 234 2311 μεθα
254 2242 499 2297 κατιδεῖν
517 2238 579 2296 τὸ
600 2239 835 2313 τοιόνδε,
857 2239 968 2314 ὅπῃ
987 2241 1118 2299 ποτὲ
1148 2240 1534 2314 ὁμολογοῦμεν
1560 2248 1671 2298 νῦν
1689 2243 1782 2298 καὶ

85 2321 197 2394 ὅπῃ
226 2321 612 2392 διαφερόμεθα
637 2318 792 2394 ἡμεῖς
818 2344 876 2379 τε
904 2321 1040 2395 ἡμῖν
1069 2321 1274 2395 αὐτοῖς,
1306 2328 1363 2380 οἳ
1384 2322 1455 2395 δὴ
1482 2334 1688 2395 φαῖμεν
1709 2319 1782 2378 ἂν

84 2408 511 2474 προθυμεῖσθαί
521 2424 603 2474 γε,
624 2407 678 2460 εἰ
690 2405 867 2475 μηδὲν
883 2404 1037 2477 ἄλλο,
1053 2409 1339 2478 διαφέρειν
1356 2410 1470 2462 τῶν
1487 2410 1777 2475 πλείστων,

88 2484 144 2537 οἰ
158 2489 356 2540 πολλοί
370 2504 429 2540 τε
449 2483 610 2542 αὐτοὶ
626 2483 767 2556 πρὸς
782 2484 990 2553 αὐτούς
1009 2480 1100 2543 αὖ.
1811 2508 1845 2548 Ι)

89 2645 152 2699 λέ
229 2567 349 2619 ΚΛ.
390 2565 503 2632 Τὰς
543 2572 703 2634 ποίας
751 2568 812 2626 δὲ
860 2567 928 2641 δὴ
976 2566 1251 2642 διαφορὰς
1291 2567 1458 2641 ἡμῶν
1489 2570 1779 2641 ἐννοηθεὶς

151 2663 264 2713 7⁶⁸9
277 2666 294 2708 ὅ

229 2731 347 2782 ΑΘ.
389 2723 523 2797 Ἐγώ
567 2731 897 2805 πειράσομαι
944 2732 1188 2804 φράζειν.
1246 2735 1371 2803 περὶ
1421 2734 1778 2805 δικαιοσύνης

87 2804 231 2873 ὅλως
249 2809 475 2864 καὶτῶν
494 2811 719 2871 δικαίων
748 2814 1078 2887 ἀνθρώπων
1106 2836 1165 2871 τε
1193 2816 1284 2871 καὶ
1314 2816 1657 2887 πραγμάτων
1684 2818 1778 2873 καὶ
