1976 3172
680 139 1001 191 zvoMszzv
1032 134 1088 199 ς’.
1605 137 1734 191 --187
1835 119 1838 122 ’

47 277 306 349 γάζονται
325 275 531 341 δούλας
548 274 646 339 τὰς
659 271 842 343 ψυχὰς
856 278 973 328 τῶν
990 276 1223 329 οἰκετῶν
1236 295 1248 307 ·
1284 277 1343 331 οἱ
1357 272 1411 331 δ’
1433 267 1509 330 αὖ
1525 270 1735 330 coimm-

48 365 136 416 τία
153 359 373 416 τούτων
390 361 566 428 δρῶσι
583 354 784 412 πάντα.

188 446 319 497 ΜΕ.
365 443 437 495 Τί
449 437 592 510 μήν;

188 527 309 580 ΚΔ.
351 523 421 576 Τί
433 512 541 575 οὖν
558 518 628 591 δὴ
645 515 750 589 χρὴ
766 527 948 573 ποιεῖν
963 518 1199 588 τούτων,
1225 511 1270 573 03
1300 520 1437 587 ξένε,
1466 521 1731 591 διαφερο-
1761 534 1794 575 Β
1884 555 1889 561 ,

48 608 236 677 μένων
269 600 420 660 οὕτω
451 601 579 672 περὶ
603 605 702 671 τῆς
734 595 1003 671 ἡμετέρας
1035 593 1112 655 αὖ
1144 599 1329 672 χώρας
1360 596 1521 672 ἡμᾶς,
1549 605 1647 671 τῆς
1681 623 1739 657 τε

46 687 291 759 κτήσεως
308 683 421 755 ἅμα
438 685 532 740 καὶ
548 681 826 747 κολάσεως
842 687 958 737 τῶν
976 681 1200 739 δούλων
1218 684 1370 752 πέρι;

186 771 308 823 ΛΘ.
352 769 424 822 Τί
446 762 523 835 δ’,
558 786 603 820 ω
630 766 889 831 Κλεινία·
925 766 1101 834 δῆλον
1140 760 1214 829 ὥς
1239 762 1428 835 ἐπειδὴ
1460 760 1740 820 δύσκολόν

46 850 162 904 ἐστι
195 846 258 904 τὸ
290 850 517 925 θρέμμα
544 843 850 917 ἅνθρωπος
872 846 965 901 καὶ
992 844 1134 918 πρὸς
1155 846 1261 918 τὴν
1288 841 1599 915 ἀναγκαίαν
1618 844 1740 900 διό-

47 945 214 1002 ρισιν,
243 926 306 985 τὸ
337 927 547 984 δοῦλόν
567 949 627 984 τε
647 931 792 1026 ἔργῳ
814 929 1154 996 διορίζεσθαι
1183 930 1278 984 καὶ
1311 926 1619 997 ἐλεύθερον
1649 928 1740 982 καὶ

49 1010 327 1083 δεσπότην
353 1007 614 1121 οὐδαμῶς
641 1007 946 1079 εὔχρηστον
975 1010 1156 1066 ἐθέλει
1185 1007 1333 1065 εἷναί
1353 1029 1413 1065 τε
1444 1009 1535 1064 καὶ
1553 1012 1740 1078 γίγνε-

53 1099 205 1149 σθαι.

192 1178 313 1231 ΚΔ.
350 1178 631 1230 Φαίνεται.

189 1263 308 1313 ΑΘ.
344 1252 604 1311 Χαλεπὸν
622 1253 691 1324 δὴ
708 1251 770 1309 τὸ
791 1258 971 1323 κτῆμα
984 1272 996 1286 ·
1033 1256 1178 1326 ἔργῳ
1202 1250 1310 1322 γὰρ
1330 1250 1597 1316 πολλάκις
1616 1252 1739 1307 ἐπι-

48 1339 318 1393 δέδεικται
340 1336 468 1405 περὶ
485 1356 582 1399 τας
598 1337 942 1404 Μεσσηνίων
969 1330 1176 1402 συχνὰς
1203 1335 1467 1396 εἰωθυίας
1487 1329 1733 1387 ἀποστά-
1771 1347 1802 1389 c

26 1433 165 1482 zoae
180 1420 493 1487 γίγνεσθαι,
513 1415 607 1471 καὶ
608 1417 758 1484 περί
774 1433 838 1483 γε
866 1410 972 1477 τὰς
992 1417 1107 1468 τῶν
1130 1414 1192 1469 ἐκ
1218 1418 1349 1483 μιᾶς
1378 1419 1572 1483 φωνῆς
1601 1420 1742 1468 πολ-

47 1496 185 1564 λούς
212 1500 427 1563 οἰκέτας
450 1499 754 1568 κτωμένων
781 1493 968 1559 πόλεις
995 1492 1101 1551 ὅσα
1127 1491 1274 1550 κακά
1305 1497 1610 1599 ξυμβαίνει,
1648 1495 1741 1550 καὶ

48 1583 130 1636 ἔτι
155 1602 223 1638 τα
248 1586 365 1638 τῶν
390 1581 707 1651 λεγομένων
739 1581 1042 1651 περιδίνων
1066 1583 1182 1633 τῶν
1212 1579 1337 1647 περι
1364 1575 1468 1648 τὴν
1504 1573 1737 1632 Ἰταλίαν

47 1665 398 1759 γιγνομένων
413 1658 742 1720 παντοδαπὰ
769 1652 998 1716 κλοπῶν
1026 1662 1160 1730 ἔργα
1194 1679 1254 1715 τε
1282 1661 1377 1715 καὶ
1403 1655 1735 1729 παθήματα·

29 1742 189 1812 ’πρὸς
205 1766 242 1799 α
261 1765 343 1810 τις
360 1763 580 1800 απαντα
596 1745 803 1816 βλέψας
828 1737 907 1779 *’“
870 1762 945 1798 αν
957 1746 984 1780 *
1010 1741 1381 1813 διαπορήσειε,
1399 1746 1459 1797 τί
1472 1739 1574 1813 χρὴ
1595 1743 1740 1813 δρᾷν

27 1827 175 1898 -περὶ
211 1823 478 1883 ἁπάντων
509 1832 624 1883 τῶν
659 1823 949 1884 τοιούτων.
993 1823 1097 1882 δύο
1135 1823 1202 1896 δὴ
1240 1829 1543 1882 λείπεσθον
1582 1823 1738 1913 μόνω

28 1907 282 1982 ,μηχανά,
316 1907 453 1980 μήτε
483 1907 796 1981 πατριώτας
822 1905 1083 1979 ἀλλήλων
1109 1903 1253 1963 εἶναι
1279 1906 1411 1970 τούς
1438 1902 1740 1975 μέλλοντας

44 1990 190 2061 ὀᾷον
208 1987 534 2046 δουλεύσειν
564 1987 944 2061 ἀσυμφώνους
968 2009 1028 2045 τε
1058 1992 1135 2052 εἰς
1151 1985 1406 2057 ,δύναμιν
1436 1984 1468 2040 ὅ
1493 2007 1546 2041 τι
1574 1985 1740 2055 μα’λι-
1765 2005 1800 2046 D

46 2085 170 2137 στα,
186 2071 414 2141 τρέφειν
441 2068 496 2126 δ’
526 2068 735 2136 αὐτοὺς
761 2069 949 2139 ὀρθῶς
973 2066 1048 2140 μὴ
1079 2067 1259 2139 μόνον
1290 2070 1520 2124 ἐκείνων
1554 2066 1738 2136 ἕνεκα,
1791 2104 1796 2106 s

49 2149 221 2206 πλέον
241 2147 301 2205 δὲ
318 2145 508 2204 αὐτῶν
526 2155 930 2220 προτιμῶντας·
966 2145 1001 2219 ἡ
1034 2147 1092 2203 δὲ
1113 2143 1293 2218 τροφὴ
1323 2151 1437 2202 τῶν
1467 2143 1738 2202 τοιούτων

48 2228 184 2302 μήτε
202 2229 327 2286 τινὰ
349 2229 517 2303 ὕβριν
535 2227 778 2303 ὑβρίζειν
797 2235 873 2298 εἰς
890 2229 1023 2296 τοὺς
1041 2233 1268 2301 οἰκέτας,
1287 2221 1456 2300 ἦττον
1474 2231 1554 2299 δέ,
1579 2232 1631 2284 εἰ
1644 2230 1736 2283 δυ-

45 2311 240 2383 νατόν,
261 2312 475 2369 ἀδικεῖν
492 2309 530 2385 ἦ
550 2311 683 2379 τούς
702 2316 760 2380 ἐξ
789 2320 931 2371 ἰσου.
969 2311 1227 2383 διάδηλος
1250 2309 1359 2382 γὰρ
1387 2307 1417 2366 6
1449 2309 1617 2382 φύσει
1646 2312 1738 2367 καὶ

30 2391 123 2468 ῖμὴ
141 2399 398 2460 πλαστῶς
416 2397 600 2468 σέβων
625 2393 731 2467 τὴν
751 2398 932 2468 δίκην,
951 2401 1131 2468 μισῶν
1153 2392 1213 2451 δὲ
1243 2392 1420 2458 ὅντως
1447 2390 1509 2449 τὸ
1538 2390 1735 2449 ἄδικον

49 2477 113 2534 δν
138 2477 356 2544 τούτοις
377 2484 492 2535 τῶν
520 2475 865 2551 ἀνθρώπων,
887 2480 950 2535 έν
978 2473 1060 2544 οἷς
1088 2474 1242 2551 αὐτῷ
1270 2477 1469 2550 ῥοίδιον
1495 2474 1732 2532 ἀδικεῖν·

51 2551 85 2612 6
103 2559 229 2627 περὶ
243 2578 311 2615 τα
329 2565 443 2616 τῶν
459 2561 682 2618 δούλων
698 2554 808 2618 οὖν
825 2558 939 2635 ἤθη
959 2562 1051 2617 καὶ
1071 2558 1293 2631 πράξεις
1306 2555 1638 2629 γιγνόμενός
1655 2577 1736 2621 τις

51 2631 315 2707 ἀμίαντος
326 2645 429 2696 τοῦ
445 2661 503 2698 τε
520 2638 754 2700 ἀνοσίου
770 2643 897 2712 πέρι
914 2643 1007 2699 καὶ
1026 2639 1225 2698 ἀδίκου
1245 2643 1492 2711 σπείρειν
1508 2642 1584 2705 εἰς
1602 2635 1794 2710 ἀρε-Ε

50 2723 149 2789 ῐῆθ
181 2720 420 2790 ἔκφυσιν
441 2719 847 2791 [mandatos-'⁸
810 2746 884 2781 αν
931 2730 1041 2794 εἴη·
1080 2720 1287 2779 ταύτὸν
1323 2720 1379 2779 δ’
1417 2719 1520 2779 ἔστ’
1560 2726 1735 2779 εἰπεῖν

0 2883 3 2903 ι
49 2802 216 2856 ῑῦῦῐθ
229 2795 473 2870 000ὤῖ”
435 2823 547 2875 αμα
565 2806 795 2877 λέγοντα
813 2807 908 2863 ἐπί
918 2826 976 2861 τε
996 2803 1238 2876 δεσπότῃ
1256 2807 1347 2861 καὶ
1364 2803 1624 2876 τυράννῳ
1644 2802 1737 2860 καὶ

0 2912 3 2944 Ι
