1976 3172
262 154 368 209 310
879 158 1359 208 ΠΛΑΤΩΝΟΣ

263 291 435 345 οὕτον
461 297 768 346 νουθετεῖν.
804 291 968 356 ,ξένον
997 290 1057 346 δὲ
1084 287 1157 345 ἀν
1186 290 1583 363 ἀσελγαίνοντα
1604 297 1697 352 καὶ
1724 291 1947 369 θρασυ-

260 371 505 442 νόμενον
523 369 724 428 ἑαυτὸν
740 371 1019 427 τύπτοντα
1038 380 1216 444 οἴηται
1237 377 1356 430 δεῖν
1369 383 1737 450 κολασθῆναι,
1756 379 1947 451 λαβών

260 452 402 523 πρὸς
417 453 519 525 τὴν
537 452 714 526 ἀρχὴν
737 459 851 508 τῶν
873 452 1208 525 ἀστυνόμων
1226 454 1499 530 ἀπαγέτω,
1521 467 1624 516 τοῦ
1640 461 1870 517 τύπτειν
1884 464 1948 518 δὲ

261 537 551 604 εἰργέσθω,
572 538 664 591 ἵνα
684 534 874 604 πόρρω
893 541 1147 606 γίγνηται
1163 543 1267 592 τοῦ
1294 537 1393 594 τὸν
1412 540 1708 611 ἐπιχώριον
1725 538 1797 597 ἂν
1819 549 1948 598 τολ-

203 631 236 673 Ε
262 619 438 686 μήσαί
442 631 584 671 ποτε
601 614 857 681 πατάξαι·
878 618 935 671 oc
951 613 1003 670 δ’
1025 614 1328 719 ἀστυνόμοι
1348 621 1762 693 παραλαβόντες
1779 644 1838 678 τε
1857 623 1949 678 καὶ

257 694 675 767 ἀνακρίναντες,
706 695 816 753 τὸν
845 695 1067 763 ξενικὸν
1101 702 1175 754 αὐ
1211 698 1355 757 θεὸν
1392 699 1811 774 εὐλαβούμενοι,
1851 702 1949 759 ἐὰν

256 776 366 848 ἄρα
385 777 588 841 ἀδίκως
605 781 742 850 δοκῇ
768 776 798 833 ὁ
832 781 986 844 ξένος
1013 778 1113 835 τὸν
1141 781 1435 853 ἐπιχωριον
1463 784 1708 854 τύπτειν,
1741 792 1809 856 τῇ
1838 786 1948 855 μά-

258 871 402 926 στιγι
431 855 533 911 τὸν
567 859 729 922 ξένον
764 856 898 922 ὅσας
929 855 1002 912 ὅίν
1028 859 1195 925 αὐτὸς
1222 864 1432 936 πατάξῃ
1456 866 1729 932 τοσαύτας
1757 866 1950 930 δόντες

256 943 353 1009 τῆς
372 941 745 1009 θρασυξενίας
763 939 1089 996 παυόντων·
1125 941 1227 997 ἐὰν
1242 943 1302 998 δε
1316 943 1390 1014 μὴ
1411 945 1591 1017 ἀδικῇ,
1613 945 1949 1019 ἀπειλήσαν-

230 1068 233 1070 K
255 1021 344 1085 τές
363 1041 421 1076 τε
444 1021 537 1079 καὶ
564 1019 936 1086 ὀνειδίσαντες
964 1029 1045 1096 τςό
1063 1020 1410 1095 ἀπαγαγόντι
1437 1028 1787 1097 μεθιέντων’
1763 1029 1947 1099 α’μφω.

254 1093 378 1172 ἧλιξ
406 1102 467 1158 δὲ
502 1099 666 1172 ἥλικα
703 1103 796 1156 καὶ
827 1099 930 1157 τὸν
962 1102 1169 1159 ἄπαιδα
1198 1107 1504 1176 προέχοντα
1531 1105 1719 1182 ἡλικία
1746 1109 1949 1165 ἑαυτοῦ

140 1201 228 1248 880
255 1182 356 1241 ἐὰν
382 1184 577 1256 τύπτῃ,
606 1185 788 1255 γέρων
818 1205 878 1240 τε
905 1188 1141 1258 γέροντα
1169 1190 1262 1243 καὶ
1293 1187 1393 1244 ἐὰν
1421 1192 1546 1256 νέος
1571 1194 1718 1260 νέον,
1742 1189 1948 1262 ἀμυνέ-

257 1273 382 1332 σθω
418 1264 555 1322 κατὰ
596 1265 774 1337 φύσιν
809 1288 950 1323 ανευ
978 1272 1177 1339 βέλους
1205 1277 1390 1337 ψιλαῖς
1418 1283 1537 1338 ταῖς
1564 1277 1779 1343 χερσίν·
1819 1271 1847 1328 ὁ
1889 1274 1949 1329 δὲ

253 1345 394 1417 ὑπὲρ
422 1348 826 1418 τετταράκοντα
843 1348 1088 1420 γεγονώς
1119 1355 1210 1422 ἐτη
1240 1350 1340 1407 ἐὰν
1365 1359 1540 1427 τολμᾷ
1569 1375 1645 1427 τω
1673 1355 1949 1425 μάχεσθαι

255 1438 363 1486 εἴτε
392 1430 580 1502 ἄρχων
613 1438 719 1486 εἴτε
756 1430 1128 1502 ἀμυνόμενος,
1159 1431 1421 1502 ἄγροικος
1448 1436 1540 1490 καὶ
1575 1434 1948 1506 ἀνελεύθερος

254 1507 328 1568 ὄὶν
362 1512 662 1582 λεγόμενος
699 1509 1138 1584 ἀνδραποδώδης
1172 1535 1232 1569 τε
1268 1517 1424 1586 δίκης
1460 1511 1534 1571 ἄν
1568 1519 1947 1572 ἐπονειδίστου

251 1593 548 1663 τυγχάνων
566 1592 628 1648 τὸ
661 1596 876 1665 πρέπον
898 1597 1026 1664 ἔχοι.
1063 1597 1156 1650 καὶ
1185 1594 1285 1651 ἐὰν
1311 1599 1415 1667 μέν
1437 1617 1518 1662 τις
1539 1596 1812 1663 τοιούτοις
1840 1617 1949 1652 πα-

253 1681 553 1748 ραμυθίοις
573 1674 841 1748 εὐπειθὴς
869 1683 1141 1750 γίγνηται,
1168 1678 1390 1751 εὐήνιος
1409 1678 1483 1735 ἂν
1511 1689 1619 1753 εἴη·
1658 1679 1688 1738 ὁ
1722 1682 1781 1739 δὲ
1809 1686 1948 1738 δυσ-

252 1758 454 1831 πειθὴς
497 1761 592 1816 καὶ
629 1761 802 1832 μηδὲν
839 1766 1137 1833 προοιμίου
1175 1767 1487 1834 φροντίζων
1519 1762 1716 1836 δέχοιτ’
1748 1763 1822 1821 ὂὶν
1848 1765 1947 1820 τὸν

189 1865 223 1906 Β
251 1843 470 1898 τοιόνδε
501 1841 727 1913 ἑτοίμως
748 1842 950 1915 νόμον·
1000 1843 1101 1898 ε’ἀν
1128 1864 1209 1909 τις
1235 1844 1413 1917 τύπτῃ
1439 1843 1539 1900 τὸν
1567 1846 1947 1918 πρεσβύτερον

253 1933 465 1981 εἴκοσιν
485 1928 666 1980 ἔτεσιν
681 1923 719 1995 ἢ
737 1930 989 1981 πλείοσιν
1007 1927 1226 1997 ἑαυτοῦ,
1248 1933 1472 1996 πρῶτον
1491 1927 1594 1998 μὲν
1614 1925 1644 1984 ὁ
1665 1945 1947 1998 προστυγ-

250 2005 457 2077 χάνων,
472 2003 569 2061 ἐάν
581 2005 656 2078 μὴ
675 1999 795 2077 ἧλιξ
815 2007 954 2079 μηδὲ
965 2006 1233 2079 νεώτερος
1251 2002 1290 2079 ᾗ
1304 2003 1419 2064 τῶν
1429 2010 1771 2082 μαχομένων,
1786 2013 1945 2081 διειρ-

252 2090 393 2159 γέτω
412 2085 450 2159 ἦ
466 2087 637 2153 κακὸς
657 2092 794 2162 ἔστω
813 2088 954 2145 κατὰ
973 2089 1176 2162 νόμον*
1214 2088 1313 2146 ε’ἀν
1333 2092 1393 2146 δὲ
1411 2093 1473 2146 ἐν
1497 2097 1567 2163 τῇ
1583 2096 1686 2147 τοῦ
1706 2094 1955 2163 πληγένῑ

255 2191 349 2234 τος
377 2168 565 2245 ἡλικίᾳ
586 2168 623 2243 ἦ
653 2175 731 2227 ἔτι
759 2171 1047 2244 νεώτερος,
1078 2171 1332 2244 ἀμυνέτω
1363 2170 1437 2238 ὥς
1463 2171 1690 2247 ἀδελφῷ
1718 2169 1754 2243 ἢ
1782 2175 1947 2241 πατρὶ

253 2247 290 2321 ἢ
310 2255 388 2306 ἔτι
408 2251 670 2325 ἀνωτέρω
689 2259 767 2328 τῷ
786 2252 1151 2329 ἀδικουμένῳ.
1189 2255 1328 2326 πρὸς
1354 2253 1405 2311 δ’
1425 2259 1503 2311 ἔτι
1523 2259 1683 2327 δίκην
1701 2252 1946 2326 ὑπεχέτω

253 2337 351 2404 τῆς
367 2337 547 2402 αἰκίας
569 2333 598 2389 ὁ
630 2333 732 2390 τόν
762 2336 1160 2408 πρεσβύτερον,
1189 2334 1263 2402 ὦς
1291 2344 1515 2409 εἴρηται,
1539 2336 1818 2407 τολμήσας
1843 2335 1946 2389 τύ-

253 2431 427 2485 πτειν,
450 2416 541 2470 καὶ
560 2412 659 2470 ε’ἀν
688 2414 836 2487 ὅφλῃ
865 2415 969 2486 τὴν
997 2420 1176 2486 δίκην,
1207 2418 1456 2470 δεδέσθω
1482 2414 1654 2485 μηδὲν
1685 2417 1944 2470 ἐνιαυτοῦ

198 2515 229 2558 c
260 2497 652 2568 σμικρότερον·
690 2497 789 2553 ἐὰν
809 2498 867 2553 δὲ
888 2501 947 2564 οἱ
967 2501 1213 2553 δικασταὶ
1228 2498 1494 2569 τιμήσωσι
1514 2501 1783 2568 πλείονος,
1806 2503 1943 2556 ἔστω

253 2578 449 2651 κύριος
467 2576 497 2634 ὅ
517 2579 769 2651 τιμηθεὶς
787 2578 941 2654 αὐτῷ
957 2579 1169 2652 χρόνος.
1206 2578 1304 2635 ἐὰν
1324 2580 1383 2635 δὲ
1403 2582 1555 2646 ξένος
1575 2577 1614 2650 ἢ
1631 2586 1744 2635 τῶν
1761 2584 1945 2651 μετοί-

254 2681 374 2716 κων
397 2682 477 2727 τις
493 2659 675 2736 τύπτῃ
696 2661 796 2718 τ’ὁν
813 2663 1195 2735 πρεσβύτερον
1213 2671 1425 2720 εἴκοσιν
1445 2667 1622 2718 ἔτεσιν
1639 2658 1677 2733 ἦ
1695 2667 1943 2718 πλείοσιν

255 2741 475 2813 ἑαυτοῦ,
520 2746 645 2814 περὶ
681 2746 784 2814 μὲν
820 2750 936 2802 τῶν
973 2746 1445 2817 παραγενομένων
1479 2750 1575 2816 τῆς
1614 2749 1878 2816 βοηθείας
1911 2741 1941 2799 ὁ

256 2821 423 2889 αὐτὸς
443 2824 613 2895 νόμος
634 2827 792 2896 ἐχέτω
811 2825 916 2898 τὴν
937 2826 1113 2899 αὐτὴν
1133 2828 1392 2899 δύναμιν,
1415 2825 1443 2883 ὁ
1468 2819 1540 2882 δέ’
1557 2823 1662 2898 τὴν
1680 2825 1944 2896 τοιαύτην
