1976 3172
202 104 311 158 -196
817 103 1000 150 ’ΠΛΑ
1019 102 1300 150 ΤΩΝΟΣ

146 259 177 297 Β
210 243 432 310 θυσιῷν
448 257 507 292 τε
531 237 623 292 καὶ
643 239 809 308 ἱερῶν
825 238 1158 306 γενομένων.
1195 233 1228 305 ἡ
1251 236 1310 289 δὲ
1329 237 1646 290 παιδοποιία
1666 237 1755 291 καὶ
1777 257 1890 306 φυ-

206 319 344 392 λακὴ
377 312 489 376 τῶν
519 321 1036 390 παιδοποιουμένων
1076 320 1282 381 δεκέτις
1317 321 1472 388 ἔστω,
1515 316 1597 388 μὴ,
1629 323 1796 373 πλείω
1833 322 1891 374 δὲ

205 402 428 473 χρόνον,
449 401 584 457 ὅταν
603 399 795 473 εὔροια
820 395 856 474 ᾖ
875 406 971 470 τῆς
993 403 1281 470 γενέσεως·
1331 394 1404 453 ἀν
1433 398 1508 456 δὲ,
1525 398 1728 470 ἄγονοί
1750 421 1893 464 τινες

207 489 282 549 εἰς
310 489 511 540 τοῦτον
541 487 840 553 γίγνωνται
868 480 966 537 τὸν
995 480 1221 552 χρόνον,
1253 477 1386 550 μετὰ
1410 487 1523 535 τῶν
1554 486 1772 537 οἰκείων
1802 484 1893 538 καὶ

207 563 498 637 ἀρχουσῶν
517 569 803 634 γυναικῶν
823 561 1254 631 διαζεύγνυσθαι
1272 567 1433 632 κοινῇ
1452 564 1893 633 βουλευομένους
1958 611 1961 613 Α

209 650 282 710 εἰς
302 643 369 700 τὰ
389 642 684 714 πρόσφορα
699 644 986 712 ἑκατέροις.
1013 643 1108 698 ἐὰν
1122 640 1167 697 δ’
1191 640 1595 714 ἀμφισβήτησίς
1614 648 1892 714 τιςγίγνη-

207 746 295 781 ται
313 726 569 796 περὶτῶν
600 725 874 796 ἑκατέροις
903 722 1231 794 πρεπόντων
1261 723 1352 778 καὶ
1382 723 1741 794 προσφόρων,
1764 726 1894 779 δέκα
1960 779 1965 787 Ι

150 827 181 868 c
210 813 321 861 τῶν
352 804 770 873 νομοφυλάκων
809 807 1119 874 ἑλομένους,
1148 798 1228 867 οἷς
1265 798 1337 858 ἀν
1376 805 1740 875 ἐπιτρέψωσιν
1781 807 1893 860 οἵδε
1958 796 1976 843 ’ἶ

174 953 179 961 .
213 889 322 956 [καὶ
339 885 573 954 τάξωσι],
595 883 812 948 τούτοις
829 885 1098 953 ἐμμένειν.
1138 887 1406 938 εἰσιοῦσαι
1427 882 1478 939 δ’
1514 890 1589 950 εἰς
1607 885 1703 951 τὰς
1725 889 1896 950 οἰκίας

209 974 322 1022 τῶν
341 969 484 1022 νέων
504 968 565 1020 αἱ
586 975 846 1035 γυναῖκες
866 961 933 1018 τὰ
954 963 1057 1034 μὲν
1076 967 1468 1034 νουθετοῦσαι,
1482 963 1549 1019 τὰ
1566 965 1624 1020 δὲ
1642 969 1732 1021 καὶ
1750 965 1875 1022 ἀπει
1955 977 1964 996 ”

210 1053 408 1104 λοῦσαι
426 1046 724 1102 παυόντων
744 1043 948 1109 αὐτοὺς
976 1049 1072 1115 τῆς
1093 1042 1369 1116 ἁμαρτίας·
1386 1046 1478 1100 καὶ
1505 1043 1768 1116 ἀμαθίας·
1799 1045 1896 1102 ἐὰν

211 1127 265 1184 δ’
287 1129 622 1199 ἀδυνατωσι,
640 1125 777 1197 πρὸς
797 1123 927 1189 τοὺς
941 1123 1337 1196 νομοφύλακας
1356 1130 1539 1181 ἰοῦσαι
1554 1126 1896 1209 φραζόντων

213 1215 269 1267 οἱ
281 1209 341 1266 ·’δ
363 1209 680 1282 εἰργόντων.
703 1207 776 1263 ἀν
797 1208 856 1263 δὲ
876 1207 966 1262 καὶ
987 1209 1193 1262 ἐκεινοί
1207 1225 1322 1272 πως
1341 1205 1746 1279 ἀδυνατήσωσι,
1761 1208 1900 1278 πρὸς

211 1295 271 1348 τὸ
311 1292 578 1364 δημόσιον
618 1288 1050 1362 ἀποφηνάντων,
1090 1287 1510 1358 ἀναγράψαντές
1546 1310 1602 1344 τε
1639 1292 1729 1346 καὶ
1765 1288 1900 1361 ὀμό-

145 1390 180 1430 D
213 1392 406 1438 σαντες
428 1376 462 1443 ἡ
486 1372 598 1443 μὴν
619 1369 915 1427 ἀδυνατειν
939 1369 1038 1424 τὸν
1066 1369 1157 1423 καὶ
1184 1368 1285 1423 τὸν
1313 1374 1507 1439 βελτίω
1537 1382 1741 1424 ποιεῖν·
1780 1369 1808 1425 ὁ
1841 1375 1899 1426 δὲ

215 1455 557 1525 ἀναγραφεὶς
577 1450 767 1521 ἄτιμος
787 1454 942 1518 ἔστω,
963 1448 1036 1520 μὴ
1061 1449 1202 1505 ἔλων
1222 1450 1282 1505 ἐν
1302 1453 1631 1523 δικαστηρίῳ
1657 1472 1787 1515 τους
1809 1453 1900 1519 ἐγ-

214 1535 554 1606 γράψαντας,
575 1536 774 1588 τοδνδε·
822 1532 956 1602 μήτε
974 1529 1080 1600 γὰρ
1103 1536 1178 1595 εἰς
1203 1531 1417 1601 γάμους
1442 1539 1538 1585 ἴτω
1559 1530 1692 1601 μήτε
1713 1535 1788 1596 εἰς
1807 1532 1901 1596 τὰς

214 1622 328 1672 τῶν
347 1620 562 1672 παίδων
580 1612 988 1683 ἐπιτελειώσεις,
1011 1607 1162 1667 ἀν’δὲ
1190 1619 1263 1684 ἴῃ,
1285 1618 1516 1682 πληγαῖς
1546 1609 1574 1667 ὁ
1605 1614 1902 1683 βουληθεὶς

216 1696 406 1770 ἀθῷος
438 1694 614 1751 αὐτὸν
651 1697 933 1760 κολαζέτω.
973 1691 1040 1747 τὰ
1077 1691 1217 1748 αὐτὰ
1255 1695 1313 1748 δὲ
1350 1695 1440 1750 καὶ
1478 1695 1603 1764 περὶ
1629 1692 1903 1764 ,γυναικὸς
1973 1705 1976 1738 ἵ

215 1783 353 1835 ἔστω
374 1778 582 1848 νόμιμα
596 1798 607 1810 ·
644 1781 758 1831 τῶν
778 1775 986 1841 ἐξόδων
1005 1773 1111 1846 γὰρ
1132 1781 1245 1831 τῶν
1263 1781 1596 1846 γυναικείων
1621 1779 1710 1831 καὶ
1730 1780 1903 1845 τιμῶν
1974 1776 1976 1782 ’

216 1862 443 1917 καὶτῶν
464 1862 540 1923 εἰς
557 1857 688 1922 τούς
715 1857 930 1929 γάμους
948 1858 1038 1912 καὶ
1057 1859 1295 1926 γενέσεις
1321 1864 1434 1913 τῶν
1462 1861 1677 1913 παίδων
1706 1858 1903 1928 φοιτή-
1970 1871 1974 1875 “

218 1959 361 1998 σεων
389 1937 462 2011 μὴ
498 1943 778 2010 μετεχέτω,
815 1938 912 1995 ἐὰν
954 1936 1277 2010 ἀκοσμοῦσα
1308 1935 1570 2003 ὡσαύτως
1608 1937 1903 2011 ἀναγραφῇ
1974 1986 1976 1992 .

161 2048 194 2087 E
223 2026 314 2079 καὶ
343 2022 415 2094 μὴ
448 2022 546 2094 ἕλῃ
571 2021 676 2092 τὴν
713 2025 886 2092 δίκην.
926 2019 1062 2076 ὅταν
1099 2023 1157 2076 δὲ
1194 2019 1260 2091 δὴ
1298 2024 1494 2085 παῖδας
1529 2019 1906 2091 γεννήσωνται

218 2103 357 2160 κατὰ
379 2104 607 2175 νόμους,
631 2101 730 2159 ἐὰν
754 2100 1015 2176 ἀλλοτρίᾳ
1038 2123 1117 2168 τις
1147 2104 1271 2172 περὶ
1303 2100 1369 2157 τὰ
1401 2108 1628 2157 τοιαῦτα
1663 2107 1904 2173 κοινωνῇ

219 2188 442 2257 γυναικὶ
460 2182 497 2256 ἢ
518 2183 661 2257 γυνὴ
694 2183 876 2257 ἀνδρί,
909 2186 1007 2240 ἐὰν
1036 2185 1139 2256 μὲν
1167 2187 1687 2255 παιδοποιουμένοις
1714 2188 1809 2253 ἔτι,
1839 2184 1904 2237 τὰ

222 2265 363 2322 αὐτοὶ
382 2267 630 2336 ἐπιζήμια
651 2265 838 2331 αὐτοῖς
857 2271 992 2322 ἔστω
1015 2266 1271 2337 καθάπερ
1291 2278 1405 2332 τοῖς
1435 2271 1512 2322 ἔτι
1542 2268 1907 2336 γεννωμένοις

223 2356 433 2418 εἴρηται
448 2368 458 2379 ·
481 2345 613 2416 μετὰ
639 2347 889 2402 δὲταῦτα
915 2345 944 2402 ὁ
964 2348 1064 2417 μὲν
1086 2355 1400 2418 σωφρονῶν
1421 2350 1513 2403 καὶ
1534 2352 1905 2417 σωφρονοῦσα

222 2435 298 2494 εἰς
334 2425 402 2484 τά
438 2432 666 2487 τοιαῦτα
701 2430 838 2483 ἔστω
876 2428 1057 2483 πάντα
1089 2427 1395 2498 εὐδόκιμος,
1429 2427 1456 2481 ὁ
1491 2426 1548 2482 δὲ
1577 2425 1906 2483 τούναντίον

221 2512 482 2572 ἐναντίως
519 2507 793 2578 τιμάσθω,
825 2513 1038 2579 μᾶλλον
1067 2507 1127 2563 δὲ
1155 2505 1524 2579 ἀτιμαζέσθω·
1564 2509 1655 2563 καὶ
1685 2527 1907 2577 μετρια-

109 2612 194 2660 785
222 2592 430 2659 ζόντων
449 2588 551 2662 μὲν
581 2591 703 2662 περὶ
732 2588 799 2646 τὰ
819 2596 1045 2647 τοιαῦτα
1075 2612 1189 2646 των
1217 2589 1494 2646 πλειόνων
1526 2588 1907 2660 ἀνομοθέτητα

226 2692 351 2745 σιγῃ
331 2677 589 2753 κείσθω,
605 2671 1001 2744 ἀκοσμούντων
1014 2671 1074 2729 δε
1086 2676 1539 2745 νομοθετηθέντα
1551 2670 1722 2744 ταύτη
1735 2690 1908 2772 πρατ-

225 2759 408 2811 τέσθω
435 2752 572 2810 κατὰ
609 2754 739 2819 τοὺς
774 2755 896 2812 τότε
914 2759 1195 2821 τεθέντας
1230 2753 1450 2826 νόμους.
1490 2759 1617 2826 βίου
1638 2775 1740 2825 μεν
1769 2750 1906 2822 ἀρχὴ
