1976 3172
59 527 98 565 'xst—
153 534 156 539 ’

169 268 203 309 C

228 128 299 180 42
832 130 945 179 HA
962 132 1011 178 A
1031 131 1129 178 ΤΩ
1142 133 1195 179 Ν
1209 133 1250 180 O
1263 134 1313 178 Σ
1565 190 1575 203 Δ,

375 268 494 318 ΚΛ.
532 268 794 319 Φαίνεται
814 262 990 328 οὕτως
1017 260 1091 319 οἳν
1110 271 1282 320 ταῦτα
1303 269 1446 335 ἔχειν
1468 205 1712 358 εκίών
1679 262 1789 320 ὑπὸ
1813 273 1917 320 σοῦ

230 341 298 398 τὰ
319 349 430 399 νῦν
448 345 776 415 λεχθέντων.

370 430 451 480 IV.
490 432 608 482 ΑΘ.
641 421 758 498 Ἆρ’
788 422 895 482 οὗν
913 435 1261 499 θαρροῦντες
1288 432 1533 499 λέγωμεν
1550 426 1655 499 τὴν
1681 433 1750 501 τῇ
1775 450 1917 499 μου-

228 513 357 578 σικῇ
375 508 466 562 καὶ
484 512 550 579 τῇ
570 511 764 581 παιδιᾷ
783 505 917 579 μετὰ
936 514 1152 607 χορείας
1161 514 1349 580 χρείαν
1368 508 1706 582 ὀρθὴνεῖναι
1723 494 1976 583 τοιῷδέῖ

13 606 56 662 ἐἰ
225 609 337 643 τινι
373 587 590 662 τρόπῳ;
639 594 902 661 χαίρομεν
940 589 1077 646 ὅταν
1114 591 1366 661 οἰώμεθα
1405 594 1468 646 εὐ
1509 591 1788 661 πράττειν,
1824 593 1916 647 καὶ
1974 618 1976 622 ’

139 673 166 701 ³'
225 666 437 725 ὁπόταν
478 674 771 742 χαίρωμεν,
821 670 1058 742 οἰόμεθα
1098 694 1162 727 ευ
1209 672 1472 743 πράττειν
1504 668 1604 738 αὗ;
1650 678 1772 742 μῶν
1814 669 1913 742 οὐχ

225 748 430 818 οὕτως;

363 837 490 887 ΚΛ.·
524 833 688 888 Οὕτω
707 833 808 905 μὲν
830 828 950 890 οὖν.
1651 880 1652 883 ¹

368 919 488 969 ΑΘ.
526 915 637 970 Καὶ
655 913 767 986 μὴν
785 920 847 971 ἔν
865 938 927 986 γε
940 923 1018 990 τῷ
1035 917 1268 991 τοιούτῳ
1289 921 1571 988 χαίροντες
1589 913 1822 987 ἡσυχίαν
1845 914 1913 970 οὐ

224 993 519 1065 δυνάμεθα
537 994 709 1065 ἄγειν.

365 1083 486 1132 KA.
516 1077 666 1133 ’Ἐστι
683 1086 872 1133 ταῦτα.

366 1165 484 1214 ΑΘ.
517 1152 636 1229 Ἆρ’
657 1154 780 1227 οὖν
803 1156 903 1230 οὐχ
933 1157 1095 1231 ἡμῶν
1122 1163 1181 1215 οἰ
1203 1161 1307 1232 μὲν
1335 1164 1452 1216 νέοι
1481 1159 1638 1217 αὐτοὶ
1664 1160 1915 1231 χορεύειν

222 1241 448 1310 ἕτοιμοι,
468 1238 529 1295 τὸ
551 1240 612 1296 δὲ
630 1247 745 1297 τών
765 1245 1158 1313 πρεσβυτέρων
1168 1241 1355 1314 ἡμῶν,
1387 1245 1634 1307 ἐκείνους
1662 1236 1737 1298 αὖ
1765 1250 1915 1298 θεω-

223 1326 455 1393 ροῦντες
475 1322 687 1392 διάγειν
716 1320 1009 1393 ἡγούμεθα
1029 1322 1368 1394 πρεπόντως,
1389 1329 1671 1394 χαίροντες
1689 1330 1757 1394 τῇ
1776 1326 1915 1377 ἐκεί-

223 1426 343 1459 νων
361 1408 558 1476 παιδιᾷ
574 1425 633 1458 τε
651 1407 743 1459 καὶ
762 1404 1027 1475 ἑορτάσει,
1050 1405 1235 1476 ἐπειδὴ
1256 1403 1318 1460 τὸ
1341 1402 1464 1475 παρ’
1485 1402 1617 1476 ἡμῖν
1634 1402 1777 1476 ἡμᾶς
1797 1406 1911 1459 ε’λα-

199 1540 201 1543 .
223 1484 374 1583 φρόν
393 1487 631 1540 ἐκλείπει
649 1493 775 1558 νῦν,
798 1484 829 1541 ὃ
848 1493 1161 1552 ποθοῦντες
1180 1488 1273 1542 καὶ
1289 1484 1660 1557 ἀσπαζόμενοι
1687 1491 1913 1556 τίθεμεν

224 1564 404 1632 ου’τως
423 1565 644 1638 άγωνας
664 1581 776 1633 τοῖς
795 1567 1176 1640 δυναμένοις
1145 1575 1289 1641 ημᾶς
1310 1567 1342 1625 ὅ
1359 1590 1411 1624 τι
1437 1568 1675 1639 μάλιστα
1707 1571 1782 1631 εἰς
1812 1565 1914 1636 τὴν
1969 1612 1972 1613 ⁷

221 1647 455 1718 νεότητα
481 1646 669 1720 μνήμῃ
698 1651 1026 1721 έπεγείρειν;

262 1757 269 1759 *
300 1738 309 1743 '⁴
362 1735 481 1786 KA.
519 1729 902 1802 Ἀληθέστατα.
943 1768 946 1770 -

366 1817 484 1867 ΑΘ.
524 1818 675 1868 Μών
705 1807 811 1868 οὖν
841 1813 1092 1884 οἰώμεθα
1121 1815 1213 1868 καὶ
1239 1816 1438 1885 κομιδῇ
1466 1812 1648 1883 μάτην
1675 1810 1775 1867 τὸν
1804 1817 1913 1866 νῦν

162 1898 197 1940 Ε
225 1890 529 1962 λεγόμενον
548 1892 719 1963 λόγον
738 1897 995 1963 περὶτῶν
1014 1894 1386 1966 ἑορταζόντων
1413 1895 1598 1964 λέγειν
1625 1893 1756 1958 τοὺς
1775 1898 1913 1947 πολ-

222 1972 376 2042 λούς,
419 1971 508 2028 ὅτι
542 1982 744 2031 τοῦτον
773 1980 871 2031 δεῖ
902 1975 1232 2047 σοφώτατον
1271 1974 1533 2046 ἡγεῖσθαι
1571 1975 1676 2031 καὶ,
1699 1978 1911 2042 κρίνειν

221 2060 407 2128 νικᾷν,
431 2053 490 2120 ὃς
511 2052 583 2111 ἄν
601 2055 747 2129 ἡμᾶς
771 2057 1183 2130 εὐφραίνεσθαι
1206 2060 1298 2114 καὶ
1316 2063 1526 2128 χαίρειν
1547 2055 1581 2112 ὅ
1607 2078 1659 2111 τι
1677 2055 1912 2126 μάλιστα

222 2133 619 2207 άατεργάζηταις
666 2142 755 2194 δεῖ
775 2139 885 2209 γὰρ
916 2139 1004 2210 δή,
1035 2141 1257 2207 ἐπείπερ
1296 2137 1575 2209 ἀφείμεθα
1611 2140 1822 2202 παίζειν
1852 2138 1911 2190 ἐν
1966 2154 1970 2190 2

220 2227 336 2291 τοῖς
372 2217 661 2287 τοιούτοις,
687 2219 788 2274 τὸν
823 2226 1116 2285 πλείστους
1150 2222 1243 2275 καὶ
1277 2221 1514 2290 μάλιστα
1547 2224 1758 2290 χαίρειν
1784 2237 1911 2272 ποι-

222 2304 416 2368 οῦντα,
438 2305 643 2354 τοῦτον
671 2301 908 2370 μάλιστα
937 2307 1213 2371 τιμᾶσθαί
1242 2322 1302 2356 τε
1325 2306 1436 2372 καί,
1468 2300 1606 2368 ὅπερ
1628 2299 1783 2354 εἷπον
1802 2305 1909 2352 νῦν

225 2378 312 2450 δή,
333 2378 399 2435 τὰ
421 2381 714 2452 νικητήρια
733 2382 952 2452 φέρειν;
976 2376 1071 2451 ἆρ’
1095 2379 1200 2436 οὐκ
1219 2379 1408 2453 ὀρθῶς
1428 2383 1646 2450 λέγεταί
1658 2401 1717 2434 τε
1743 2385 1906 2434 τοῦτο

103 2479 193 2526 658
219 2463 312 2518 καὶ
329 2461 613 2533 πράττοιτ’
635 2463 724 2534 ἄν,
747 2468 798 2519 εἰ
812 2464 986 2535 ταύτῃ
1003 2468 1272 2533 γίγνοιτος

363 2550 484 2599 ΚΛ.
527 2542 658 2615 Τάχ’
683 2545 771 2599 ἄν.

362 2633 480 2683 ΑΘ.
516 2625 680 2698 Ἀλλ’,
713 2622 760 2683 ώ
786 2628 1037 2699 μακάριε,
1058 2626 1134 2699 μὴ
1162 2627 1298 2699 ταχὺ
1327 2626 1388 2683 τὸ
1417 2631 1675 2682 τοιοῦτον
1701 2631 1906 2694 κρίνω-
1974 2652 1976 2679 1

222 2731 343 2781 μεν,
377 2707 519 2765 ἀλλὰ
551 2713 895 2781 διαιροῦντες
924 2708 1061 2766 αὐτὸ
1097 2709 1242 2766 κατὰ
1260 2713 1398 2810 μέρη
1428 2708 1767 2780 σκοπώμεθα
1791 2729 1905 2763 τοι-
1972 2764 1975 2771 A

223 2793 335 2846 ωδέ
356 2813 464 2847 τινι
489 2791 705 2866 τρόπω·
742 2792 861 2848 τί”
824 2815 913 2865 αν,
944 2801 1003 2849 ἐἴ
1029 2784 1165 2849 ποτέ
1187 2815 1268 2858 τις
1295 2792 1473 2859 ου’τως
1500 2790 1688 2858 ἁπλως
1715 2789 1906 2861 ἄγωνα
1960 2786 1973 2852 s
