<?xml version="1.0" encoding="UTF-8"?>
<!DOCTYPE html PUBLIC "-//W3C//DTD XHTML 1.0 Transitional//EN"
    "http://www.w3.org/TR/xhtml1/DTD/xhtml1-transitional.dtd">
<html xmlns="http://www.w3.org/1999/xhtml" xml:lang="en" lang="en">
 <head>
  <title>
</title>
<meta http-equiv="Content-Type" content="text/html;charset=utf-8" />
  <meta name='ocr-system' content='tesseract 3.04.00' />
  <meta name='ocr-capabilities' content='ocr_page ocr_carea ocr_par ocr_line ocrx_word'/>
</head>
<body>
  <div class='ocr_page' id='page_1' title='image "./dialogisecumdumt05platuoft_0229.png"; bbox 0 0 1976 3172; ppageno 0'>
   <div class='ocr_carea' id='block_1_1' title="bbox 715 132 1763 204">
    <p class='ocr_par' dir='ltr' id='par_1_1' title="bbox 715 132 1763 204">
     <span class='ocr_line' id='line_1_1' title="bbox 715 132 1763 204; baseline -0.005 -7"><span class='ocrx_word' id='word_1_1' title='bbox 715 140 1033 197; x_wconf 71' lang='grc' dir='ltr'><strong><em>’ΝΟΜΩΝ</em></strong></span> <span class='ocrx_word' id='word_1_2' title='bbox 1069 136 1121 204; x_wconf 74' lang='grc' dir='ltr'><strong><em>ζ’.</em></strong></span> <span class='ocrx_word' id='word_1_3' title='bbox 1656 132 1763 192; x_wconf 84' lang='grc'><strong><em>197</em></strong></span> 
     </span>
    </p>
   </div>
   <div class='ocr_carea' id='block_1_2' title="bbox 17 274 1863 1422">
    <p class='ocr_par' dir='ltr' id='par_1_2' title="bbox 17 274 1863 1422">
     <span class='ocr_line' id='line_1_2' title="bbox 18 274 1766 351; baseline -0.01 -4"><span class='ocrx_word' id='word_1_4' title='bbox 18 280 19 288; x_wconf 30' lang='lat'>¹</span> <span class='ocrx_word' id='word_1_5' title='bbox 67 296 170 346; x_wconf 87' lang='grc' dir='ltr'><strong><em>τοῦ</em></strong></span> <span class='ocrx_word' id='word_1_6' title='bbox 202 284 408 351; x_wconf 84' lang='grc' dir='ltr'><strong><em>παντὸς</em></strong></span> <span class='ocrx_word' id='word_1_7' title='bbox 426 282 687 347; x_wconf 78' lang='grc' dir='ltr'><strong><em>’ἑκάστοις</em></strong></span> <span class='ocrx_word' id='word_1_8' title='bbox 712 277 743 336; x_wconf 84' lang='grc' dir='ltr'>ὁ</span> <span class='ocrx_word' id='word_1_9' title='bbox 780 284 999 348; x_wconf 71' lang='grc' dir='ltr'><strong><em>πρῶτος</em></strong></span> <span class='ocrx_word' id='word_1_10' title='bbox 1035 276 1306 342; x_wconf 84' lang='grc' dir='ltr'><strong><em>ἐνιαυτός·</em></strong></span> <span class='ocrx_word' id='word_1_11' title='bbox 1346 274 1415 332; x_wconf 79' lang='grc' dir='ltr'><strong><em>ὃν</em></strong></span> <span class='ocrx_word' id='word_1_12' title='bbox 1443 275 1766 347; x_wconf 79' lang='grc' dir='ltr'><em>γεγράφθαι</em></span> 
     </span>
     <span class='ocr_line' id='line_1_3' title="bbox 67 356 1763 443; baseline -0.01 -15"><span class='ocrx_word' id='word_1_13' title='bbox 67 369 246 443; x_wconf 80' lang='grc' dir='ltr'><strong><em>χρεων</em></strong></span> <span class='ocrx_word' id='word_1_14' title='bbox 266 372 328 426; x_wconf 83' lang='grc' dir='ltr'><strong><em>ἐν</em></strong></span> <span class='ocrx_word' id='word_1_15' title='bbox 362 372 558 436; x_wconf 81' lang='grc' dir='ltr'><strong><em>ίεροῑσι</em></strong></span> <span class='ocrx_word' id='word_1_16' title='bbox 585 360 862 434; x_wconf 68' lang='grc' dir='ltr'><strong><em>πατρῴοις</em></strong></span> <span class='ocrx_word' id='word_1_17' title='bbox 897 363 1036 430; x_wconf 78' lang='grc' dir='ltr'><strong><em>ζωῆς</em></strong></span> <span class='ocrx_word' id='word_1_18' title='bbox 1072 356 1248 430; x_wconf 76' lang='grc' dir='ltr'><strong><em>ἀρχὴν</em></strong></span> <span class='ocrx_word' id='word_1_19' title='bbox 1285 357 1436 430; x_wconf 81' lang='grc' dir='ltr'><strong><em>κόρῳ</em></strong></span> <span class='ocrx_word' id='word_1_20' title='bbox 1474 359 1566 413; x_wconf 83' lang='grc' dir='ltr'><strong><em>καὶ</em></strong></span> <span class='ocrx_word' id='word_1_21' title='bbox 1598 356 1763 430; x_wconf 75' lang='grc' dir='ltr'><strong><em>κόρῃ·</em></strong></span> 
     </span>
     <span class='ocr_line' id='line_1_4' title="bbox 17 438 1766 524; baseline -0.007 -21"><span class='ocrx_word' id='word_1_22' title='bbox 17 499 19 503; x_wconf 74' lang='grc'><strong><em>,</em></strong></span> <span class='ocrx_word' id='word_1_23' title='bbox 69 448 540 524; x_wconf 76' lang='grc' dir='ltr'><strong><em>παραγεγράφθαι</em></strong></span> <span class='ocrx_word' id='word_1_24' title='bbox 564 443 619 501; x_wconf 88' lang='grc' dir='ltr'><strong><em>δ’</em></strong></span> <span class='ocrx_word' id='word_1_25' title='bbox 641 447 704 502; x_wconf 81' lang='grc' dir='ltr'><strong><em>ἐν</em></strong></span> <span class='ocrx_word' id='word_1_26' title='bbox 720 447 884 514; x_wconf 73' lang='grc' dir='ltr'><strong><em>τοίχῳ</em></strong></span> <span class='ocrx_word' id='word_1_27' title='bbox 915 441 1311 512; x_wconf 78' lang='grc' dir='ltr'><strong><em>λελευκωμένῳ</em></strong></span> <span class='ocrx_word' id='word_1_28' title='bbox 1341 439 1403 495; x_wconf 82' lang='grc' dir='ltr'><strong><em>ἐν</em></strong></span> <span class='ocrx_word' id='word_1_29' title='bbox 1435 438 1586 511; x_wconf 88' lang='grc' dir='ltr'><strong><em>πάσῃ</em></strong></span> <span class='ocrx_word' id='word_1_30' title='bbox 1616 451 1766 510; x_wconf 85' lang='grc' dir='ltr'><strong><em>φ’ρα-</em></strong></span> 
     </span>
     <span class='ocr_line' id='line_1_5' title="bbox 18 517 1767 607; baseline -0.009 -16"><span class='ocrx_word' id='word_1_31' title='bbox 18 565 19 574; x_wconf 49' lang='lat'>1</span> <span class='ocrx_word' id='word_1_32' title='bbox 68 540 194 607; x_wconf 82' lang='grc' dir='ltr'><strong><em>τρίᾳ</em></strong></span> <span class='ocrx_word' id='word_1_33' title='bbox 212 530 316 589; x_wconf 88' lang='grc' dir='ltr'><strong><em>τόν</em></strong></span> <span class='ocrx_word' id='word_1_34' title='bbox 326 525 575 599; x_wconf 85' lang='grc' dir='ltr'><strong><em>άριθμὸν</em></strong></span> <span class='ocrx_word' id='word_1_35' title='bbox 591 530 707 582; x_wconf 75' lang='grc' dir='ltr'><strong><em>τοῖν</em></strong></span> <span class='ocrx_word' id='word_1_36' title='bbox 725 520 1012 594; x_wconf 79' lang='grc' dir='ltr'><strong><em>ἀρχόντων</em></strong></span> <span class='ocrx_word' id='word_1_37' title='bbox 1029 526 1145 577; x_wconf 71' lang='grc' dir='ltr'><strong><em>τῶν</em></strong></span> <span class='ocrx_word' id='word_1_38' title='bbox 1164 521 1252 576; x_wconf 84' lang='grc' dir='ltr'><strong><em>ἐπὶ</em></strong></span> <span class='ocrx_word' id='word_1_39' title='bbox 1269 529 1384 584; x_wconf 78' lang='grc' dir='ltr'><strong><em>τοῖς</em></strong></span> <span class='ocrx_word' id='word_1_40' title='bbox 1395 522 1574 576; x_wconf 85' lang='grc' dir='ltr'><strong><em>ἔτεσιν</em></strong></span> <span class='ocrx_word' id='word_1_41' title='bbox 1595 517 1767 589; x_wconf 79' lang='grc' dir='ltr'><strong><em>άρνθ-</em></strong></span> 
     </span>
     <span class='ocr_line' id='line_1_6' title="bbox 18 600 1767 687; baseline -0.01 -14"><span class='ocrx_word' id='word_1_42' title='bbox 18 647 19 683; x_wconf 78' lang='lat'>3</span> <span class='ocrx_word' id='word_1_43' title='bbox 70 615 391 687; x_wconf 89' lang='grc' dir='ltr'><strong><em>μουμένων·</em></strong></span> <span class='ocrx_word' id='word_1_44' title='bbox 422 615 520 681; x_wconf 86' lang='grc' dir='ltr'><strong><em>τῆς</em></strong></span> <span class='ocrx_word' id='word_1_45' title='bbox 556 606 616 664; x_wconf 72' lang='grc' dir='ltr'><strong><em>δὲ</em></strong></span> <span class='ocrx_word' id='word_1_46' title='bbox 649 609 921 678; x_wconf 84' lang='grc' dir='ltr'><strong><em>φρατρίας</em></strong></span> <span class='ocrx_word' id='word_1_47' title='bbox 947 602 1031 659; x_wconf 81' lang='grc' dir='ltr'><strong><em>ἀεὶ</em></strong></span> <span class='ocrx_word' id='word_1_48' title='bbox 1060 600 1192 667; x_wconf 82' lang='grc' dir='ltr'><strong><em>τούς</em></strong></span> <span class='ocrx_word' id='word_1_49' title='bbox 1212 605 1417 668; x_wconf 76' lang='grc' dir='ltr'><strong><em>ζῶντας</em></strong></span> <span class='ocrx_word' id='word_1_50' title='bbox 1434 601 1536 673; x_wconf 77' lang='grc' dir='ltr'><strong><em>μὲν</em></strong></span> <span class='ocrx_word' id='word_1_51' title='bbox 1559 601 1767 672; x_wconf 82' lang='grc' dir='ltr'><strong><em>γεγρά-</em></strong></span> 
     </span>
     <span class='ocr_line' id='line_1_7' title="bbox 17 683 1833 767; baseline -0.008 -15"><span class='ocrx_word' id='word_1_52' title='bbox 17 686 20 692; x_wconf 16' lang='grc'><strong><em>4</em></strong></span> <span class='ocrx_word' id='word_1_53' title='bbox 71 704 218 767; x_wconf 86' lang='grc' dir='ltr'><strong><em>φθαι</em></strong></span> <span class='ocrx_word' id='word_1_54' title='bbox 246 695 499 763; x_wconf 81' lang='grc' dir='ltr'><strong><em>πλησίον,</em></strong></span> <span class='ocrx_word' id='word_1_55' title='bbox 530 688 662 754; x_wconf 79' lang='grc' dir='ltr'><strong><em>τοὺς</em></strong></span> <span class='ocrx_word' id='word_1_56' title='bbox 693 685 744 743; x_wconf 89' lang='grc' dir='ltr'><strong><em>δ’</em></strong></span> <span class='ocrx_word' id='word_1_57' title='bbox 779 683 1242 758; x_wconf 79' lang='grc' dir='ltr'><strong><em>ὑπεκχωροῦντας</em></strong></span> <span class='ocrx_word' id='word_1_58' title='bbox 1268 689 1374 740; x_wconf 84' lang='grc' dir='ltr'><strong><em>τοῦ</em></strong></span> <span class='ocrx_word' id='word_1_59' title='bbox 1402 688 1532 755; x_wconf 87' lang='grc' dir='ltr'><strong><em>βίου</em></strong></span> <span class='ocrx_word' id='word_1_60' title='bbox 1560 684 1767 749; x_wconf 83' lang='grc' dir='ltr'><strong><em>έξαλεί-</em></strong></span> <span class='ocrx_word' id='word_1_61' title='bbox 1800 687 1833 729; x_wconf 90' lang='grc' dir='ltr'>Β</span> 
     </span>
     <span class='ocr_line' id='line_1_8' title="bbox 68 764 1769 849; baseline -0.008 -16"><span class='ocrx_word' id='word_1_62' title='bbox 68 798 211 849; x_wconf 90' lang='grc' dir='ltr'><strong><em>φειν.</em></strong></span> <span class='ocrx_word' id='word_1_63' title='bbox 245 773 432 845; x_wconf 79' lang='grc' dir='ltr'><strong><em>γάμου</em></strong></span> <span class='ocrx_word' id='word_1_64' title='bbox 454 773 513 828; x_wconf 81' lang='grc' dir='ltr'><strong><em>δὲ</em></strong></span> <span class='ocrx_word' id='word_1_65' title='bbox 532 769 671 842; x_wconf 83' lang='grc' dir='ltr'><strong><em>ὅρον</em></strong></span> <span class='ocrx_word' id='word_1_66' title='bbox 691 766 833 826; x_wconf 83' lang='grc' dir='ltr'><strong><em>εἶναι</em></strong></span> <span class='ocrx_word' id='word_1_67' title='bbox 860 767 1003 841; x_wconf 82' lang='grc' dir='ltr'><strong><em>κόρῃ</em></strong></span> <span class='ocrx_word' id='word_1_68' title='bbox 1034 768 1136 839; x_wconf 79' lang='grc' dir='ltr'><strong><em>μὲν</em></strong></span> <span class='ocrx_word' id='word_1_69' title='bbox 1163 764 1274 823; x_wconf 74' lang='grc' dir='ltr'><strong><em>ἀπὸ</em></strong></span> <span class='ocrx_word' id='word_1_70' title='bbox 1306 766 1598 825; x_wconf 80' lang='grc' dir='ltr'><strong><em>ἑκκαίδεκα</em></strong></span> <span class='ocrx_word' id='word_1_71' title='bbox 1628 767 1769 822; x_wconf 81' lang='grc' dir='ltr'><strong><em>ἐτῶν</em></strong></span> 
     </span>
     <span class='ocr_line' id='line_1_9' title="bbox 69 846 1770 926; baseline -0.008 -11"><span class='ocrx_word' id='word_1_72' title='bbox 69 863 147 924; x_wconf 81' lang='grc' dir='ltr'><strong><em>εἰς</em></strong></span> <span class='ocrx_word' id='word_1_73' title='bbox 165 864 356 926; x_wconf 77' lang='grc' dir='ltr'><strong><em>εἴκοσι,</em></strong></span> <span class='ocrx_word' id='word_1_74' title='bbox 375 852 479 910; x_wconf 82' lang='grc' dir='ltr'><strong><em>τὸν</em></strong></span> <span class='ocrx_word' id='word_1_75' title='bbox 494 851 847 924; x_wconf 85' lang='grc' dir='ltr'><strong><em>μακρότατον</em></strong></span> <span class='ocrx_word' id='word_1_76' title='bbox 864 850 1074 922; x_wconf 91' lang='grc' dir='ltr'><strong><em>χρόνον</em></strong></span> <span class='ocrx_word' id='word_1_77' title='bbox 1098 846 1513 920; x_wconf 79' lang='grc' dir='ltr'><strong><em>ἀφωρισμένον,</em></strong></span> <span class='ocrx_word' id='word_1_78' title='bbox 1534 846 1687 923; x_wconf 76' lang='grc' dir='ltr'><strong><em>κόρῳ</em></strong></span> <span class='ocrx_word' id='word_1_79' title='bbox 1709 846 1770 902; x_wconf 79' lang='grc' dir='ltr'><strong><em>δὲ</em></strong></span> 
     </span>
     <span class='ocr_line' id='line_1_10' title="bbox 68 928 1770 1009; baseline -0.007 -13"><span class='ocrx_word' id='word_1_80' title='bbox 68 932 177 997; x_wconf 80' lang='grc' dir='ltr'><strong><em>άπὸ</em></strong></span> <span class='ocrx_word' id='word_1_81' title='bbox 215 936 515 1009; x_wconf 87' lang='grc' dir='ltr'><strong><em>τριάκοντα</em></strong></span> <span class='ocrx_word' id='word_1_82' title='bbox 553 934 710 1006; x_wconf 89' lang='grc' dir='ltr'><strong><em>μέχρι</em></strong></span> <span class='ocrx_word' id='word_1_83' title='bbox 743 937 857 988; x_wconf 74' lang='grc' dir='ltr'><strong><em>τῶν</em></strong></span> <span class='ocrx_word' id='word_1_84' title='bbox 895 933 1060 988; x_wconf 83' lang='grc' dir='ltr'><strong><em>πέντε</em></strong></span> <span class='ocrx_word' id='word_1_85' title='bbox 1093 932 1187 987; x_wconf 85' lang='grc' dir='ltr'><strong><em>καὶ</em></strong></span> <span class='ocrx_word' id='word_1_86' title='bbox 1220 928 1546 1001; x_wconf 86' lang='grc' dir='ltr'><strong><em>τριάκοντα·</em></strong></span> <span class='ocrx_word' id='word_1_87' title='bbox 1595 932 1672 994; x_wconf 84' lang='grc' dir='ltr'><strong><em>εἰς</em></strong></span> <span class='ocrx_word' id='word_1_88' title='bbox 1709 928 1770 984; x_wconf 78' lang='grc' dir='ltr'><strong><em>δὲ</em></strong></span> 
     </span>
     <span class='ocr_line' id='line_1_11' title="bbox 70 1008 1770 1092; baseline -0.006 -15"><span class='ocrx_word' id='word_1_89' title='bbox 70 1019 243 1092; x_wconf 80' lang='grc' dir='ltr'><strong><em>ἀρχὰς</em></strong></span> <span class='ocrx_word' id='word_1_90' title='bbox 286 1020 513 1091; x_wconf 82' lang='grc' dir='ltr'><strong><em>γυναικὶ</em></strong></span> <span class='ocrx_word' id='word_1_91' title='bbox 550 1015 653 1088; x_wconf 75' lang='grc' dir='ltr'><strong><em>μὲν</em></strong></span> <span class='ocrx_word' id='word_1_92' title='bbox 697 1008 1122 1085; x_wconf 88' lang='grc' dir='ltr'><strong><em>τετταράκοντα,</em></strong></span> <span class='ocrx_word' id='word_1_93' title='bbox 1160 1010 1325 1083; x_wconf 82' lang='grc' dir='ltr'><strong><em>ἀνδρὶ</em></strong></span> <span class='ocrx_word' id='word_1_94' title='bbox 1365 1014 1426 1070; x_wconf 79' lang='grc' dir='ltr'><strong><em>δὲ</em></strong></span> <span class='ocrx_word' id='word_1_95' title='bbox 1469 1010 1770 1082; x_wconf 88' lang='grc' dir='ltr'><strong><em>τριάκοντα</em></strong></span> 
     </span>
     <span class='ocr_line' id='line_1_12' title="bbox 73 1092 1863 1176; baseline -0.007 -15"><span class='ocrx_word' id='word_1_96' title='bbox 73 1108 193 1176; x_wconf 79' lang='grc' dir='ltr'><strong><em>ἔτη·</em></strong></span> <span class='ocrx_word' id='word_1_97' title='bbox 232 1103 372 1173; x_wconf 82' lang='grc' dir='ltr'><strong><em>πρὸς</em></strong></span> <span class='ocrx_word' id='word_1_98' title='bbox 399 1100 644 1172; x_wconf 90' lang='grc' dir='ltr'><strong><em>πόλεμον</em></strong></span> <span class='ocrx_word' id='word_1_99' title='bbox 678 1100 738 1155; x_wconf 78' lang='grc' dir='ltr'><strong><em>δὲ</em></strong></span> <span class='ocrx_word' id='word_1_100' title='bbox 773 1095 935 1168; x_wconf 75' lang='grc' dir='ltr'><strong><em>ἀνδρὶ</em></strong></span> <span class='ocrx_word' id='word_1_101' title='bbox 964 1095 1067 1168; x_wconf 76' lang='grc' dir='ltr'><strong><em>μὲν</em></strong></span> <span class='ocrx_word' id='word_1_102' title='bbox 1103 1103 1276 1153; x_wconf 80' lang='grc' dir='ltr'><strong><em>εἴκοσι</em></strong></span> <span class='ocrx_word' id='word_1_103' title='bbox 1303 1099 1458 1167; x_wconf 88' lang='grc' dir='ltr'><strong><em>μέχρι</em></strong></span> <span class='ocrx_word' id='word_1_104' title='bbox 1494 1100 1610 1152; x_wconf 76' lang='grc' dir='ltr'><strong><em>τῶν</em></strong></span> <span class='ocrx_word' id='word_1_105' title='bbox 1647 1092 1770 1166; x_wconf 81' lang='grc' dir='ltr'><strong><em>ἑξή-</em></strong></span> <span class='ocrx_word' id='word_1_106' title='bbox 1858 1140 1863 1145; x_wconf 89' lang='grc'><strong><em>,</em></strong></span> 
     </span>
     <span class='ocr_line' id='line_1_13' title="bbox 72 1175 1773 1254; baseline -0.006 -12"><span class='ocrx_word' id='word_1_107' title='bbox 72 1208 245 1242; x_wconf 87' lang='grc' dir='ltr'><strong><em>κοντα</em></strong></span> <span class='ocrx_word' id='word_1_108' title='bbox 265 1188 431 1241; x_wconf 72' lang='grc' dir='ltr'><strong><em>ἐτῶν·</em></strong></span> <span class='ocrx_word' id='word_1_109' title='bbox 467 1182 693 1254; x_wconf 85' lang='grc' dir='ltr'><strong><em>γυναικὶ</em></strong></span> <span class='ocrx_word' id='word_1_110' title='bbox 720 1184 797 1252; x_wconf 88' lang='grc' dir='ltr'><strong><em>δέ,</em></strong></span> <span class='ocrx_word' id='word_1_111' title='bbox 827 1181 898 1252; x_wconf 84' lang='grc' dir='ltr'><strong><em>ἣν</em></strong></span> <span class='ocrx_word' id='word_1_112' title='bbox 917 1175 990 1235; x_wconf 77' lang='grc' dir='ltr'><strong><em>ἂν</em></strong></span> <span class='ocrx_word' id='word_1_113' title='bbox 1009 1182 1150 1252; x_wconf 85' lang='grc' dir='ltr'><strong><em>δοκῇ</em></strong></span> <span class='ocrx_word' id='word_1_114' title='bbox 1166 1184 1358 1250; x_wconf 91' lang='grc' dir='ltr'><strong><em>χρείαν</em></strong></span> <span class='ocrx_word' id='word_1_115' title='bbox 1380 1182 1498 1236; x_wconf 80' lang='grc' dir='ltr'><strong><em>δεῖν</em></strong></span> <span class='ocrx_word' id='word_1_116' title='bbox 1526 1182 1773 1250; x_wconf 85' lang='grc' dir='ltr'><strong><em>χρῆσθαι</em></strong></span> 
     </span>
     <span class='ocr_line' id='line_1_14' title="bbox 72 1257 1772 1338; baseline -0.006 -13"><span class='ocrx_word' id='word_1_117' title='bbox 72 1269 214 1338; x_wconf 87' lang='grc' dir='ltr'><strong><em>πρὸς</em></strong></span> <span class='ocrx_word' id='word_1_118' title='bbox 243 1267 310 1323; x_wconf 81' lang='grc' dir='ltr'><strong><em>τὰ</em></strong></span> <span class='ocrx_word' id='word_1_119' title='bbox 339 1265 626 1337; x_wconf 89' lang='grc' dir='ltr'><strong><em>πολεμικά,</em></strong></span> <span class='ocrx_word' id='word_1_120' title='bbox 658 1260 886 1320; x_wconf 80' lang='grc' dir='ltr'><strong><em>ἐπειδᾶν</em></strong></span> <span class='ocrx_word' id='word_1_121' title='bbox 913 1265 1111 1327; x_wconf 83' lang='grc' dir='ltr'><strong><em>παῖδας</em></strong></span> <span class='ocrx_word' id='word_1_122' title='bbox 1136 1261 1399 1333; x_wconf 78' lang='grc' dir='ltr'><strong><em>γεννήσῃ,</em></strong></span> <span class='ocrx_word' id='word_1_123' title='bbox 1431 1259 1492 1317; x_wconf 83' lang='grc' dir='ltr'><strong><em>τὸ</em></strong></span> <span class='ocrx_word' id='word_1_124' title='bbox 1525 1257 1772 1316; x_wconf 83' lang='grc' dir='ltr'><strong><em>δυνατὸν</em></strong></span> 
     </span>
     <span class='ocr_line' id='line_1_15' title="bbox 72 1343 1772 1422; baseline -0.006 -14"><span class='ocrx_word' id='word_1_125' title='bbox 72 1353 164 1408; x_wconf 84' lang='grc' dir='ltr'><strong><em>καὶ</em></strong></span> <span class='ocrx_word' id='word_1_126' title='bbox 183 1353 398 1422; x_wconf 87' lang='grc' dir='ltr'><strong><em>πρέπον</em></strong></span> <span class='ocrx_word' id='word_1_127' title='bbox 419 1349 674 1412; x_wconf 79' lang='grc' dir='ltr'><strong><em>ἑκάσταις</em></strong></span> <span class='ocrx_word' id='word_1_128' title='bbox 705 1344 1071 1415; x_wconf 85' lang='grc' dir='ltr'><strong><em>προστάττειν</em></strong></span> <span class='ocrx_word' id='word_1_129' title='bbox 1094 1346 1252 1414; x_wconf 89' lang='grc' dir='ltr'><strong><em>μέχρι</em></strong></span> <span class='ocrx_word' id='word_1_130' title='bbox 1283 1350 1397 1398; x_wconf 77' lang='grc' dir='ltr'><strong><em>τῶν</em></strong></span> <span class='ocrx_word' id='word_1_131' title='bbox 1428 1343 1772 1414; x_wconf 85' lang='grc' dir='ltr'><strong><em>πεντήκοντα</em></strong></span> 
     </span>
    </p>
   </div>
   <div class='ocr_carea' id='block_1_3' title="bbox 20 1436 228 1491">
    <p class='ocr_par' dir='ltr' id='par_1_3' title="bbox 20 1436 228 1491">
     <span class='ocr_line' id='line_1_16' title="bbox 20 1436 228 1491; baseline -0.019 1"><span class='ocrx_word' id='word_1_132' title='bbox 20 1437 21 1442; x_wconf 61' lang='grc'>’</span> <span class='ocrx_word' id='word_1_133' title='bbox 72 1436 228 1491; x_wconf 75' lang='grc' dir='ltr'><strong><em>ἐτῶν.</em></strong></span> 
     </span>
    </p>
   </div>
   <div class='ocr_carea' id='block_1_4' title="bbox 891 1765 952 1816">
    <p class='ocr_par' dir='ltr' id='par_1_4' title="bbox 891 1765 952 1816">
     <span class='ocr_line' id='line_1_17' title="bbox 891 1765 952 1816; baseline -0.033 0"><span class='ocrx_word' id='word_1_134' title='bbox 891 1765 952 1816; x_wconf 91' lang='grc' dir='ltr'><strong><em>Ζ.</em></strong></span> 
     </span>
    </p>
   </div>
   <div class='ocr_carea' id='block_1_5' title="bbox 20 1920 1888 2906">
    <p class='ocr_par' dir='ltr' id='par_1_5' title="bbox 20 1920 1888 2574">
     <span class='ocr_line' id='line_1_18' title="bbox 216 1920 1888 1998; baseline -0.003 -17"><span class='ocrx_word' id='word_1_135' title='bbox 216 1930 252 1982; x_wconf 92' lang='lat'><strong><em>1.</em></strong></span> <span class='ocrx_word' id='word_1_136' title='bbox 291 1931 407 1982; x_wconf 86' lang='grc' dir='ltr'><strong><em>ΑΘ.</em></strong></span> <span class='ocrx_word' id='word_1_137' title='bbox 447 1927 780 1998; x_wconf 86' lang='grc' dir='ltr'><strong><em>Γενομένων</em></strong></span> <span class='ocrx_word' id='word_1_138' title='bbox 810 1925 868 1982; x_wconf 79' lang='grc' dir='ltr'><strong><em>δὲ</em></strong></span> <span class='ocrx_word' id='word_1_139' title='bbox 899 1926 1115 1980; x_wconf 87' lang='grc' dir='ltr'><strong><em>παίδων</em></strong></span> <span class='ocrx_word' id='word_1_140' title='bbox 1136 1920 1389 1994; x_wconf 75' lang='grc' dir='ltr'><strong><em>ἀρρένων</em></strong></span> <span class='ocrx_word' id='word_1_141' title='bbox 1410 1924 1501 1976; x_wconf 85' lang='grc' dir='ltr'><strong><em>καὶ</em></strong></span> <span class='ocrx_word' id='word_1_142' title='bbox 1521 1927 1770 1991; x_wconf 73' lang='grc' dir='ltr'><strong><em>θηλειῶν</em></strong></span> <span class='ocrx_word' id='word_1_143' title='bbox 1801 1935 1888 1982; x_wconf 84' lang='grc'><strong><em>788</em></strong></span> 
     </span>
     <span class='ocr_line' id='line_1_19' title="bbox 74 1999 1774 2079; baseline -0.005 -14"><span class='ocrx_word' id='word_1_144' title='bbox 74 2007 294 2079; x_wconf 80' lang='grc' dir='ltr'><strong><em>τροφὴν</em></strong></span> <span class='ocrx_word' id='word_1_145' title='bbox 311 2013 414 2079; x_wconf 81' lang='grc' dir='ltr'><strong><em>μέν</em></strong></span> <span class='ocrx_word' id='word_1_146' title='bbox 436 2029 549 2064; x_wconf 89' lang='grc' dir='ltr'><strong><em>που</em></strong></span> <span class='ocrx_word' id='word_1_147' title='bbox 569 2009 662 2066; x_wconf 85' lang='grc' dir='ltr'><strong><em>καὶ</em></strong></span> <span class='ocrx_word' id='word_1_148' title='bbox 685 2012 942 2064; x_wconf 86' lang='grc' dir='ltr'><strong><em>παιδείαν</em></strong></span> <span class='ocrx_word' id='word_1_149' title='bbox 960 2005 1022 2062; x_wconf 85' lang='grc' dir='ltr'><strong><em>τὸ</em></strong></span> <span class='ocrx_word' id='word_1_150' title='bbox 1042 2003 1179 2077; x_wconf 78' lang='grc' dir='ltr'><strong><em>μετὰ</em></strong></span> <span class='ocrx_word' id='word_1_151' title='bbox 1199 2011 1371 2059; x_wconf 86' lang='grc' dir='ltr'><strong><em>ταῦτα</em></strong></span> <span class='ocrx_word' id='word_1_152' title='bbox 1392 2005 1576 2073; x_wconf 86' lang='grc' dir='ltr'><strong><em>λέγειν</em></strong></span> <span class='ocrx_word' id='word_1_153' title='bbox 1595 1999 1774 2074; x_wconf 85' lang='grc' dir='ltr'><strong><em>ὀρθό-</em></strong></span> 
     </span>
     <span class='ocr_line' id='line_1_20' title="bbox 76 2081 1775 2163; baseline -0.004 -17"><span class='ocrx_word' id='word_1_154' title='bbox 76 2085 195 2146; x_wconf 89' lang='grc' dir='ltr'><strong><em>τατ’</em></strong></span> <span class='ocrx_word' id='word_1_155' title='bbox 219 2084 292 2143; x_wconf 74' lang='grc' dir='ltr'><strong><em>ἄν</em></strong></span> <span class='ocrx_word' id='word_1_156' title='bbox 310 2087 555 2159; x_wconf 77' lang='grc' dir='ltr'><strong><em>γίγνοιθ’</em></strong></span> <span class='ocrx_word' id='word_1_157' title='bbox 578 2088 730 2161; x_wconf 76' lang='grc' dir='ltr'><strong><em>ἡμῖν,</em></strong></span> <span class='ocrx_word' id='word_1_158' title='bbox 750 2089 824 2163; x_wconf 78' lang='grc' dir='ltr'><strong><em>ἢν</em></strong></span> <span class='ocrx_word' id='word_1_159' title='bbox 842 2087 983 2145; x_wconf 83' lang='grc' dir='ltr'><strong><em>εἶναι</em></strong></span> <span class='ocrx_word' id='word_1_160' title='bbox 1002 2087 1105 2159; x_wconf 75' lang='grc' dir='ltr'><strong><em>μὲν</em></strong></span> <span class='ocrx_word' id='word_1_161' title='bbox 1125 2084 1371 2158; x_wconf 76' lang='grc' dir='ltr'><strong><em>ἄρρητον</em></strong></span> <span class='ocrx_word' id='word_1_162' title='bbox 1391 2085 1612 2151; x_wconf 89' lang='grc' dir='ltr'><strong><em>πάντως</em></strong></span> <span class='ocrx_word' id='word_1_163' title='bbox 1631 2081 1775 2141; x_wconf 83' lang='grc' dir='ltr'><strong><em>ἀδύ-</em></strong></span> 
     </span>
     <span class='ocr_line' id='line_1_21' title="bbox 78 2162 1774 2244; baseline -0.003 -17"><span class='ocrx_word' id='word_1_164' title='bbox 78 2192 265 2241; x_wconf 89' lang='grc' dir='ltr'><strong><em>νατον,</em></strong></span> <span class='ocrx_word' id='word_1_165' title='bbox 287 2174 552 2243; x_wconf 78' lang='grc' dir='ltr'><strong><em>λεγομένη</em></strong></span> <span class='ocrx_word' id='word_1_166' title='bbox 582 2172 641 2227; x_wconf 76' lang='grc' dir='ltr'><strong><em>δὲ</em></strong></span> <span class='ocrx_word' id='word_1_167' title='bbox 662 2174 855 2244; x_wconf 83' lang='grc' dir='ltr'><strong><em>διδαχῇ</em></strong></span> <span class='ocrx_word' id='word_1_168' title='bbox 881 2171 989 2226; x_wconf 86' lang='grc' dir='ltr'><strong><em>τινὶ</em></strong></span> <span class='ocrx_word' id='word_1_169' title='bbox 1017 2170 1109 2225; x_wconf 83' lang='grc' dir='ltr'><strong><em>καὶ</em></strong></span> <span class='ocrx_word' id='word_1_170' title='bbox 1137 2169 1471 2239; x_wconf 83' lang='grc' dir='ltr'><strong><em>νουθετήσει</em></strong></span> <span class='ocrx_word' id='word_1_171' title='bbox 1497 2173 1710 2239; x_wconf 80' lang='grc' dir='ltr'><strong><em>μᾶλλον</em></strong></span> <span class='ocrx_word' id='word_1_172' title='bbox 1738 2162 1774 2240; x_wconf 81' lang='grc' dir='ltr'><em>ἢ</em></span> 
     </span>
     <span class='ocr_line' id='line_1_22' title="bbox 20 2247 1775 2326; baseline -0.002 -16"><span class='ocrx_word' id='word_1_173' title='bbox 20 2278 21 2285; x_wconf 61' lang='grc'>’</span> <span class='ocrx_word' id='word_1_174' title='bbox 76 2254 268 2325; x_wconf 84' lang='grc' dir='ltr'><strong><em>νόμοις</em></strong></span> <span class='ocrx_word' id='word_1_175' title='bbox 287 2250 452 2309; x_wconf 74' lang='grc' dir='ltr'><strong><em>εἰκυῖ’</em></strong></span> <span class='ocrx_word' id='word_1_176' title='bbox 482 2250 555 2310; x_wconf 77' lang='grc' dir='ltr'><strong><em>ἂν</em></strong></span> <span class='ocrx_word' id='word_1_177' title='bbox 575 2250 710 2326; x_wconf 82' lang='grc' dir='ltr'><strong><em>ἡμῖν</em></strong></span> <span class='ocrx_word' id='word_1_178' title='bbox 731 2258 1001 2326; x_wconf 89' lang='grc' dir='ltr'><strong><em>φαίνοιτο.</em></strong></span> <span class='ocrx_word' id='word_1_179' title='bbox 1045 2255 1156 2326; x_wconf 79' lang='grc' dir='ltr'><strong><em>ἰδίᾳ</em></strong></span> <span class='ocrx_word' id='word_1_180' title='bbox 1186 2251 1292 2322; x_wconf 82' lang='grc' dir='ltr'><strong><em>γὰρ</em></strong></span> <span class='ocrx_word' id='word_1_181' title='bbox 1323 2253 1414 2307; x_wconf 87' lang='grc' dir='ltr'><strong><em>καὶ</em></strong></span> <span class='ocrx_word' id='word_1_182' title='bbox 1442 2247 1562 2307; x_wconf 87' lang='grc' dir='ltr'><strong><em>κατ’</em></strong></span> <span class='ocrx_word' id='word_1_183' title='bbox 1599 2255 1775 2316; x_wconf 83' lang='grc' dir='ltr'><strong><em>οἰκίας</em></strong></span> 
     </span>
     <span class='ocr_line' id='line_1_23' title="bbox 20 2332 1775 2408; baseline -0.002 -17"><span class='ocrx_word' id='word_1_184' title='bbox 20 2347 21 2350; x_wconf 78' lang='grc'>’</span> <span class='ocrx_word' id='word_1_185' title='bbox 76 2333 258 2392; x_wconf 81' lang='grc' dir='ltr'><strong><em>πολλά</em></strong></span> <span class='ocrx_word' id='word_1_186' title='bbox 278 2337 369 2391; x_wconf 79' lang='grc' dir='ltr'><strong><em>καὶ</em></strong></span> <span class='ocrx_word' id='word_1_187' title='bbox 388 2335 594 2408; x_wconf 81' lang='grc' dir='ltr'><strong><em>σμικρά</em></strong></span> <span class='ocrx_word' id='word_1_188' title='bbox 614 2338 706 2392; x_wconf 80' lang='grc' dir='ltr'><strong><em>καὶ</em></strong></span> <span class='ocrx_word' id='word_1_189' title='bbox 727 2334 833 2392; x_wconf 83' lang='grc' dir='ltr'><strong><em>οὐκ</em></strong></span> <span class='ocrx_word' id='word_1_190' title='bbox 851 2337 1070 2407; x_wconf 79' lang='grc' dir='ltr'><strong><em>ἐκφανῆ</em></strong></span> <span class='ocrx_word' id='word_1_191' title='bbox 1082 2340 1218 2390; x_wconf 77' lang='grc' dir='ltr'><strong><em>πᾶσι</em></strong></span> <span class='ocrx_word' id='word_1_192' title='bbox 1237 2332 1558 2406; x_wconf 85' lang='grc' dir='ltr'><strong><em>γιγνόμενα,</em></strong></span> <span class='ocrx_word' id='word_1_193' title='bbox 1573 2334 1775 2407; x_wconf 79' lang='grc' dir='ltr'><strong><em>ῥᾳδίως</em></strong></span> 
     </span>
     <span class='ocr_line' id='line_1_24' title="bbox 74 2413 1831 2490; baseline -0.003 -16"><span class='ocrx_word' id='word_1_194' title='bbox 74 2413 184 2474; x_wconf 74' lang='grc' dir='ltr'><strong><em>ὑπὸ</em></strong></span> <span class='ocrx_word' id='word_1_195' title='bbox 206 2422 301 2489; x_wconf 86' lang='grc' dir='ltr'><strong><em>τῆς</em></strong></span> <span class='ocrx_word' id='word_1_196' title='bbox 318 2417 568 2473; x_wconf 83' lang='grc' dir='ltr'><strong><em>ἑκάστων</em></strong></span> <span class='ocrx_word' id='word_1_197' title='bbox 586 2416 764 2490; x_wconf 83' lang='grc' dir='ltr'><strong><em>λύπης</em></strong></span> <span class='ocrx_word' id='word_1_198' title='bbox 786 2418 943 2474; x_wconf 79' lang='grc' dir='ltr'><strong><em>τεκαὶ</em></strong></span> <span class='ocrx_word' id='word_1_199' title='bbox 959 2414 1164 2489; x_wconf 81' lang='grc' dir='ltr'><strong><em>ἡδονῆς</em></strong></span> <span class='ocrx_word' id='word_1_200' title='bbox 1182 2416 1274 2472; x_wconf 86' lang='grc' dir='ltr'><strong><em>καὶ</em></strong></span> <span class='ocrx_word' id='word_1_201' title='bbox 1296 2417 1595 2488; x_wconf 83' lang='grc' dir='ltr'><strong><em>ἐπιθυμίας</em></strong></span> <span class='ocrx_word' id='word_1_202' title='bbox 1615 2416 1773 2485; x_wconf 82' lang='grc' dir='ltr'><strong><em>ἕτερα</em></strong></span> <span class='ocrx_word' id='word_1_203' title='bbox 1799 2424 1831 2466; x_wconf 92' lang='grc' dir='ltr'>Β</span> 
     </span>
     <span class='ocr_line' id='line_1_25' title="bbox 22 2496 1775 2574; baseline 0 -21"><span class='ocrx_word' id='word_1_204' title='bbox 22 2543 23 2547; x_wconf 65' lang='lat'>,</span> <span class='ocrx_word' id='word_1_205' title='bbox 78 2497 227 2567; x_wconf 76' lang='grc' dir='ltr'><strong><em>παρὰ</em></strong></span> <span class='ocrx_word' id='word_1_206' title='bbox 247 2498 344 2567; x_wconf 81' lang='grc' dir='ltr'><strong><em>τὰς</em></strong></span> <span class='ocrx_word' id='word_1_207' title='bbox 361 2507 465 2557; x_wconf 86' lang='grc' dir='ltr'><strong><em>τοῦ</em></strong></span> <span class='ocrx_word' id='word_1_208' title='bbox 482 2502 801 2574; x_wconf 82' lang='grc' dir='ltr'><strong><em>νομοθέτου</em></strong></span> <span class='ocrx_word' id='word_1_209' title='bbox 820 2498 1138 2574; x_wconf 79' lang='grc' dir='ltr'><strong><em>ξυμβουλάς</em></strong></span> <span class='ocrx_word' id='word_1_210' title='bbox 1163 2496 1611 2571; x_wconf 78' lang='grc' dir='ltr'><strong><em>παραγενόμενα,</em></strong></span> <span class='ocrx_word' id='word_1_211' title='bbox 1630 2517 1775 2555; x_wconf 84' lang='grc' dir='ltr'><strong><em>παν-</em></strong></span> 
     </span>
    </p>

    <p class='ocr_par' dir='ltr' id='par_1_6' title="bbox 22 2577 1775 2906">
     <span class='ocr_line' id='line_1_26' title="bbox 22 2577 1775 2656; baseline 0.001 -23"><span class='ocrx_word' id='word_1_212' title='bbox 22 2620 23 2625; x_wconf 42' lang='grc'><strong><em>,</em></strong></span> <span class='ocrx_word' id='word_1_213' title='bbox 80 2578 292 2635; x_wconf 80' lang='grc' dir='ltr'><strong><em>τοδαπά</em></strong></span> <span class='ocrx_word' id='word_1_214' title='bbox 330 2583 422 2639; x_wconf 79' lang='grc' dir='ltr'><strong><em>καὶ</em></strong></span> <span class='ocrx_word' id='word_1_215' title='bbox 454 2581 558 2655; x_wconf 85' lang='grc' dir='ltr'><strong><em>οὐχ</em></strong></span> <span class='ocrx_word' id='word_1_216' title='bbox 589 2581 754 2656; x_wconf 81' lang='grc' dir='ltr'><strong><em>ὅμοια</em></strong></span> <span class='ocrx_word' id='word_1_217' title='bbox 779 2580 1038 2656; x_wconf 81' lang='grc' dir='ltr'><strong><em>ἀλλήλοις</em></strong></span> <span class='ocrx_word' id='word_1_218' title='bbox 1074 2580 1423 2654; x_wconf 74' lang='grc' dir='ltr'><strong><em>ἀπεργάζοιτ’</em></strong></span> <span class='ocrx_word' id='word_1_219' title='bbox 1450 2577 1523 2638; x_wconf 69' lang='grc' dir='ltr'><strong><em>ἄν</em></strong></span> <span class='ocrx_word' id='word_1_220' title='bbox 1559 2579 1627 2637; x_wconf 76' lang='grc' dir='ltr'><strong><em>τὰ</em></strong></span> <span class='ocrx_word' id='word_1_221' title='bbox 1660 2586 1775 2636; x_wconf 81' lang='grc' dir='ltr'><strong><em>τῶν</em></strong></span> 
     </span>
     <span class='ocr_line' id='line_1_27' title="bbox 80 2660 1773 2736; baseline -0.001 -19"><span class='ocrx_word' id='word_1_222' title='bbox 80 2666 324 2717; x_wconf 77' lang='grc' dir='ltr'><strong><em>πολιτῶν</em></strong></span> <span class='ocrx_word' id='word_1_223' title='bbox 349 2661 491 2736; x_wconf 80' lang='grc' dir='ltr'><strong><em>ἤθη·</em></strong></span> <span class='ocrx_word' id='word_1_224' title='bbox 526 2671 692 2723; x_wconf 84' lang='grc' dir='ltr'><strong><em>τοῦτο</em></strong></span> <span class='ocrx_word' id='word_1_225' title='bbox 723 2667 784 2723; x_wconf 74' lang='grc' dir='ltr'><strong><em>δὲ</em></strong></span> <span class='ocrx_word' id='word_1_226' title='bbox 819 2665 997 2723; x_wconf 87' lang='grc' dir='ltr'><strong><em>κακὸν</em></strong></span> <span class='ocrx_word' id='word_1_227' title='bbox 1029 2676 1146 2731; x_wconf 82' lang='grc' dir='ltr'><strong><em>ταῖς</em></strong></span> <span class='ocrx_word' id='word_1_228' title='bbox 1173 2663 1381 2721; x_wconf 89' lang='grc' dir='ltr'><strong><em>πόλεσι.</em></strong></span> <span class='ocrx_word' id='word_1_229' title='bbox 1415 2665 1507 2720; x_wconf 84' lang='grc' dir='ltr'><strong><em>καὶ</em></strong></span> <span class='ocrx_word' id='word_1_230' title='bbox 1536 2660 1643 2734; x_wconf 81' lang='grc' dir='ltr'><strong><em>γὰρ</em></strong></span> <span class='ocrx_word' id='word_1_231' title='bbox 1682 2662 1773 2717; x_wconf 82' lang='grc' dir='ltr'><strong><em>διὰ</em></strong></span> 
     </span>
     <span class='ocr_line' id='line_1_28' title="bbox 80 2743 1774 2822; baseline -0.002 -21"><span class='ocrx_word' id='word_1_232' title='bbox 80 2743 420 2816; x_wconf 85' lang='grc' dir='ltr'><strong><em>σμικρότητα</em></strong></span> <span class='ocrx_word' id='word_1_233' title='bbox 445 2744 633 2805; x_wconf 77' lang='grc' dir='ltr'><strong><em>αὐταῖν</em></strong></span> <span class='ocrx_word' id='word_1_234' title='bbox 652 2750 744 2807; x_wconf 86' lang='grc' dir='ltr'><strong><em>καὶ</em></strong></span> <span class='ocrx_word' id='word_1_235' title='bbox 766 2749 1086 2822; x_wconf 90' lang='grc' dir='ltr'><strong><em>πυκνότητα</em></strong></span> <span class='ocrx_word' id='word_1_236' title='bbox 1115 2744 1367 2819; x_wconf 76' lang='grc' dir='ltr'><strong><em>ἐπιζήμια</em></strong></span> <span class='ocrx_word' id='word_1_237' title='bbox 1396 2748 1624 2802; x_wconf 82' lang='grc' dir='ltr'><strong><em>τιθέντα</em></strong></span> <span class='ocrx_word' id='word_1_238' title='bbox 1648 2763 1774 2799; x_wconf 89' lang='grc' dir='ltr'><strong><em>ποι-</em></strong></span> 
     </span>
     <span class='ocr_line' id='line_1_29' title="bbox 80 2824 1773 2906; baseline -0.002 -21"><span class='ocrx_word' id='word_1_239' title='bbox 80 2841 164 2885; x_wconf 81' lang='grc' dir='ltr'><strong><em>εῖν</em></strong></span> <span class='ocrx_word' id='word_1_240' title='bbox 186 2828 394 2899; x_wconf 81' lang='grc' dir='ltr'><strong><em>νόμους</em></strong></span> <span class='ocrx_word' id='word_1_241' title='bbox 418 2826 657 2901; x_wconf 72' lang='grc' dir='ltr'><strong><em>άπρεπὲς</em></strong></span> <span class='ocrx_word' id='word_1_242' title='bbox 682 2831 795 2906; x_wconf 78' lang='grc' dir='ltr'><strong><em>ἅμα</em></strong></span> <span class='ocrx_word' id='word_1_243' title='bbox 823 2835 915 2890; x_wconf 85' lang='grc' dir='ltr'><strong><em>καὶ</em></strong></span> <span class='ocrx_word' id='word_1_244' title='bbox 944 2831 1220 2903; x_wconf 74' lang='grc' dir='ltr'><strong><em>ἄσχημον·</em></strong></span> <span class='ocrx_word' id='word_1_245' title='bbox 1254 2831 1571 2899; x_wconf 84' lang='grc' dir='ltr'><strong><em>διαφθείρει</em></strong></span> <span class='ocrx_word' id='word_1_246' title='bbox 1602 2824 1661 2882; x_wconf 73' lang='grc' dir='ltr'><strong><em>δὲ</em></strong></span> <span class='ocrx_word' id='word_1_247' title='bbox 1682 2825 1773 2882; x_wconf 80' lang='grc' dir='ltr'><strong><em>καὶ</em></strong></span> 
     </span>
    </p>
   </div>
   <div class='ocr_carea' id='block_1_6' title="bbox 0 0 40 3172">
    <p class='ocr_par' dir='ltr' id='par_1_7' title="bbox 0 0 40 3172">
     <span class='ocr_line' id='line_1_30' title="bbox 0 0 40 3172; baseline 0 0"><span class='ocrx_word' id='word_1_248' title='bbox 0 0 40 3172; x_wconf 95' lang='lat' dir='ltr'><strong><em> </em></strong></span> 
     </span>
    </p>
   </div>
  </div>
 </body>
</html>
