1976 3172
772 136 1084 188 ΝΟΜῼΝ
1116 132 1178 201 γ’.
1746 96 1826 189 81(

117 297 180 332 τε
200 275 320 331 ὄντι
344 275 437 330 καὶ
463 271 784 345 τηλικούτῳ,
813 266 1097 340 θαυμάστ’
1124 266 1199 326 ὂὶυ
1226 274 1318 327 καὶ
1346 272 1524 340 πολλὰ
1545 292 1816 345 κατεργα-

122 357 363 428 σάμενος
380 352 717 424 εὐδαιμονοῖ.

262 443 393 493 ΜΕ.
434 433 668 491 Οὐκοῦν
686 431 871 503 ὀρθὸν
888 434 979 489 καὶ
995 436 1182 502 τοῦτο,
1202 426 1240 503 ἦ
1258 451 1376 497 πως
1394 436 1591 503 λέγεις;

262 526 379 575 ΑΘ.
418 516 634 573 Σκόπει
665 514 753 586 δή,
783 525 886 570 ποῖ
905 516 1131 615 βλέπων
1160 511 1190 569 ὁ
1222 513 1324 570 τὸν
1353 516 1586 569 ἔπαινον
1613 522 1814 572 τοῦτον

29 634 32 670 4
120 600 246 671 περὶ
281 597 520 654 ἑκάστου
558 600 850 667 τυθέμενος
890 593 1080 666 ὀρθως
1111 598 1278 665 λέγει·
1333 601 1560 665 πρῶτον
1596 595 1656 652 δὲ
1691 599 1815 695 περὶ

117 680 295 738 αὐτοῦ
321 686 425 736 τοῦ
454 684 568 736 νῦν
598 681 903 751 λεγομένου
935 698 1070 748 πως,
1095 682 1148 734 εἰ
1169 675 1310 734 κατὰ
1339 677 1553 749 τρόπον
1580 675 1816 750 ἠπιστή-

113 771 306 834 θησαν
321 743 480 828 τάξαι
503 759 566 816 τό
589 759 992 862 στρατόπεδον
999 762 1057 816 οἰ
1079 759 1204 816 τότε
1235 763 1687 832 διακοσμοῦντες,
1712 767 1816 817 τοῦ

115 851 320 915 καιροῦ
338 850 458 909 πῶς
476 866 549 899 αν
561 848 788 915 ἔτυχον;
807 837 903 914 ἆρ’
924 839 1030 898 οὐκ
1051 845 1103 898 εἰ
1118 842 1462 915 ξυνέστησάυ
1475 866 1532 900 τε
1551 842 1817 915 ἀσφαλεῖς

115 926 256 983 αὐτὸ
281 927 543 993 διέσωζόν
560 947 621 982 τε
640 930 718 991 εἰς
735 925 838 982 τὸν
856 923 941 981 ἀεὶ
952 923 1178 997 χρόνον,
1200 923 1342 981 ω’στε
1362 923 1569 991 αὐτούς
1589 947 1647 982 τε
1668 929 1813 983 ἐλευ-

27 1015 29 1026 ’
113 1013 324 1079 θέρους
340 1008 588 1066 εἶναικαὶ
605 1008 793 1064 ἄλλων
811 1009 947 1078 ἅρχο
1019 1029 1083 1072 ας
1102 1001 1183 1063 ὧν
1193 1012 1548 1079 βουληθεῖεν,
1561 1010 1654 1065 καὶ
1673 1006 1815 1074 ὅλως

115 1093 178 1146 έν
197 1088 522 1161 ἀνθρώποις
538 1098 674 1147 πᾶσι
701 1092 795 1147 καὶ
817 1089 948 1146 Ἕλλ
987 1105 1043 1145 σι
1059 1090 1152 1144 καὶ
1170 1089 1476 1162 βαρβάροις
1497 1089 1759 1161 πράττειν
1779 1088 1812 1146 ὅ

113 1193 167 1226 τι
193 1175 524 1244 ἐπιθυμοῖεν
544 1170 716 1229 αὐτοί
741 1193 801 1228 τε
827 1174 922 1228 καὶ
951 1174 1011 1227 oc
1038 1174 1286 1241 ἔκγονοι;
1331 1178 1455 1243 μῶν
1492 1170 1561 1228 οὐ
1598 1173 1814 1230 τούτων

114 1252 281 1324 χάριν
298 1252 707 1310 ἐπαινεθεῖεν”
668 1275 768 1318 αν;
818 1305 822 1309 .

256 1342 389 1391 ΜΕ.
426 1334 592 1390 Πάνυ
611 1357 712 1405 μεν
734 1327 855 1389 οὖν.

255 1422 375 1472 ΑΘ.
408 1408 523 1485 Αρ’
549 1409 656 1471 οὖν
673 1411 806 1470 καὶ
785 1413 848 1480 ὀς
867 1436 939 1470 αν
957 1412 1097 1470 ίδών
1120 1420 1367 1470 πλοῦτον
1385 1418 1562 1486 μέγαν
1588 1413 1625 1488 ἢ
1653 1440 1813 1490 τιμας

112 1495 490 1570 διαφερουσας
524 1499 725 1567 γένους
760 1492 798 1567 ἢ
834 1499 926 1553 καὶ
974 1494 1168 1552 ὁτιοῦν
1211 1517 1325 1552 των
1368 1498 1642 1554 τοιούτων
1688 1507 1814 1570 εἴπῃ

34 1619 42 1628 -
110 1575 287 1634 ταῦτὰ
316 1585 508 1650 ταῦτα,
539 1579 679 1648 πρὸς
696 1583 864 1635 τοῦτο
886 1580 1111 1652 βλέπων
1135 1576 1364 1651 εἷπεν,“
1327 1601 1400 1645 ως
1419 1579 1510 1636 δια
1528 1579 1680 1636 τοῦτ’
1707 1603 1813 1636 αυ-

110 1740 217 1798 ὅσα
239 1740 511 1808 ἀξιώτατα
534 1742 733 1814 λόγους

253 1830 383 1880 ΜΕ.
408 1823 590 1882 ’Eume
608 1833 767 1897 γοῦν.

1842 440 1928 487 687

1839 1110 1871 1151 Β

20 1715 21 1723 ,
110 1666 189 1732 τῷ
217 1658 567 1731 γενησόμενα
595 1653 679 1717 ὦν
704 1657 777 1718 ἂν
811 1664 1063 1735 ε’πνθυμῇ
1090 1659 1276 1718 πάντα
1309 1657 1347 1734 ἦ
1372 1660 1441 1718 τὰ
1469 1671 1697 1720 πλεῖστα
1721 1665 1812 1720 καὶ
1876 1735 1879 1739 r

249 1912 370 1965 ΑΘ.
408 1908 554 1980 Φέρε
584 1909 670 1979 δή,
703 1908 933 1964 πάντων
961 1902 1286 1978 ἀνθρώπων
1321 1911 1435 1966 ἐστὶ
1465 1907 1659 1965 κοινὸν
1689 1912 1806 1965 ἐπι-
1838 1926 1869 1968 c

107 1986 344 2061 θύμημα
358 1989 423 2045 ἕν
438 2012 491 2045 τι
509 1988 572 2046 τὸ
595 1997 705 2046 νῦν
720 1988 831 2048 ὑπὸ
857 1997 961 2046 τοῦ
977 1989 1151 2061 λόγου
1170 1990 1534 2063 δηλούμενον,
1553 1988 1625 2055 ὡς
1643 1989 1810 2056 αὐτός

115 2086 289 2139 φησιν
313 2069 342 2126 ἆ
374 2070 565 2141 λόγος;

256 2156 387 2208 ΜΕ.
431 2151 507 2207 Τὸ
531 2163 722 2219 autom

251 2239 371 2308 AQ.
415 2232 490 2290 Τὸ
517 2234 657 2290 κατὰ
683 2232 788 2307 τὴν
816 2241 912 2306 τῆς
940 2232 1116 2291 αὑτοῦ
1145 2240 1322 2306 ψυχῆς
1353 2238 1593 2301 ἐπίταξιν
1620 2233 1687 2290 τὰ
1719 2256 1806 2304 γι-

107 2314 357 2385 γνόμενα
374 2320 685 2387 γίγνεσθαι,
709 2315 946 2388 μάλιστα
964 2317 1067 2388 μὲν
1095 2314 1331 2387 ἅπαντα,
1357 2321 1406 2372 εἰ
1434 2315 1494 2373 δὲ
1520 2316 1615 2388 μή,
1646 2316 1715 2372 τά
1745 2338 1805 2385 γε

110 2392 463 2468 ἀνθρώπινα.

249 2482 381 2535 ΜΕ·
419 2483 491 2535 Τί
504 2478 645 2551 μήν;

251 2564 371 2616 ΑΘ.
409 2558 643 2618 Οὐκοῦν
659 2563 882 2634 ἐπείπερ
901 2561 1228 2635 βουλόμεθα
1247 2560 1449 2627 πάντες
1466 2557 1529 2617 τὸ
1550 2567 1805 2617 τοιοῦτον

114 2632 219 2706 del,
240 2641 426 2707 παῖδές
444 2664 505 2700 τε
523 2643 681 2710 ὅντες
698 2645 790 2701 καὶ
809 2641 1011 2721 ανδρες
1030 2646 1124 2702 καὶ
1143 2650 1469 2718 πρεσβῦται,
1489 2643 1644 2701 τοῦτ’
1668 2641 1801 2699 αὐτὸ

115 2720 207 2774 καὶ
227 2717 509 2795 εὐχοίμεθ’
531 2721 604 2783 ἄν
623 2724 938 2798 ἀναγκαίως
960 2726 1050 2786 διὰ
1069 2732 1288 2796 τέλους·
1274 2770 1290 2797 ,

261 2806 387 2858 ΜΕ.
426 2807 558 2873 Παῖς
577 2808 633 2865 δ’
654 2808 751 2878 οὕς
1504 2828 1513 2836 ·

189 2879 342 2926 Puro
371 2881 427 2925 Σ.
1506 2889 1533 2932 6
