<?xml version="1.0" encoding="UTF-8"?>
<!DOCTYPE html PUBLIC "-//W3C//DTD XHTML 1.0 Transitional//EN"
    "http://www.w3.org/TR/xhtml1/DTD/xhtml1-transitional.dtd">
<html xmlns="http://www.w3.org/1999/xhtml" xml:lang="en" lang="en">
 <head>
  <title>
</title>
<meta http-equiv="Content-Type" content="text/html;charset=utf-8" />
  <meta name='ocr-system' content='tesseract 3.04.00' />
  <meta name='ocr-capabilities' content='ocr_page ocr_carea ocr_par ocr_line ocrx_word'/>
</head>
<body>
  <div class='ocr_page' id='page_1' title='image "./dialogisecumdumt05platuoft_0454.png"; bbox 0 0 1976 3172; ppageno 0'>
   <div class='ocr_carea' id='block_1_1' title="bbox 250 113 1322 183">
    <p class='ocr_par' dir='ltr' id='par_1_1' title="bbox 250 113 1322 183">
     <span class='ocr_line' id='line_1_1' title="bbox 250 113 1322 183; baseline -0.007 -17"><span class='ocrx_word' id='word_1_1' title='bbox 250 114 354 166; x_wconf 80' lang='lat'><em>422</em></span> <span class='ocrx_word' id='word_1_2' title='bbox 866 113 1322 183; x_wconf 72' lang='grc' dir='ltr'><em>ΕΠΙΝρΜῑΣ.</em></span> 
     </span>
    </p>
   </div>
   <div class='ocr_carea' id='block_1_2' title="bbox 130 242 1965 2357">
    <p class='ocr_par' dir='ltr' id='par_1_2' title="bbox 247 242 1965 646">
     <span class='ocr_line' id='line_1_2' title="bbox 250 242 1930 319; baseline 0.002 -17"><span class='ocrx_word' id='word_1_3' title='bbox 250 244 377 303; x_wconf 80' lang='grc' dir='ltr'><em>οὐδ’</em></span> <span class='ocrx_word' id='word_1_4' title='bbox 395 243 429 315; x_wconf 76' lang='grc' dir='ltr'><em>ἡ</em></span> <span class='ocrx_word' id='word_1_5' title='bbox 449 243 706 315; x_wconf 82' lang='grc' dir='ltr'><strong><em>ξύμπασα</em></strong></span> <span class='ocrx_word' id='word_1_6' title='bbox 725 243 1049 314; x_wconf 77' lang='grc' dir='ltr'><em>θηρευτική,</em></span> <span class='ocrx_word' id='word_1_7' title='bbox 1071 242 1246 314; x_wconf 90' lang='grc' dir='ltr'><em>πολλή</em></span> <span class='ocrx_word' id='word_1_8' title='bbox 1274 263 1376 313; x_wconf 89' lang='grc' dir='ltr'><em>περ</em></span> <span class='ocrx_word' id='word_1_9' title='bbox 1405 249 1495 300; x_wconf 86' lang='grc' dir='ltr'><em>καὶ</em></span> <span class='ocrx_word' id='word_1_10' title='bbox 1520 247 1734 317; x_wconf 79' lang='grc' dir='ltr'><strong><em>τεχνικὴ</em></strong></span> <span class='ocrx_word' id='word_1_11' title='bbox 1768 270 1930 319; x_wconf 83' lang='grc' dir='ltr'><em>γεγο-</em></span> 
     </span>
     <span class='ocr_line' id='line_1_3' title="bbox 251 324 1913 400; baseline 0.001 -17"><span class='ocrx_word' id='word_1_12' title='bbox 251 338 397 397; x_wconf 87' lang='grc' dir='ltr'><em>νυῖα,</em></span> <span class='ocrx_word' id='word_1_13' title='bbox 423 325 487 382; x_wconf 92' lang='grc' dir='ltr'><em>τό</em></span> <span class='ocrx_word' id='word_1_14' title='bbox 505 346 567 396; x_wconf 91' lang='grc' dir='ltr'><em>γε</em></span> <span class='ocrx_word' id='word_1_15' title='bbox 581 324 990 396; x_wconf 74' lang='grc' dir='ltr'><em>μεγαλοπρεπὲς</em></span> <span class='ocrx_word' id='word_1_16' title='bbox 1009 325 1117 398; x_wconf 84' lang='grc' dir='ltr'><em>σὺν</em></span> <span class='ocrx_word' id='word_1_17' title='bbox 1144 332 1222 399; x_wconf 79' lang='grc' dir='ltr'><em>τῷ</em></span> <span class='ocrx_word' id='word_1_18' title='bbox 1253 332 1409 400; x_wconf 78' lang='grc' dir='ltr'><em>σοφῷ</em></span> <span class='ocrx_word' id='word_1_19' title='bbox 1442 326 1544 384; x_wconf 81' lang='grc' dir='ltr'><em>οὐκ</em></span> <span class='ocrx_word' id='word_1_20' title='bbox 1577 327 1913 385; x_wconf 80' lang='grc' dir='ltr'><em>ἀποδίδωσιν</em></span> 
     </span>
     <span class='ocr_line' id='line_1_4' title="bbox 250 404 1928 482; baseline 0.002 -18"><span class='ocrx_word' id='word_1_21' title='bbox 250 406 319 464; x_wconf 81' lang='grc' dir='ltr'><em>οὐ</em></span> <span class='ocrx_word' id='word_1_22' title='bbox 356 406 468 479; x_wconf 83' lang='grc' dir='ltr'><em>μὴν</em></span> <span class='ocrx_word' id='word_1_23' title='bbox 498 404 630 463; x_wconf 76' lang='grc' dir='ltr'><em>οὐδὲ</em></span> <span class='ocrx_word' id='word_1_24' title='bbox 656 406 893 478; x_wconf 86' lang='grc' dir='ltr'><em>μαντική</em></span> <span class='ocrx_word' id='word_1_25' title='bbox 918 427 984 477; x_wconf 85' lang='grc' dir='ltr'><em>γε</em></span> <span class='ocrx_word' id='word_1_26' title='bbox 1011 404 1134 463; x_wconf 80' lang='grc' dir='ltr'><em>οὐδ’</em></span> <span class='ocrx_word' id='word_1_27' title='bbox 1169 409 1528 482; x_wconf 79' lang='grc' dir='ltr'><em>ἕρμηνευτικὴ</em></span> <span class='ocrx_word' id='word_1_28' title='bbox 1557 408 1619 466; x_wconf 86' lang='grc' dir='ltr'>τό</span> <span class='ocrx_word' id='word_1_29' title='bbox 1649 411 1928 482; x_wconf 86' lang='grc' dir='ltr'><em>παράπαν·</em></span> 
     </span>
     <span class='ocr_line' id='line_1_5' title="bbox 247 487 1965 564; baseline 0.002 -18"><span class='ocrx_word' id='word_1_30' title='bbox 247 489 308 546; x_wconf 86' lang='grc' dir='ltr'><em>τὸ</em></span> <span class='ocrx_word' id='word_1_31' title='bbox 333 489 636 559; x_wconf 87' lang='grc' dir='ltr'><em>λεγόμενον</em></span> <span class='ocrx_word' id='word_1_32' title='bbox 666 487 774 560; x_wconf 76' lang='grc' dir='ltr'><em>γὰρ</em></span> <span class='ocrx_word' id='word_1_33' title='bbox 799 487 914 544; x_wconf 81' lang='grc' dir='ltr'><em>οἶδε</em></span> <span class='ocrx_word' id='word_1_34' title='bbox 938 489 1131 560; x_wconf 85' lang='grc' dir='ltr'><em>μόνον,</em></span> <span class='ocrx_word' id='word_1_35' title='bbox 1158 494 1209 545; x_wconf 85' lang='grc' dir='ltr'><em>εἰ</em></span> <span class='ocrx_word' id='word_1_36' title='bbox 1236 488 1290 545; x_wconf 91' lang='grc' dir='ltr'><em>δ’</em></span> <span class='ocrx_word' id='word_1_37' title='bbox 1317 488 1538 563; x_wconf 80' lang='grc' dir='ltr'><em>ἀληθές,</em></span> <span class='ocrx_word' id='word_1_38' title='bbox 1569 491 1674 548; x_wconf 79' lang='grc' dir='ltr'><em>οὐκ</em></span> <span class='ocrx_word' id='word_1_39' title='bbox 1700 498 1926 564; x_wconf 76' lang='grc' dir='ltr'><em>ἔμαθεν.</em></span> <span class='ocrx_word' id='word_1_40' title='bbox 1956 527 1965 536; x_wconf 52' lang='lat' dir='ltr'><em>s</em></span> 
     </span>
     <span class='ocr_line' id='line_1_6' title="bbox 247 564 1930 646; baseline 0.002 -19"><span class='ocrx_word' id='word_1_41' title='bbox 247 570 339 627; x_wconf 83' lang='grc' dir='ltr'><em>ὅτε</em></span> <span class='ocrx_word' id='word_1_42' title='bbox 360 569 425 642; x_wconf 84' lang='grc' dir='ltr'><em>δὴ</em></span> <span class='ocrx_word' id='word_1_43' title='bbox 446 570 550 642; x_wconf 77' lang='grc' dir='ltr'><em>τὴν</em></span> <span class='ocrx_word' id='word_1_44' title='bbox 567 564 681 626; x_wconf 79' lang='grc' dir='ltr'><em>τῶν</em></span> <span class='ocrx_word' id='word_1_45' title='bbox 702 567 1023 640; x_wconf 79' lang='grc' dir='ltr'><em>ἀναγκαίων</em></span> <span class='ocrx_word' id='word_1_46' title='bbox 1041 569 1261 643; x_wconf 75' lang='grc' dir='ltr'><em>ὁρῶμεν</em></span> <span class='ocrx_word' id='word_1_47' title='bbox 1280 578 1475 644; x_wconf 83' lang='grc' dir='ltr'><em>κτῆσιν</em></span> <span class='ocrx_word' id='word_1_48' title='bbox 1505 575 1594 629; x_wconf 83' lang='grc' dir='ltr'><em>διὰ</em></span> <span class='ocrx_word' id='word_1_49' title='bbox 1618 574 1808 646; x_wconf 82' lang='grc' dir='ltr'><em>τέχνης</em></span> <span class='ocrx_word' id='word_1_50' title='bbox 1827 577 1930 646; x_wconf 77' lang='grc' dir='ltr'><em>μὲν</em></span> 
     </span>
    </p>

    <p class='ocr_par' dir='ltr' id='par_1_3' title="bbox 130 649 1940 2357">
     <span class='ocr_line' id='line_1_7' title="bbox 186 649 1935 728; baseline 0.001 -18"><span class='ocrx_word' id='word_1_51' title='bbox 186 670 221 711; x_wconf 92' lang='lat' dir='ltr'>D</span> <span class='ocrx_word' id='word_1_52' title='bbox 254 651 718 724; x_wconf 82' lang='grc' dir='ltr'><em>ἀπεργαζομένην,</em></span> <span class='ocrx_word' id='word_1_53' title='bbox 739 652 956 708; x_wconf 87' lang='grc' dir='ltr'><em>τούτων</em></span> <span class='ocrx_word' id='word_1_54' title='bbox 974 653 1035 709; x_wconf 78' lang='grc' dir='ltr'><em>δὲ</em></span> <span class='ocrx_word' id='word_1_55' title='bbox 1062 649 1329 724; x_wconf 77' lang='grc' dir='ltr'><em>οὐδεμίαν</em></span> <span class='ocrx_word' id='word_1_56' title='bbox 1359 653 1564 710; x_wconf 77' lang='grc' dir='ltr'><em>οὐδένα</em></span> <span class='ocrx_word' id='word_1_57' title='bbox 1594 655 1776 728; x_wconf 85' lang='grc' dir='ltr'><em>σοφὸν</em></span> <span class='ocrx_word' id='word_1_58' title='bbox 1805 674 1935 711; x_wconf 51' lang='grc' dir='ltr'><em>ποι-ο</em></span> 
     </span>
     <span class='ocr_line' id='line_1_8' title="bbox 246 731 1929 809; baseline 0.003 -21"><span class='ocrx_word' id='word_1_59' title='bbox 246 740 442 803; x_wconf 84' lang='grc' dir='ltr'><em>οὖσαν,</em></span> <span class='ocrx_word' id='word_1_60' title='bbox 469 734 533 788; x_wconf 87' lang='grc' dir='ltr'><em>τό</em></span> <span class='ocrx_word' id='word_1_61' title='bbox 553 755 615 803; x_wconf 88' lang='grc' dir='ltr'><em>γε</em></span> <span class='ocrx_word' id='word_1_62' title='bbox 641 732 774 804; x_wconf 80' lang='grc' dir='ltr'><em>μετὰ</em></span> <span class='ocrx_word' id='word_1_63' title='bbox 795 740 959 790; x_wconf 89' lang='grc' dir='ltr'><em>τοῦτο</em></span> <span class='ocrx_word' id='word_1_64' title='bbox 980 734 1172 790; x_wconf 88' lang='grc' dir='ltr'><em>παιδιά</em></span> <span class='ocrx_word' id='word_1_65' title='bbox 1200 757 1280 801; x_wconf 86' lang='grc' dir='ltr'><em>τις</em></span> <span class='ocrx_word' id='word_1_66' title='bbox 1298 731 1370 791; x_wconf 71' lang='grc' dir='ltr'><em>ἄν</em></span> <span class='ocrx_word' id='word_1_67' title='bbox 1389 742 1647 809; x_wconf 82' lang='grc' dir='ltr'><em>λείποιτο,</em></span> <span class='ocrx_word' id='word_1_68' title='bbox 1670 735 1929 809; x_wconf 80' lang='grc' dir='ltr'><em>μιμητικὴ</em></span> 
     </span>
     <span class='ocr_line' id='line_1_9' title="bbox 246 811 1929 890; baseline 0.001 -20"><span class='ocrx_word' id='word_1_69' title='bbox 246 818 347 885; x_wconf 75' lang='grc' dir='ltr'><em>μὲν</em></span> <span class='ocrx_word' id='word_1_70' title='bbox 366 811 427 869; x_wconf 85' lang='grc' dir='ltr'><em>τὸ</em></span> <span class='ocrx_word' id='word_1_71' title='bbox 451 819 727 883; x_wconf 87' lang='grc' dir='ltr'><em>πλεῖστον,</em></span> <span class='ocrx_word' id='word_1_72' title='bbox 753 812 872 868; x_wconf 77' lang='grc' dir='ltr'><em>ἀλλ’</em></span> <span class='ocrx_word' id='word_1_73' title='bbox 898 812 1115 885; x_wconf 81' lang='grc' dir='ltr'><em>οὐδαμῇ</em></span> <span class='ocrx_word' id='word_1_74' title='bbox 1136 820 1425 871; x_wconf 87' lang='grc' dir='ltr'><em>σπουδαία.</em></span> <span class='ocrx_word' id='word_1_75' title='bbox 1465 826 1686 883; x_wconf 79' lang='grc' dir='ltr'><em>πολλοῖς</em></span> <span class='ocrx_word' id='word_1_76' title='bbox 1702 818 1803 890; x_wconf 74' lang='grc' dir='ltr'><em>μὲν</em></span> <span class='ocrx_word' id='word_1_77' title='bbox 1822 816 1929 888; x_wconf 78' lang='grc' dir='ltr'><em>γὰρ</em></span> 
     </span>
     <span class='ocr_line' id='line_1_10' title="bbox 246 892 1928 969; baseline 0.001 -19"><span class='ocrx_word' id='word_1_78' title='bbox 246 894 505 965; x_wconf 77' lang='grc' dir='ltr'><em>ὀργάνοις</em></span> <span class='ocrx_word' id='word_1_79' title='bbox 533 897 848 963; x_wconf 84' lang='grc' dir='ltr'><em>μιμοῦνται,</em></span> <span class='ocrx_word' id='word_1_80' title='bbox 870 900 1093 957; x_wconf 79' lang='grc' dir='ltr'><em>πολλοῖς</em></span> <span class='ocrx_word' id='word_1_81' title='bbox 1118 892 1170 948; x_wconf 86' lang='grc' dir='ltr'><em>δ’</em></span> <span class='ocrx_word' id='word_1_82' title='bbox 1195 893 1382 949; x_wconf 80' lang='grc' dir='ltr'><em>αὐτῶν</em></span> <span class='ocrx_word' id='word_1_83' title='bbox 1414 904 1527 952; x_wconf 78' lang='grc' dir='ltr'><em>τῶν</em></span> <span class='ocrx_word' id='word_1_84' title='bbox 1557 898 1829 969; x_wconf 84' lang='grc' dir='ltr'><em>σωμάτων</em></span> <span class='ocrx_word' id='word_1_85' title='bbox 1860 895 1928 953; x_wconf 84' lang='grc' dir='ltr'><em>οὐ</em></span> 
     </span>
     <span class='ocr_line' id='line_1_11' title="bbox 247 972 1929 1051; baseline 0.002 -19"><span class='ocrx_word' id='word_1_86' title='bbox 247 977 466 1041; x_wconf 88' lang='grc' dir='ltr'><em>πάντως</em></span> <span class='ocrx_word' id='word_1_87' title='bbox 493 972 794 1046; x_wconf 85' lang='grc' dir='ltr'><em>εὐσχήμοσι</em></span> <span class='ocrx_word' id='word_1_88' title='bbox 812 975 1100 1047; x_wconf 79' lang='grc' dir='ltr'><em>μιμήμασι,</em></span> <span class='ocrx_word' id='word_1_89' title='bbox 1120 975 1186 1030; x_wconf 86' lang='grc' dir='ltr'><em>τά</em></span> <span class='ocrx_word' id='word_1_90' title='bbox 1204 997 1263 1032; x_wconf 89' lang='grc' dir='ltr'><em>τε</em></span> <span class='ocrx_word' id='word_1_91' title='bbox 1283 975 1428 1032; x_wconf 84' lang='grc' dir='ltr'><em>κατά-</em></span> <span class='ocrx_word' id='word_1_92' title='bbox 1440 977 1643 1049; x_wconf 84' lang='grc' dir='ltr'><em>λόγους</em></span> <span class='ocrx_word' id='word_1_93' title='bbox 1668 981 1759 1036; x_wconf 86' lang='grc' dir='ltr'><em>καὶ</em></span> <span class='ocrx_word' id='word_1_94' title='bbox 1788 984 1929 1051; x_wconf 79' lang='grc' dir='ltr'><em>μοῦ-</em></span> 
     </span>
     <span class='ocr_line' id='line_1_12' title="bbox 246 1054 1929 1131; baseline 0.001 -16"><span class='ocrx_word' id='word_1_95' title='bbox 246 1077 353 1115; x_wconf 86' lang='grc' dir='ltr'><em>σαν</em></span> <span class='ocrx_word' id='word_1_96' title='bbox 381 1064 583 1127; x_wconf 82' lang='grc' dir='ltr'><em>πᾶσαν,</em></span> <span class='ocrx_word' id='word_1_97' title='bbox 622 1058 713 1112; x_wconf 84' lang='grc' dir='ltr'><em>καὶ</em></span> <span class='ocrx_word' id='word_1_98' title='bbox 751 1054 905 1112; x_wconf 87' lang='grc' dir='ltr'><em>οσων</em></span> <span class='ocrx_word' id='word_1_99' title='bbox 931 1058 1176 1129; x_wconf 83' lang='grc' dir='ltr'><em>γραφικὴ</em></span> <span class='ocrx_word' id='word_1_100' title='bbox 1196 1059 1392 1131; x_wconf 90' lang='grc' dir='ltr'><em>μήτηρ,</em></span> <span class='ocrx_word' id='word_1_101' title='bbox 1414 1067 1638 1117; x_wconf 76' lang='grc' dir='ltr'><em>πολλῶν</em></span> <span class='ocrx_word' id='word_1_102' title='bbox 1666 1063 1757 1117; x_wconf 83' lang='grc' dir='ltr'><em>καὶ</em></span> <span class='ocrx_word' id='word_1_103' title='bbox 1786 1082 1929 1118; x_wconf 83' lang='grc' dir='ltr'><em>παν-</em></span> 
     </span>
     <span class='ocr_line' id='line_1_13' title="bbox 244 1137 1927 1214; baseline 0.002 -18"><span class='ocrx_word' id='word_1_104' title='bbox 244 1145 410 1196; x_wconf 89' lang='grc' dir='ltr'><em>τοίων</em></span> <span class='ocrx_word' id='word_1_105' title='bbox 429 1138 807 1209; x_wconf 79' lang='grc' dir='ltr'><em>ποικιλμάτων</em></span> <span class='ocrx_word' id='word_1_106' title='bbox 826 1137 1285 1211; x_wconf 79' lang='grc' dir='ltr'><em>ἀποτελουμένων</em></span> <span class='ocrx_word' id='word_1_107' title='bbox 1304 1144 1368 1198; x_wconf 84' lang='grc' dir='ltr'><em>ἐν</em></span> <span class='ocrx_word' id='word_1_108' title='bbox 1383 1149 1607 1208; x_wconf 88' lang='grc' dir='ltr'><em>πολλοῖς</em></span> <span class='ocrx_word' id='word_1_109' title='bbox 1631 1141 1819 1214; x_wconf 78' lang='grc' dir='ltr'><em>ὑγροῖς</em></span> <span class='ocrx_word' id='word_1_110' title='bbox 1838 1145 1927 1200; x_wconf 81' lang='grc' dir='ltr'><em>καὶ</em></span> 
     </span>
     <span class='ocr_line' id='line_1_14' title="bbox 245 1219 1926 1297; baseline 0.001 -19"><span class='ocrx_word' id='word_1_111' title='bbox 245 1226 426 1295; x_wconf 79' lang='grc' dir='ltr'><em>ξηροῖς</em></span> <span class='ocrx_word' id='word_1_112' title='bbox 455 1225 697 1292; x_wconf 85' lang='grc' dir='ltr'><em>γένεσιν</em></span> <span class='ocrx_word' id='word_1_113' title='bbox 739 1242 821 1276; x_wconf 92' lang='grc' dir='ltr'><em>ων</em></span> <span class='ocrx_word' id='word_1_114' title='bbox 858 1219 1042 1292; x_wconf 82' lang='grc' dir='ltr'><em>σοφὸν</em></span> <span class='ocrx_word' id='word_1_115' title='bbox 1071 1219 1274 1278; x_wconf 80' lang='grc' dir='ltr'><em>οὐδένα</em></span> <span class='ocrx_word' id='word_1_116' title='bbox 1306 1227 1382 1289; x_wconf 83' lang='grc' dir='ltr'><em>εἰς</em></span> <span class='ocrx_word' id='word_1_117' title='bbox 1409 1221 1577 1280; x_wconf 76' lang='grc' dir='ltr'><em>οὐδὲν</em></span> <span class='ocrx_word' id='word_1_118' title='bbox 1609 1227 1825 1297; x_wconf 83' lang='grc' dir='ltr'><em>σπουδῇ</em></span> <span class='ocrx_word' id='word_1_119' title='bbox 1861 1230 1926 1296; x_wconf 79' lang='grc' dir='ltr'><em>τῇ</em></span> 
     </span>
     <span class='ocr_line' id='line_1_15' title="bbox 244 1300 1929 1376; baseline 0.001 -17"><span class='ocrx_word' id='word_1_120' title='bbox 244 1308 470 1375; x_wconf 80' lang='grc' dir='ltr'><em>μεγίστῃ</em></span> <span class='ocrx_word' id='word_1_121' title='bbox 509 1305 957 1374; x_wconf 87' lang='grc' dir='ltr'><em>δημιουργοῦντα</em></span> <span class='ocrx_word' id='word_1_122' title='bbox 994 1300 1028 1374; x_wconf 84' lang='grc' dir='ltr'><strong><em>ἡ</em></strong></span> <span class='ocrx_word' id='word_1_123' title='bbox 1063 1303 1321 1376; x_wconf 83' lang='grc' dir='ltr'><em>μιμητικὴ</em></span> <span class='ocrx_word' id='word_1_124' title='bbox 1352 1307 1657 1376; x_wconf 86' lang='grc' dir='ltr'><em>παρέχεται.</em></span> <span class='ocrx_word' id='word_1_125' title='bbox 1702 1306 1929 1362; x_wconf 86' lang='grc' dir='ltr'><em>πάντων</em></span> 
     </span>
     <span class='ocr_line' id='line_1_16' title="bbox 182 1381 1927 1457; baseline 0.001 -19"><span class='ocrx_word' id='word_1_126' title='bbox 182 1398 215 1438; x_wconf 88' lang='grc' dir='ltr'><strong>Ε</strong></span> <span class='ocrx_word' id='word_1_127' title='bbox 247 1382 300 1440; x_wconf 82' lang='grc' dir='ltr'><em>δ’</em></span> <span class='ocrx_word' id='word_1_128' title='bbox 332 1385 767 1455; x_wconf 82' lang='grc' dir='ltr'><em>ἐξειργασμένων</em></span> <span class='ocrx_word' id='word_1_129' title='bbox 793 1381 855 1438; x_wconf 83' lang='grc' dir='ltr'><em>τὸ</em></span> <span class='ocrx_word' id='word_1_130' title='bbox 886 1381 1084 1440; x_wconf 79' lang='grc' dir='ltr'><em>λοιπὸν</em></span> <span class='ocrx_word' id='word_1_131' title='bbox 1114 1386 1351 1456; x_wconf 76' lang='grc' dir='ltr'><em>βοήθεια</em></span> <span class='ocrx_word' id='word_1_132' title='bbox 1379 1384 1612 1456; x_wconf 83' lang='grc' dir='ltr'><em>γίγνοιτ’</em></span> <span class='ocrx_word' id='word_1_133' title='bbox 1652 1383 1724 1441; x_wconf 71' lang='grc' dir='ltr'><em>ἂν</em></span> <span class='ocrx_word' id='word_1_134' title='bbox 1757 1393 1927 1457; x_wconf 87' lang='grc' dir='ltr'><em>μυρία</em></span> 
     </span>
     <span class='ocr_line' id='line_1_17' title="bbox 245 1463 1940 1538; baseline 0.001 -17"><span class='ocrx_word' id='word_1_135' title='bbox 245 1472 479 1537; x_wconf 86' lang='grc' dir='ltr'><em>μυρίοις,</em></span> <span class='ocrx_word' id='word_1_136' title='bbox 500 1463 534 1536; x_wconf 83' lang='grc' dir='ltr'><em>ἡ</em></span> <span class='ocrx_word' id='word_1_137' title='bbox 554 1466 657 1535; x_wconf 76' lang='grc' dir='ltr'><em>μὲν</em></span> <span class='ocrx_word' id='word_1_138' title='bbox 674 1469 902 1535; x_wconf 84' lang='grc' dir='ltr'><em>μεγίστη</em></span> <span class='ocrx_word' id='word_1_139' title='bbox 928 1485 987 1520; x_wconf 85' lang='grc' dir='ltr'><em>τε</em></span> <span class='ocrx_word' id='word_1_140' title='bbox 1013 1467 1107 1521; x_wconf 86' lang='grc' dir='ltr'><em>καὶ</em></span> <span class='ocrx_word' id='word_1_141' title='bbox 1135 1471 1212 1530; x_wconf 86' lang='grc' dir='ltr'><em>είς</em></span> <span class='ocrx_word' id='word_1_142' title='bbox 1241 1472 1465 1522; x_wconf 83' lang='grc' dir='ltr'><em>πλεῖστα</em></span> <span class='ocrx_word' id='word_1_143' title='bbox 1488 1466 1759 1538; x_wconf 71' lang='grc' dir='ltr'><em>πολεμικὴ</em></span> <span class='ocrx_word' id='word_1_144' title='bbox 1793 1476 1940 1538; x_wconf 57' lang='grc' dir='ltr'><em>κλη-,</em></span> 
     </span>
     <span class='ocr_line' id='line_1_18' title="bbox 244 1542 1929 1619; baseline -0.001 -15"><span class='ocrx_word' id='word_1_145' title='bbox 244 1557 408 1604; x_wconf 82' lang='grc' dir='ltr'><em>θεῖσα</em></span> <span class='ocrx_word' id='word_1_146' title='bbox 441 1542 771 1616; x_wconf 80' lang='grc' dir='ltr'><em>στρατηγικὴ</em></span> <span class='ocrx_word' id='word_1_147' title='bbox 793 1546 969 1616; x_wconf 87' lang='grc' dir='ltr'><em>τέχνη,</em></span> <span class='ocrx_word' id='word_1_148' title='bbox 998 1543 1408 1618; x_wconf 80' lang='grc' dir='ltr'><em>εὖδοκιμωτάτη</em></span> <span class='ocrx_word' id='word_1_149' title='bbox 1432 1545 1572 1616; x_wconf 84' lang='grc' dir='ltr'><em>πρὸς</em></span> <span class='ocrx_word' id='word_1_150' title='bbox 1598 1553 1802 1619; x_wconf 86' lang='grc' dir='ltr'><em>χρείαν,</em></span> <span class='ocrx_word' id='word_1_151' title='bbox 1834 1546 1929 1603; x_wconf 80' lang='grc' dir='ltr'><em>εὐ·-</em></span> 
     </span>
     <span class='ocr_line' id='line_1_19' title="bbox 244 1626 1929 1702; baseline -0.001 -17"><span class='ocrx_word' id='word_1_152' title='bbox 244 1634 431 1700; x_wconf 86' lang='grc' dir='ltr'><em>τυχίας</em></span> <span class='ocrx_word' id='word_1_153' title='bbox 449 1633 704 1699; x_wconf 83' lang='grc' dir='ltr'><em>πλείστης</em></span> <span class='ocrx_word' id='word_1_154' title='bbox 724 1630 974 1699; x_wconf 83' lang='grc' dir='ltr'><em>δεομένη,</em></span> <span class='ocrx_word' id='word_1_155' title='bbox 997 1633 1208 1698; x_wconf 83' lang='grc' dir='ltr'><em>μᾶλλον</em></span> <span class='ocrx_word' id='word_1_156' title='bbox 1237 1628 1297 1684; x_wconf 71' lang='grc' dir='ltr'><em>δὲ</em></span> <span class='ocrx_word' id='word_1_157' title='bbox 1326 1626 1555 1702; x_wconf 76' lang='grc' dir='ltr'><em>ἀνδρείᾳ</em></span> <span class='ocrx_word' id='word_1_158' title='bbox 1585 1628 1724 1686; x_wconf 80' lang='grc' dir='ltr'><em>κατὰ</em></span> <span class='ocrx_word' id='word_1_159' title='bbox 1755 1629 1929 1700; x_wconf 84' lang='grc' dir='ltr'><em>φύσιν</em></span> 
     </span>
     <span class='ocr_line' id='line_1_20' title="bbox 130 1708 1930 1784; baseline -0.001 -17"><span class='ocrx_word' id='word_1_160' title='bbox 130 1733 214 1779; x_wconf 81' lang='grc'><em>976</em></span> <span class='ocrx_word' id='word_1_161' title='bbox 249 1708 283 1784; x_wconf 78' lang='grc' dir='ltr'><em>ἢ</em></span> <span class='ocrx_word' id='word_1_162' title='bbox 302 1715 472 1784; x_wconf 77' lang='grc' dir='ltr'><em>σοφίᾳ</em></span> <span class='ocrx_word' id='word_1_163' title='bbox 491 1713 778 1781; x_wconf 88' lang='grc' dir='ltr'><em>γενομένη.</em></span> <span class='ocrx_word' id='word_1_164' title='bbox 822 1708 896 1781; x_wconf 81' lang='grc' dir='ltr'><em>ἢν</em></span> <span class='ocrx_word' id='word_1_165' title='bbox 923 1713 983 1766; x_wconf 80' lang='grc' dir='ltr'><em>δὲ</em></span> <span class='ocrx_word' id='word_1_166' title='bbox 1006 1716 1240 1767; x_wconf 85' lang='grc' dir='ltr'><em>καλοῦσι</em></span> <span class='ocrx_word' id='word_1_167' title='bbox 1269 1712 1372 1782; x_wconf 76' lang='grc' dir='ltr'><em>μὲν</em></span> <span class='ocrx_word' id='word_1_168' title='bbox 1401 1711 1669 1782; x_wconf 82' lang='grc' dir='ltr'><em>ἰατρικήν,</em></span> <span class='ocrx_word' id='word_1_169' title='bbox 1696 1712 1930 1784; x_wconf 79' lang='grc' dir='ltr'><em>βοήθεια</em></span> 
     </span>
     <span class='ocr_line' id='line_1_21' title="bbox 245 1786 1930 1864; baseline 0 -16"><span class='ocrx_word' id='word_1_170' title='bbox 245 1797 307 1848; x_wconf 88' lang='grc' dir='ltr'><em>δέ</em></span> <span class='ocrx_word' id='word_1_171' title='bbox 341 1812 454 1848; x_wconf 89' lang='grc' dir='ltr'><em>που</em></span> <span class='ocrx_word' id='word_1_172' title='bbox 491 1793 583 1847; x_wconf 86' lang='grc' dir='ltr'><em>καὶ</em></span> <span class='ocrx_word' id='word_1_173' title='bbox 615 1788 755 1863; x_wconf 77' lang='grc' dir='ltr'><em>αὕτη</em></span> <span class='ocrx_word' id='word_1_174' title='bbox 777 1790 977 1862; x_wconf 79' lang='grc' dir='ltr'><em>σχεδόν</em></span> <span class='ocrx_word' id='word_1_175' title='bbox 1013 1791 1166 1848; x_wconf 81' lang='grc' dir='ltr'><em>ὅσων</em></span> <span class='ocrx_word' id='word_1_176' title='bbox 1201 1786 1341 1861; x_wconf 71' lang='grc' dir='ltr'><em>εὖραι</em></span> <span class='ocrx_word' id='word_1_177' title='bbox 1377 1793 1540 1864; x_wconf 85' lang='grc' dir='ltr'><em>ψύχει</em></span> <span class='ocrx_word' id='word_1_178' title='bbox 1573 1792 1665 1849; x_wconf 83' lang='grc' dir='ltr'><em>καὶ</em></span> <span class='ocrx_word' id='word_1_179' title='bbox 1691 1793 1930 1864; x_wconf 80' lang='grc' dir='ltr'><em>καύματι</em></span> 
     </span>
     <span class='ocr_line' id='line_1_22' title="bbox 244 1873 1932 1947; baseline 0 -17"><span class='ocrx_word' id='word_1_180' title='bbox 244 1873 456 1947; x_wconf 78' lang='grc' dir='ltr'><em>άκαίρῳ</em></span> <span class='ocrx_word' id='word_1_181' title='bbox 485 1876 576 1929; x_wconf 86' lang='grc' dir='ltr'><em>καὶ</em></span> <span class='ocrx_word' id='word_1_182' title='bbox 605 1879 739 1929; x_wconf 84' lang='grc' dir='ltr'><em>πᾶσι</em></span> <span class='ocrx_word' id='word_1_183' title='bbox 766 1884 880 1938; x_wconf 91' lang='grc' dir='ltr'><em>τοῖς</em></span> <span class='ocrx_word' id='word_1_184' title='bbox 907 1873 1179 1938; x_wconf 82' lang='grc' dir='ltr'><em>τοιούτοις</em></span> <span class='ocrx_word' id='word_1_185' title='bbox 1206 1878 1482 1944; x_wconf 82' lang='grc' dir='ltr'><em>ληΐζονται</em></span> <span class='ocrx_word' id='word_1_186' title='bbox 1507 1873 1610 1946; x_wconf 81' lang='grc' dir='ltr'><em>τὴν</em></span> <span class='ocrx_word' id='word_1_187' title='bbox 1638 1879 1751 1930; x_wconf 73' lang='grc' dir='ltr'><em>τῶν</em></span> <span class='ocrx_word' id='word_1_188' title='bbox 1775 1876 1932 1941; x_wconf 78' lang='grc' dir='ltr'><em>ζώων</em></span> 
     </span>
     <span class='ocr_line' id='line_1_23' title="bbox 244 1953 1932 2028; baseline 0 -16"><span class='ocrx_word' id='word_1_189' title='bbox 244 1955 443 2027; x_wconf 88' lang='grc' dir='ltr'><em>φύσιν·</em></span> <span class='ocrx_word' id='word_1_190' title='bbox 485 1954 784 2027; x_wconf 81' lang='grc' dir='ltr'><em>εὐδόκιμον</em></span> <span class='ocrx_word' id='word_1_191' title='bbox 803 1955 863 2012; x_wconf 73' lang='grc' dir='ltr'><em>δὲ</em></span> <span class='ocrx_word' id='word_1_192' title='bbox 893 1953 1060 2011; x_wconf 78' lang='grc' dir='ltr'><em>οὐδὲν</em></span> <span class='ocrx_word' id='word_1_193' title='bbox 1078 1957 1295 2012; x_wconf 90' lang='grc' dir='ltr'><em>τούτων</em></span> <span class='ocrx_word' id='word_1_194' title='bbox 1322 1962 1399 2022; x_wconf 86' lang='grc' dir='ltr'><em>εἰς</em></span> <span class='ocrx_word' id='word_1_195' title='bbox 1429 1962 1634 2027; x_wconf 84' lang='grc' dir='ltr'><em>σοφίαν</em></span> <span class='ocrx_word' id='word_1_196' title='bbox 1663 1955 1768 2027; x_wconf 81' lang='grc' dir='ltr'><em>τὴν</em></span> <span class='ocrx_word' id='word_1_197' title='bbox 1796 1954 1932 2028; x_wconf 85' lang='grc' dir='ltr'><em>άλη-</em></span> 
     </span>
     <span class='ocr_line' id='line_1_24' title="bbox 243 2036 1933 2109; baseline 0 -16"><span class='ocrx_word' id='word_1_198' title='bbox 243 2037 523 2109; x_wconf 83' lang='grc' dir='ltr'><em>θεστάτην</em></span> <span class='ocrx_word' id='word_1_199' title='bbox 536 2059 547 2070; x_wconf 87' lang='grc'><em>·</em></span> <span class='ocrx_word' id='word_1_200' title='bbox 585 2036 792 2108; x_wconf 75' lang='grc' dir='ltr'><em>ἄμετρα</em></span> <span class='ocrx_word' id='word_1_201' title='bbox 811 2037 919 2108; x_wconf 83' lang='grc' dir='ltr'><em>γὰρ</em></span> <span class='ocrx_word' id='word_1_202' title='bbox 943 2038 1124 2104; x_wconf 81' lang='grc' dir='ltr'><em>δόξαις</em></span> <span class='ocrx_word' id='word_1_203' title='bbox 1142 2050 1391 2108; x_wconf 82' lang='grc' dir='ltr'><em>φορεῖται</em></span> <span class='ocrx_word' id='word_1_204' title='bbox 1409 2038 1766 2109; x_wconf 84' lang='grc' dir='ltr'><em>τοπαζόμενα.</em></span> <span class='ocrx_word' id='word_1_205' title='bbox 1795 2044 1933 2109; x_wconf 80' lang='grc' dir='ltr'><em>βοη-</em></span> 
     </span>
     <span class='ocr_line' id='line_1_25' title="bbox 244 2118 1930 2193; baseline -0.001 -17"><span class='ocrx_word' id='word_1_206' title='bbox 244 2120 389 2186; x_wconf 79' lang='grc' dir='ltr'><em>θοῦς</em></span> <span class='ocrx_word' id='word_1_207' title='bbox 427 2123 491 2176; x_wconf 91' lang='grc' dir='ltr'><em>δέ</em></span> <span class='ocrx_word' id='word_1_208' title='bbox 514 2141 626 2176; x_wconf 91' lang='grc' dir='ltr'><em>που</em></span> <span class='ocrx_word' id='word_1_209' title='bbox 644 2123 737 2177; x_wconf 89' lang='grc' dir='ltr'><em>καὶ</em></span> <span class='ocrx_word' id='word_1_210' title='bbox 771 2118 903 2185; x_wconf 81' lang='grc' dir='ltr'><em>τούς</em></span> <span class='ocrx_word' id='word_1_211' title='bbox 927 2122 1272 2193; x_wconf 85' lang='grc' dir='ltr'><em>κυβερνήτας</em></span> <span class='ocrx_word' id='word_1_212' title='bbox 1300 2121 1412 2193; x_wconf 85' lang='grc' dir='ltr'><em>ἅμα</em></span> <span class='ocrx_word' id='word_1_213' title='bbox 1439 2125 1530 2177; x_wconf 77' lang='grc' dir='ltr'><em>καὶ</em></span> <span class='ocrx_word' id='word_1_214' title='bbox 1557 2119 1688 2186; x_wconf 81' lang='grc' dir='ltr'><em>τούς</em></span> <span class='ocrx_word' id='word_1_215' title='bbox 1723 2121 1930 2186; x_wconf 85' lang='grc' dir='ltr'><em>ναύτας</em></span> 
     </span>
     <span class='ocr_line' id='line_1_26' title="bbox 244 2201 1932 2275; baseline 0.001 -19"><span class='ocrx_word' id='word_1_216' title='bbox 244 2205 498 2272; x_wconf 78' lang='grc' dir='ltr'><em>ἐροῦμεν,</em></span> <span class='ocrx_word' id='word_1_217' title='bbox 520 2205 610 2257; x_wconf 87' lang='grc' dir='ltr'><em>καὶ</em></span> <span class='ocrx_word' id='word_1_218' title='bbox 630 2203 847 2258; x_wconf 90' lang='grc' dir='ltr'><em>τούτων</em></span> <span class='ocrx_word' id='word_1_219' title='bbox 875 2202 1056 2271; x_wconf 75' lang='grc' dir='ltr'><em>ἄνδρα</em></span> <span class='ocrx_word' id='word_1_220' title='bbox 1086 2201 1271 2274; x_wconf 90' lang='grc' dir='ltr'><em>σοφόν</em></span> <span class='ocrx_word' id='word_1_221' title='bbox 1300 2205 1511 2274; x_wconf 86' lang='grc' dir='ltr'><em>μηδένα</em></span> <span class='ocrx_word' id='word_1_222' title='bbox 1539 2225 1618 2270; x_wconf 87' lang='grc' dir='ltr'><em>τις</em></span> <span class='ocrx_word' id='word_1_223' title='bbox 1650 2201 1792 2275; x_wconf 75' lang='grc' dir='ltr'><em>ἡμᾶς</em></span> <span class='ocrx_word' id='word_1_224' title='bbox 1823 2223 1932 2258; x_wconf 90' lang='grc' dir='ltr'><em>πα-</em></span> 
     </span>
     <span class='ocr_line' id='line_1_27' title="bbox 246 2282 1931 2357; baseline 0.002 -21"><span class='ocrx_word' id='word_1_225' title='bbox 246 2283 678 2353; x_wconf 80' lang='grc' dir='ltr'><em>ραμυθούμενος</em></span> <span class='ocrx_word' id='word_1_226' title='bbox 716 2287 770 2350; x_wconf 80' lang='grc' dir='ltr'><em>ἐξ</em></span> <span class='ocrx_word' id='word_1_227' title='bbox 798 2282 1063 2341; x_wconf 77' lang='grc' dir='ltr'><em>ἁπάντων</em></span> <span class='ocrx_word' id='word_1_228' title='bbox 1093 2289 1480 2356; x_wconf 85' lang='grc' dir='ltr'><em>διαγγελλέτω·</em></span> <span class='ocrx_word' id='word_1_229' title='bbox 1519 2283 1587 2341; x_wconf 85' lang='grc' dir='ltr'><em>οὐ</em></span> <span class='ocrx_word' id='word_1_230' title='bbox 1617 2286 1722 2357; x_wconf 75' lang='grc' dir='ltr'><em>γὰρ</em></span> <span class='ocrx_word' id='word_1_231' title='bbox 1751 2282 1823 2340; x_wconf 69' lang='grc' dir='ltr'><em>ἂν</em></span> <span class='ocrx_word' id='word_1_232' title='bbox 1853 2289 1931 2340; x_wconf 84' lang='grc' dir='ltr'><em>εί·-</em></span> 
     </span>
    </p>
   </div>
   <div class='ocr_carea' id='block_1_3' title="bbox 23 2364 1929 2446">
    <p class='ocr_par' dir='ltr' id='par_1_4' title="bbox 23 2364 1929 2446">
     <span class='ocr_line' id='line_1_28' title="bbox 23 2364 1929 2446; baseline -0.001 -28"><span class='ocrx_word' id='word_1_233' title='bbox 23 2376 25 2378; x_wconf 82' lang='grc'><strong>’</strong></span> <span class='ocrx_word' id='word_1_234' title='bbox 84 2440 91 2446; x_wconf 20' lang='grc' dir='ltr'><em>η</em></span> <span class='ocrx_word' id='word_1_235' title='bbox 182 2384 214 2423; x_wconf 87' lang='grc' dir='ltr'><em>Β</em></span> <span class='ocrx_word' id='word_1_236' title='bbox 246 2367 361 2433; x_wconf 85' lang='grc' dir='ltr'><em>δείη</em></span> <span class='ocrx_word' id='word_1_237' title='bbox 381 2385 462 2428; x_wconf 88' lang='grc' dir='ltr'><em>τις</em></span> <span class='ocrx_word' id='word_1_238' title='bbox 482 2364 792 2433; x_wconf 85' lang='grc' dir='ltr'><em>πνεύματος</em></span> <span class='ocrx_word' id='word_1_239' title='bbox 812 2365 988 2436; x_wconf 79' lang='grc' dir='ltr'><em>ὀργὴν</em></span> <span class='ocrx_word' id='word_1_240' title='bbox 1000 2366 1130 2422; x_wconf 74' lang='grc' dir='ltr'><em>οὐδὲ</em></span> <span class='ocrx_word' id='word_1_241' title='bbox 1143 2372 1352 2437; x_wconf 85' lang='grc' dir='ltr'><em>φιλίαν,</em></span> <span class='ocrx_word' id='word_1_242' title='bbox 1374 2365 1405 2422; x_wconf 79' lang='grc' dir='ltr'><em>ὃ</em></span> <span class='ocrx_word' id='word_1_243' title='bbox 1423 2368 1725 2436; x_wconf 77' lang='grc' dir='ltr'><em>προσφιλὲς</em></span> <span class='ocrx_word' id='word_1_244' title='bbox 1744 2365 1929 2435; x_wconf 84' lang='grc' dir='ltr'><em>ἁπάσῃ</em></span> 
     </span>
    </p>
   </div>
   <div class='ocr_carea' id='block_1_4' title="bbox 243 2443 1931 2844">
    <p class='ocr_par' dir='ltr' id='par_1_5' title="bbox 243 2443 1931 2844">
     <span class='ocr_line' id='line_1_29' title="bbox 243 2443 1930 2517; baseline -0.002 -16"><span class='ocrx_word' id='word_1_245' title='bbox 243 2451 629 2517; x_wconf 81' lang='grc' dir='ltr'><em>κυβερνητικῇ.</em></span> <span class='ocrx_word' id='word_1_246' title='bbox 666 2446 760 2501; x_wconf 85' lang='grc' dir='ltr'><em>καὶ</em></span> <span class='ocrx_word' id='word_1_247' title='bbox 787 2445 899 2517; x_wconf 86' lang='grc' dir='ltr'><em>μὴν</em></span> <span class='ocrx_word' id='word_1_248' title='bbox 936 2443 1058 2501; x_wconf 79' lang='grc' dir='ltr'><em>οὐδ’</em></span> <span class='ocrx_word' id='word_1_249' title='bbox 1101 2444 1298 2501; x_wconf 87' lang='grc' dir='ltr'><em>ὁπόσοι</em></span> <span class='ocrx_word' id='word_1_250' title='bbox 1335 2447 1537 2516; x_wconf 80' lang='grc' dir='ltr'><em>βοηθοι</em></span> <span class='ocrx_word' id='word_1_251' title='bbox 1574 2449 1749 2509; x_wconf 87' lang='grc' dir='ltr'><em>δίκαις</em></span> <span class='ocrx_word' id='word_1_252' title='bbox 1775 2447 1836 2499; x_wconf 83' lang='grc' dir='ltr'><em>ἐν</em></span> <span class='ocrx_word' id='word_1_253' title='bbox 1860 2451 1930 2516; x_wconf 79' lang='grc' dir='ltr'><em>τῇ</em></span> 
     </span>
     <span class='ocr_line' id='line_1_30' title="bbox 243 2525 1931 2598; baseline -0.002 -16"><span class='ocrx_word' id='word_1_254' title='bbox 243 2531 345 2582; x_wconf 87' lang='grc' dir='ltr'><em>τοῦ</em></span> <span class='ocrx_word' id='word_1_255' title='bbox 364 2529 543 2596; x_wconf 85' lang='grc' dir='ltr'><em>λέγειν</em></span> <span class='ocrx_word' id='word_1_256' title='bbox 563 2528 719 2598; x_wconf 88' lang='grc' dir='ltr'><em>ρωμῃ</em></span> <span class='ocrx_word' id='word_1_257' title='bbox 737 2528 873 2597; x_wconf 85' lang='grc' dir='ltr'><em>φασὶ</em></span> <span class='ocrx_word' id='word_1_258' title='bbox 890 2532 1181 2597; x_wconf 83' lang='grc' dir='ltr'><em>γίγνεσθαι</em></span> <span class='ocrx_word' id='word_1_259' title='bbox 1201 2525 1388 2598; x_wconf 82' lang='grc' dir='ltr'><em>μνήμῃ</em></span> <span class='ocrx_word' id='word_1_260' title='bbox 1416 2527 1507 2581; x_wconf 86' lang='grc' dir='ltr'><em>καὶ</em></span> <span class='ocrx_word' id='word_1_261' title='bbox 1536 2531 1715 2597; x_wconf 84' lang='grc' dir='ltr'><em>τριβῇ,</em></span> <span class='ocrx_word' id='word_1_262' title='bbox 1747 2525 1931 2591; x_wconf 85' lang='grc' dir='ltr'><em>δόξαις</em></span> 
     </span>
     <span class='ocr_line' id='line_1_31' title="bbox 243 2605 1930 2680; baseline -0.001 -18"><span class='ocrx_word' id='word_1_263' title='bbox 243 2605 279 2678; x_wconf 82' lang='grc' dir='ltr'><em>η’</em></span> <span class='ocrx_word' id='word_1_264' title='bbox 309 2612 465 2663; x_wconf 77' lang='grc' dir='ltr'><em>ἔθεσι</em></span> <span class='ocrx_word' id='word_1_265' title='bbox 501 2613 862 2680; x_wconf 86' lang='grc' dir='ltr'><em>προσέχοντες</em></span> <span class='ocrx_word' id='word_1_266' title='bbox 896 2606 996 2663; x_wconf 89' lang='grc' dir='ltr'><em>τόν</em></span> <span class='ocrx_word' id='word_1_267' title='bbox 1022 2613 1183 2678; x_wconf 88' lang='grc' dir='ltr'><em>νοῦν,</em></span> <span class='ocrx_word' id='word_1_268' title='bbox 1221 2606 1486 2676; x_wconf 72' lang='grc' dir='ltr'><em>ἀληθείας</em></span> <span class='ocrx_word' id='word_1_269' title='bbox 1521 2609 1581 2662; x_wconf 88' lang='grc' dir='ltr'><em>δε</em></span> <span class='ocrx_word' id='word_1_270' title='bbox 1609 2628 1721 2662; x_wconf 88' lang='grc' dir='ltr'><em>των</em></span> <span class='ocrx_word' id='word_1_271' title='bbox 1756 2605 1930 2670; x_wconf 83' lang='grc' dir='ltr'><em>ὅντως</em></span> 
     </span>
     <span class='ocr_line' id='line_1_32' title="bbox 247 2688 1929 2763; baseline -0.001 -20"><span class='ocrx_word' id='word_1_272' title='bbox 247 2692 478 2744; x_wconf 83' lang='grc' dir='ltr'><em>δικαίων</em></span> <span class='ocrx_word' id='word_1_273' title='bbox 505 2688 659 2754; x_wconf 83' lang='grc' dir='ltr'><em>ἐκτὸς</em></span> <span class='ocrx_word' id='word_1_274' title='bbox 694 2693 1156 2763; x_wconf 86' lang='grc' dir='ltr'><em>παρεσφαλμένοι.</em></span> <span class='ocrx_word' id='word_1_275' title='bbox 1197 2689 1358 2761; x_wconf 81' lang='grc' dir='ltr'><em>λοιπὴ</em></span> <span class='ocrx_word' id='word_1_276' title='bbox 1390 2689 1444 2745; x_wconf 84' lang='grc' dir='ltr'><em>δ’</em></span> <span class='ocrx_word' id='word_1_277' title='bbox 1476 2694 1555 2746; x_wconf 83' lang='grc' dir='ltr'><em>ἔτι</em></span> <span class='ocrx_word' id='word_1_278' title='bbox 1589 2688 1726 2759; x_wconf 83' lang='grc' dir='ltr'><em>πρὸς</em></span> <span class='ocrx_word' id='word_1_279' title='bbox 1762 2689 1929 2753; x_wconf 80' lang='grc' dir='ltr'><em>δόξαν</em></span> 
     </span>
     <span class='ocr_line' id='line_1_33' title="bbox 245 2766 1927 2844; baseline -0.002 -18"><span class='ocrx_word' id='word_1_280' title='bbox 245 2773 444 2841; x_wconf 73' lang='grc' dir='ltr'><em>σοφίαξ,ἱ</em></span> <span class='ocrx_word' id='word_1_281' title='bbox 478 2773 596 2827; x_wconf 86' lang='grc' dir='ltr'><em>ε’στί</em></span> <span class='ocrx_word' id='word_1_282' title='bbox 619 2794 699 2838; x_wconf 90' lang='grc' dir='ltr'><em>τις</em></span> <span class='ocrx_word' id='word_1_283' title='bbox 729 2771 932 2839; x_wconf 80' lang='grc' dir='ltr'><em>ἄτοπος</em></span> <span class='ocrx_word' id='word_1_284' title='bbox 958 2770 1260 2844; x_wconf 88' lang='grc' dir='ltr'><em>δύναμις,</em></span> <span class='ocrx_word' id='word_1_285' title='bbox 1235 2795 1306 2843; x_wconf 93' lang='grc' dir='ltr'><em>ην</em></span> <span class='ocrx_word' id='word_1_286' title='bbox 1335 2771 1509 2843; x_wconf 91' lang='grc' dir='ltr'><em>φύσιν</em></span> <span class='ocrx_word' id='word_1_287' title='bbox 1538 2766 1609 2827; x_wconf 72' lang='grc' dir='ltr'><em>ἂν</em></span> <span class='ocrx_word' id='word_1_288' title='bbox 1648 2774 1705 2826; x_wconf 79' lang='grc' dir='ltr'><em>οἱ</em></span> <span class='ocrx_word' id='word_1_289' title='bbox 1737 2771 1927 2825; x_wconf 82' lang='grc' dir='ltr'><em>πολλοὶ</em></span> 
     </span>
    </p>
   </div>
  </div>
 </body>
</html>
