1976 3172
247 76 355 130 360
869 79 1039 125 HAA
1057 79 1340 128 Tsz1v02

171 226 205 267 B
243 211 386 280 ἅπερ
417 216 497 284 τῷ
523 216 801 266 πωλοῦντι
828 211 1190 282 ξυνεβούλευε
1223 210 1296 283 μὴ
1331 215 1563 279 πλέονος
1589 222 1766 289 τιμᾷν
1803 220 1921 270 δια-

242 291 589 362 πειρώμενον
626 288 748 346 ἀλλ’
790 288 863 356 ῶς
899 289 1250 347 ἁπλούστατα
1285 299 1390 364 τῆς
1416 293 1584 366 ἀξίας,
1613 294 1816 351 ταύτὸν
1855 296 1922 365 δὴ

242 371 567 442 προστάττει
583 372 676 427 καὶ
698 377 774 445 τῷ
801 369 1215 448 ἀναιρουμένω·
1251 376 1543 445 γιγνώσκει
1565 375 1673 447 γὰρ
1694 399 1723 432 ο
1743 399 1804 447 γε
1825 381 1923 447 δη-

241 451 507 524 μιουργὸς
540 451 644 524 τὴν
679 450 866 520 ἀξίαν·
903 458 964 510 ἐν
1002 457 1318 525 ἐλευθέρων
1354 451 1460 513 οὖν
1497 458 1724 515 πόλεσιν
1758 457 1827 514 οὐ
1855 458 1925 529 δή

241 553 374 591 ποτε
401 533 510 613 χρῂἱ
533 536 714 607 τέχνῃ,
752 547 924 607 σαφεῖ
955 558 1014 592 τε
1049 539 1140 593 καὶ
1169 535 1405 603 ἀψευδεῖ
1434 538 1602 610 φύσει
1630 540 1923 611 πράγματι,
1974 537 1976 543 ’

242 619 638 686 διαπειρᾶσθαι
667 622 782 673 τῶν
813 621 1049 674 ἰδιωτῶν
1080 619 1404 690 τεχνάζοντα
1432 619 1608 677 αὐτὸν
1633 619 1735 677 τὸν
1764 626 1925 693 δημι-

241 698 469 770 ουργόν,
501 702 656 764 δίκας
685 699 746 756 δὲ
773 699 912 755 εἶναι
934 699 1159 755 τούτων
1181 708 1260 774 τῷ
1283 698 1631 776 ἀδικουμένῳ
1659 701 1798 773 πρὸς
1827 703 1926 757 τὸν

241 777 559 835 ἀδικοῦντα;
596 777 697 835 ἐὰν
729 783 790 834 δέ
823 801 904 871 τις
937 782 1134 846 ἐκδοὺς
1164 777 1238 836 αὖ
1274 786 1593 857 δημιουργῷ
1628 782 1702 854 μὴ
1733 781 1925 853 ἀποδῷ

180 870 212 911 c
242 858 374 924 τοὺς
394 857 635 931 μισθοὺς
656 856 847 927 ὀρθῶς
866 859 1005 914 κατὰ
1035 860 1137 930 τὴν
1166 865 1406 932 ἔννομον
1435 862 1737 933 ὁμολογίαν
1763 884 1926 934 γενο-

185 987 195 999 ,
240 945 431 1013 μένην,
463 946 578 996 Δία
602 939 661 996 δε
688 945 992 1011 πολιοῦχον
1021 942 1113 997 καὶ
1145 938 1392 1013 Ἀθηνοῖν
1425 942 1738 1007 κοινωνοὺς
1767 950 1925 999 πολι-

238 1029 385 1089 τείας
408 1022 700 1095 ἀτιμάζων,
723 1019 903 1095 βραχυ
925 1027 1120 1093 κέρδος
1139 1022 1388 1096 ἀγαπων,
1420 1025 1528 1098 λύῃ
1547 1025 1788 1097 μεγάλας
1806 1046 1926 1080 κοι-

240 1111 461 1176 νωνίας,
494 1105 664 1177 νόμος
694 1102 723 1161 ὁ
755 1111 996 1178 βοηθῶν
1019 1111 1156 1162 ἔστω
1180 1114 1259 1181 τῷ
1288 1114 1384 1179 τῆς
1412 1107 1624 1173 πόλεως
1645 1111 1926 1179 ξυνδέσμω

240 1187 374 1260 μετὰ
393 1195 550 1245 θεῶν
565 1210 576 1220 ·
617 1185 677 1253 ὃς
694 1209 802 1259 γαρ
821 1209 895 1243 αν
914 1190 1399 1260 προαμειψάμενος
1413 1194 1579 1261 ἔργον
1594 1188 1834 1262 μισθοὺς
1854 1188 1926 1259 μὴ

240 1271 487 1347 ἀποδιδῷ
513 1276 574 1328 έν
601 1272 824 1344 χρόνοις
848 1284 962 1337 τοῖς
991 1270 1401 1343 ὁμολογηθεῖσι,
1433 1277 1670 1336 διπλοῦν
1696 1275 1930 1342 πραττέ-

242 1362 392 1419 σθω·
432 1351 530 1409 ἐὰν
556 1353 615 1409 δὲ
634 1351 887 1418 ἐνιαυτὸς
915 1355 1129 1424 ἐξέλθῃ,
1154 1360 1270 1408 τῶν
1295 1354 1482 1409 ἄλλων
1507 1352 1727 1409 ἀτόκων
1746 1352 1928 1408 ὄντων

177 1445 214 1484 D
238 1434 555 1508 χρημάτων,
575 1432 756 1490 ὁπόσα
769 1438 1044 1508 δανεισμῷ
1067 1434 1362 1505 ξυμβάλλει
1376 1455 1473 1503 τις,
1488 1428 1652 1499 οὗτος
1670 1439 1928 1508 τῇδραχ-

240 1523 317 1589 μῇ
348 1515 584 1572 ἑκάστου
610 1513 786 1586 μηνὸς
813 1518 1122 1586 ἐπωβελίαν
1143 1519 1503 1586 κατατιθέτω,
1528 1521 1682 1580 δίκας
1702 1516 1759 1570 δὲ
1790 1515 1929 1570 εἶναι

160 1667 164 1673 ,
240 1597 459 1654 τούτων
489 1600 550 1653 έν
582 1608 696 1661 τοῖς
729 1595 868 1651 κατὰ
898 1594 1078 1666 φυλὰς
1100 1599 1482 1668 δικαστηρίοις.
1524 1595 1595 1662 ὡς
1616 1596 1675 1652 δὲ
1702 1599 1765 1652 έν
1784 1615 1928 1665 παρ-

242 1683 386 1753 ε’ργω
416 1681 540 1748 περὶ
571 1685 683 1733 τῶν
714 1675 852 1733 κατὰ
879 1676 1127 1748 πόλεμον
1159 1681 1515 1750 δημιουργῶν
1543 1678 1723 1735 ὅντων
1753 1694 1928 1748 σωτη-

244 1766 381 1831 ρίας,
406 1761 730 1858 στρατηγῶν
746 1781 805 1815 τε
832 1762 923 1815 καὶ
941 1757 1063 1815 ὅσοι
1081 1763 1207 1831 περὶ
1235 1767 1408 1816 ταῦτα
1426 1766 1680 1832 τεχνικοί,
1716 1764 1929 1816 δίκαιον

242 1841 478 1909 εἰπεῖν,““
457 1841 541 1896 ότι
558 1839 621 1897 τὰ
644 1840 909 1913 παράπαν
933 1842 1293 1943 ἐμνήσθημεν
1312 1846 1682 1914 δημιουργῶν,
1705 1863 1779 1905 ως
1796 1841 1929 1896 τού-

238 1943 354 1988 τοις
373 1915 448 1978 αὖ
465 1922 722 1994 καθάπερ
751 1925 982 1988 ἐκείνοις
1010 1919 1131 1979 οἷον
1157 1925 1360 1994 ἑτέροις
1389 1925 1517 1978 οὐσι
1543 1926 1927 1993 δημιουργοῖς·

239 2004 355 2059 ἐάν
348 2025 446 2068 τις
463 2002 572 2072 ἄρα
591 2004 683 2058 καὶ
712 2004 929 2060 τούτων
955 2003 1288 2076 ἀνελόμενος
1317 2003 1586 2075 δημόσιον
1615 2007 1781 2073 ἔργον
1811 1999 1924 2057 εἴθ’

182 2098 216 2137 Ε
246 2108 392 2142 εκων
411 2093 519 2140 εἴτε
538 2085 892 2156 προσταχθεν
923 2093 1102 2151 καλῶς
1127 2087 1500 2158 ἐξεργάσηται,
1531 2081 1601 2140 *ὁ
1633 2085 1693 2140 δε
1722 2084 1928 2155 δῆμος*

243 2166 342 2231 τὰς
360 2167 534 2237 τιμάς,
556 2172 613 2222 οἳ
635 2166 702 2238 δὴ
733 2171 927 2239 μισθοὶ
955 2175 1271 2239 πολεμικοῖς
1300 2166 1573 2238 ἀνδράσιν
1601 2164 1757 2236 εἰσίν,
1788 2162 1930 2220 ἀπο-

245 2250 382 2321 διδῷ
405 2247 693 2316 δικαίως,“
666 2271 696 2303 ο
730 2250 902 2320 νόμος
932 2248 1107 2305 αὐτὸν
1138 2253 1382 2305 ἐπαινῶν
1413 2248 1617 2305 οὔποτε
1651 2257 1927 2318 καμεῖται

208 2328 344 2386 ἐὰν
363 2327 423 2384 δε
441 2330 927 2399 προαμειψάμενος
943 2336 1109 2400 ἔργον
1127 2353 1178 2386 τι
1196 2339 1310 2386 τῶν
1326 2330 1466 2385 κατὰ
1478 2330 1725 2397 πόλεμον
1741 2330 1928 2381 καλῶν

244 2414 426 2482 ἔργων
462 2411 536 2480 μὴ
569 2407 836 2484 ἀποδιδῷ,
872 2414 1150 2481 μέμψεται.
1199 2410 1368 2480 νόμος
1395 2404 1502 2464 οὖν
1529 2428 1693 2472 ουτος
1721 2408 1926 2478 ε’παίνω

245 2494 371 2562 περὶ
405 2490 619 2547 τούτων,
655 2488 789 2562 ἡμῖν
821 2495 1151 2566 μεμιγμένος
1181 2495 1408 2560 κείσθω,
1447 2487 1925 2560 ξυμβουλευτικός,

129 2589 216 2635 922
245 2594 315 2628 ου
340 2571 638 2644 βιαστικός,
657 2578 738 2646 τῷ
765 2572 970 2644 πλήθει
1000 2579 1114 2628 τῶν
1141 2576 1398 2641 πολιτῶν,
1434 2592 1600 2643 τιμαν
1625 2567 1758 2632 τούς
1785 2565 1926 2637 ἀγα-

243 2652 388 2717 θούς
406 2655 684 2724 άνδρας,”
651 2673 774 2710 οσοι
791 2661 1032 2727 σωτῆρες
1049 2660 1145 2725 τῆς
1161 2652 1372 2717 πόλεως
1393 2657 1497 2708 εἰσι
1515 2650 1800 2722 ξυμπάσης
1819 2656 1925 2703 εἴτε

245 2736 523 2803 ἀνδρείαις
551 2743 659 2792 εἴτε
688 2743 1005 2808 πολεμικαῖς
1028 2746 1309 2807 μηχαναῖς,
1331 2735 1645 2804 δευτέρους·
1690 2729 1926 2802 πρώτοις
