1976 3172
240 127 312 180 24
860 131 1337 179 ΠΛΛΤῼΝΟΣ

224 319 229 322 ,
383 267 500 316 ΑΘ.
532 259 694 317 Ἀλλά
713 261 816 332 χρὴ
835 274 1013 318 ποιεῖν
1042 263 1237 334 οὕτως,
1263 262 1406 335 ὑμᾶς
1433 287 1491 321 τε
1517 269 1604 321 ἐπὶ
1633 266 1694 322 τὸ
1726 278 1928 339 μαθεῖν

242 346 332 400 καὶ
347 345 440 414 ἐμὲ
451 344 546 399 ἐπὶ
563 342 626 399 τὸ
649 346 894 414 δηλωσαι
913 345 1262 417 πειρωμενου
1278 369 1430 417 αμως
1441 369 1504 417 γε
1523 368 1637 414 πως
1656 353 1930 415 ξυντεῖναι

237 424 339 480 τὸν
357 425 542 494 λόγον.
578 429 803 492 πρῶτον
823 425 886 480 δέ
903 446 1014 495 μου
1033 426 1310 481 οἷκούσατε
1329 427 1390 482 τὸ
1411 428 1654 484 τοιόνδε·
1691 452 1795 501 την
1823 434 1929 488 πό-

238 514 327 563 λιν
347 506 587 575 ἅπαντες
604 504 766 578 ἡμῶν
787 504 1047 579 Έλληνες
1067 506 1567 580 ὑπολαμβάνουσιν
1594 534 1668 576 ως
1698 516 1926 583 φιλόλοψ

237 589 334 661 γός
351 593 412 645 τέ
428 592 540 646 ἐστι
569 590 662 644 καὶ
694 589 1021 687 πολύλογος,
1052 595 1444 661 Λακεδαίμονα
1480 593 1542 648 δὲ
1572 596 1664 648 καὶ
1681 596 1927 668 Κρήτην,

236 672 339 744 τὴν
357 670 459 742 μὲν
479 668 847 742 βραχύλογον,
866 670 968 742 τὴν
989 672 1047 727 δε
1067 672 1379 728 πολύνοιαν
1397 671 1656 744 μαλλον
1630 673 1666 746 η’
1686 684 1928 732 πολυλο-

119 757 205 803 642
235 758 362 826 γίαν
399 751 702 808 ἀσκοῦσαν.
736 759 927 808 σκοπῶ
961 752 1044 825 δή,
1086 754 1159 825 μὴ
1190 753 1360 820 δόξαν
1395 751 1528 824 ὑμῖν
1563 758 1928 828 παράσχωμαι

235 837 360 905 περι
390 839 627 933 σμικροῦ
647 833 824 890 πολλα
840 836 1038 906 λέγειν,
1071 837 1247 907 μέθης
1265 838 1390 907 πέρι
1411 844 1652 907 σμικροῦ
1670 840 1929 909 πράγμα-

234 938 326 981 τος
345 915 610 988 παμμήκη
629 915 800 985 λόγον
821 914 1357 988 ἀνακαθαιρόμενος.
1384 916 1446 972 τὸ
1469 915 1575 989 δὲη
1595 918 1733 974 κατὰ
1754 919 1930 988 φύσιν

234 995 411 1053 αὐτοῦ
441 997 744 1068 διόρθωσις
765 995 872 1052 οὐκ
891 994 963 1052 ὂίν
985 998 1260 1053 δύναιτο’
1237 998 1375 1053 άνευ
1395 1007 1663 1071 μουσικῆς
1682 999 1930 1070 ὀρθότη-

232 1079 327 1144 τός
357 1073 490 1134 ποτε
526 1078 698 1148 σαφὲς
736 1076 863 1133 ουδ’
905 1077 1103 1134 ἰκανὸν
1142 1081 1204 1134 ἐν
1236 1091 1352 1144 τοῖς
1389 1080 1573 1149 λόγοις
1597 1079 1926 1152 ἀπολαβεῖν·

232 1158 468 1231 μουσικὴ
493 1158 593 1214 δὲ’
569 1159 708 1214 άνευ
726 1162 978 1224 παιδείας
998 1165 1095 1230 τῆς
1113 1159 1293 1231 πάσης
1322 1157 1427 1215 οὐκ
1459 1156 1532 1215 ἀν
1562 1163 1636 1215 αὐ
1664 1162 1795 1228 ποτὲ
1825 1161 1933 1216 δύ-

231 1263 411 1297 ναιτο·
449 1247 624 1296 ταῦτα
665 1243 724 1296 δὲ
754 1239 1098 1312 παμπόλλων
1133 1243 1244 1296 ἐστὶ
1278 1239 1478 1310 λόγων.
1529 1239 1695 1310 ὁρατε
1736 1236 1842 1298 οὖν
1877 1248 1933 1300 τι

233 1330 497 1395 ποιῶμεν,
521 1327 592 1392 [εἰ
607 1327 781 1378 ταῦτα
800 1322 904 1393 μὲν
924 1322 1184 1393 ἐάσαιμεν
1203 1325 1264 1387 εἶν
1281 1329 1361 1391 τςό
1378 1321 1632 1393 παρόντι,
1646 1331 1926 1395 μετεκβαῖ-

170 1411 202 1452 Β
234 1428 338 1478 μεν
358 1404 409 1461 δ’
434 1411 511 1471 εἰς
529 1406 720 1477 ἕτερόν
738 1426 864 1461 τινα
882 1405 1074 1477 νόμων
1091 1410 1216 1476 πέρι
1234 1405 1443 1477 λόγον].

271 1492 279 1499 '
373 1496 505 1546 ME.
536 1483 602 1545 Ὦ
623 1493 742 1556 ξένε
757 1488 1034 1562 Ἀθηναῖε,
1057 1488 1162 1546 οὐκ
1193 1488 1345 1546 οἶσθ’
1378 1497 1526 1559 ἴσως,
1557 1489 1640 1544 ὅτι
1668 1490 1930 1561 τυγχάνει

228 1569 440 1644 ἡμῶνὴ
461 1573 610 1628 ἑστία
627 1575 724 1642 τῆς
742 1570 958 1636 πόλεως
988 1563 1130 1626 οὖσα
1161 1567 1322 1640 ὑμῶν
1352 1569 1635 1642 πρόξενος.
1676 1577 1809 1633 ἴσως
1826 1569 1929 1640 μὲν
1958 1636 1959 1641 ¹

230 1647 335 1710 οὖν
364 1655 456 1708 καὶ
493 1659 627 1708 πᾶσι
653 1663 768 1718 τοῖς
796 1658 1004 1723 παισίν,
1037 1651 1263 1707 ἐπειδὰν
1285 1650 1623 1721 ἀκούσωσιν,
1663 1648 1748 1706 ὅτι
1775 1651 1928 1716 τινός

230 1741 335 1793 εἰσι
356 1734 566 1800 πόλεως
585 1732 861 1807 πρόξενοι,
883 1734 1059 1807 ταύτῃ
1078 1757 1158 1799 τις
1177 1732 1370 1789 εὔνοια
1390 1735 1450 1788 ἐκ
1473 1733 1617 1789 νέων
1638 1730 1815 1797 εὐθὺς
1833 1734 1926 1787 ἐν-

229 1816 420 1874 δύεται
438 1819 676 1873 ἕκαστον
693 1814 853 1888 ἡμῶν
871 1822 987 1872 τῶν
1005 1817 1293 1886 προξένων
1311 1821 1379 1886 τῇ
1396 1813 1571 1885 πόλει,
1595 1812 1668 1879 ὡς
1693 1816 1927 1885 δευτέρᾳ

228 1897 371 1971 οὔσῃ
389 1903 611 1971 πατρίδι
629 1897 764 1970 μετὰ
785 1897 890 1970 τὴν
910 1895 1088 1953 αὑτοῦ
1106 1896 1271 1953 πόλιν
1286 1917 1298 1928 ·
1338 1898 1431 1951 καὶ
1451 1894 1517 1965 δὴ
1545 1897 1639 1950 καὶ
1667 1896 1787 1964 ἐμοὶ
1817 1900 1927 1948 νῦν

226 1978 395 2055 ταύτὸ
417 1987 582 2037 τοῦτο
602 1984 912 2051 ἐγγέγονεν.
946 1978 1173 2036 ἀκούων
1200 1978 1309 2050 γὰρ
1339 1983 1453 2034 τῶν
1479 1980 1697 2032 παίδων
1727 1973 1924 2045 εὐθύς,

163 2072 194 2113 C
231 2051 348 2119 εἴτι
360 2065 668 2135 μέμφοιντο
685 2061 718 2132 ἦ
712 2063 825 2118 καὶ
838 2065 1116 2118 ἐπαινοῖεν
1126 2059 1570 2130 Λακεδαιμόνιοι
1572 2055 1924 2126 Ἀθηναίους,

231 2166 304 2209 ως
332 2142 367 2215 ἡ
397 2145 557 2208 πόλις
583 2166 759 2215 υμωυ,
786 2166 829 2199 ω
859 2146 1121 2213 Μέγιλλε,
1151 2145 1384 2212 ε’φασαν,
1413 2136 1562 2211 ἡμας
1581 2135 1650 2192 ού
1679 2141 1861 2200 κἀλως
1889 2130 1927 2206 ἢ

229 2231 414 2289 καλως
452 2230 658 2296 ἔρρεξε,
697 2230 887 2279 ταῦτα
911 2223 979 2294 δὴ
1027 2222 1267 2292 ακούων,
1306 2223 1400 2278 καὶ
1435 2219 1745 2291 μαχόμενος
1785 2215 1938 2286 πρὸς.
1967 2254 1976 2270 .

231 2304 372 2362 αὐτὰ
388 2303 528 2376 ὑπερ
554 2302 714 2376 ὑμῶν
733 2301 816 2360 ἀεὶ
837 2303 976 2375 πρὸς
1001 2305 1132 2368 τούς
1150 2302 1253 2373 τὴν
1271 2303 1439 2357 πόλιν
1458 2306 1534 2364 εἰς
1553 2300 1733 2367 ψόγον
1751 2319 1924 2366 αγον-

229 2411 342 2459 τας,
363 2395 549 2444 πᾶσαν
569 2386 799 2443 εὔνοιαν
818 2391 997 2457 ἔσχον,
1018 2391 1117 2441 καί
1141 2407 1235 2456 μοι
1262 2390 1372 2439 νῦν
1402 2382 1440 2453 ἥ
1469 2404 1528 2437 τε
1557 2379 1718 2451 φωνὴ
1751 2400 1924 2451 προς-

230 2470 394 2544 φιλὴς
413 2468 590 2542 ὑμῶν,
620 2470 688 2526 τό
712 2491 770 2526 τε
789 2467 899 2524 ὑπὸ
921 2475 1143 2524 πολλων
1163 2467 1484 2537 λεγόμενον,
1511 2485 1586 2527 ως
1605 2461 1731 2518 ὅσοι
1754 2459 1924 2531 Ἀθη-

229 2559 404 2610 ναίων
423 2557 561 2608 εἰσὶν
581 2549 787 2622 ἀγαθοὶ
807 2549 1186 2621 διαφερόντως
1210 2549 1313 2604 εἰσὶ
1332 2552 1591 2615 τοιοῦτοι,
1614 2547 1771 2599 δοκεῖ
1785 2540 1923 2612 ἄλη-

229 2638 471 2691 θέστατα
501 2638 789 2705 λέγεσθαι·
828 2633 992 2704 μόνοι
1027 2652 1133 2702 γαρ
1172 2629 1311 2685 άνευ
1342 2627 1587 2697 άνάγκης
1624 2645 1923 2694 αυτοφυως

166 2732 201 2772 D
233 2725 363 2795 θεία
387 2723 553 2792 μοίρα
572 2719 798 2790 ἄληθως
816 2721 908 2773 καὶ
927 2716 996 2773 οὔ
1014 2736 1065 2771 τι
1084 2719 1337 2778 πλαστως
1356 2715 1494 2769 εἰσὶν
1513 2709 1734 2783 ἀγαθοί.
1773 2717 1923 2780 θαρ-

231 2825 350 2874 ρων
372 2804 437 2874 δὴ
466 2804 603 2873 ἐμοῦ
621 2822 684 2872 γε
706 2802 869 2857 ένεκα
883 2804 1061 2870 λέγοις
1080 2822 1153 2854 αν
1169 2802 1411 2854 τοσαῦτα
1432 2793 1611 2851 ὁπόσα
1631 2810 1718 2850 σοι
1737 2797 1918 2864 φίλον.
