1976 3172
271 132 376 185 390
877 129 1354 179 ΠΛΑΤΩΝΟΣ

205 312 223 331 ,
270 265 454 330 θύνας
474 265 870 334 διαφυγοῦσιν·
906 258 979 318 ἀν
1010 265 1072 318 δέ
1095 282 1176 327 τις
1203 262 1418 318 τούτων
1448 264 1726 320 πιστεύων
1750 273 1828 340 τῷ
1859 288 1951 322 κε-

271 351 499 416 κρίσθαι
517 342 620 416 τὴν
640 342 1007 416 ἀνθρωπίνην
1021 343 1196 414 φύσιν
1211 346 1451 416 ἐπιδείξῃ
1466 344 1637 411 κακὸς
1653 347 1954 418 γενόμενος

270 428 508 498 ὕστερον
527 433 622 498 τῆς
639 430 887 499 κρίσεως,
907 424 1225 496 γράφεσθαι
1245 427 1346 495 μὲν
1362 423 1464 481 τὸν
1481 427 1830 499 βουλόμενον
1846 426 1953 483 αὐ-

270 513 372 568 τὸν
389 508 418 567 ὁ
439 509 609 582 νόμος
625 511 1021 580 προσταττέτω,
1043 506 1073 564 ὃ
1094 506 1146 564 δ’
1166 506 1319 579 ἀγῶν
1337 512 1399 565 ἐν
1417 513 1746 586 δικαστηρίῳ
1766 516 1953 583 γιγνέ-

157 599 243 644 948
272 600 394 649 σθω
413 591 612 662 τοιῶδέ
624 590 951 663 τινι-τρόπω.
1003 595 1224 662 πρῶτον
1243 590 1345 661 μὲν
1370 590 1756 662 νομοφύλακες
1784 596 1953 648 ἔστω-

273 689 378 729 σαν
394 672 599 728 τούτου
614 677 717 728 τοῦ
738 675 1109 743 δικαστηρίου,
1124 674 1307 726 ἔπειτα
1319 670 1508 727 αὐτῶν
1524 671 1739 729 τούτων
1750 676 1808 729 οἱ
1823 678 1951 741 ζῶν·

271 774 375 822 τες,
398 753 535 822 πρὸς
555 751 615 807 δὲ
633 752 851 816 τούτοις
868 753 930 807 τὸ
958 758 1072 807 τῶν
1102 754 1375 808 ἐκλεκτῶν
1405 754 1779 825 δικαστήριον·
1812 775 1952 825 γρα-

272 836 469 903 φέσθω
494 834 554 888 δὲ
575 828 606 887 ὁ
625 831 995 902 γραφόμενος,
1026 828 1094 885 ὃν
1123 828 1197 886 ἄν
1222 834 1518 904 γράφηται,
1546 836 1820 904 λέγουσαν
1851 836 1955 905 τὴν

270 913 495 987 γραφὴν
523 911 751 979 ἀνάξιον
771 910 911 968 εἶναι
930 910 1028 968 τὸν
1059 913 1150 967 καὶ
1178 909 1278 968 τὸν
1303 918 1417 968 τῶν
1443 911 1732 985 ἀριστείων
1750 918 1840 972 καὶ
1860 921 1955 987 τῆς

274 995 465 1066 ἀρχῆς·
499 998 592 1051 καὶ
625 993 727 1051 ἐὰν
761 996 863 1065 μὲν
898 990 927 1049 ὁ
967 992 1195 1064 φεύγων
1227 990 1361 1067 ἁλῷ,
1401 996 1682 1065 στερέσθω
1720 1000 1816 1066 τῆς
1853 994 1955 1066 ἀρ-

273 1083 370 1148 χῆς
387 1078 478 1133 καὶ
499 1081 604 1133 τοῦ
619 1075 805 1146 τάφον
821 1078 914 1131 καὶ
931 1081 1045 1132 τῶν
1072 1075 1257 1131 ἄλλων
1273 1080 1387 1131 τῶν
1407 1078 1685 1131 δοθεισῶν
1703 1074 1852 1150 αὐτῷ
1872 1096 1954 1132 τι-

273 1164 412 1229 μῶν,
449 1156 547 1214 ἐὰν
584 1157 644 1214 δὲ
679 1154 708 1214 ὁ
742 1156 962 1214 διώκων
999 1157 1073 1228 μὴ
1112 1157 1391 1229 μεταλάβῃ
1421 1155 1482 1213 τὸ
1514 1160 1763 1228 πέμπτον
1791 1162 1954 1229 μέρος

272 1244 385 1294 τῶν
408 1238 633 1311 ψήφων,
652 1241 843 1295 τινέτω
862 1236 893 1293 ὁ
911 1237 1012 1309 μὲν
1028 1243 1131 1294 τοῦ
1145 1244 1408 1310 μεγίστου
1426 1238 1723 1310 τιμήματος
1740 1240 1953 1295 δυόδεκα

109 1369 111 1373 ,
205 1331 236 1370 Β
273 1327 430 1391 μνᾶς,
469 1318 613 1378 ὄκτῶ
653 1322 714 1376 δὲ
748 1318 777 1376 ὁ
818 1325 921 1376 τοῦ
953 1323 1233 1391 δευτέρου,
1269 1325 1457 1391 τρίτου
1497 1320 1555 1377 δὲ
1585 1321 1658 1389 ἕξ,
1690 1319 1952 1391 τετάρτου

273 1403 332 1456 δὲ
354 1401 470 1457 δύο.
1790 1469 1796 1473 .

411 1487 492 1537 lv.
523 1481 940 1553 Ῥαδαμάνθυος
960 1481 1019 1537 δὲ
1039 1483 1163 1550 περὶ
1190 1480 1293 1553 τὴν
1311 1484 1615 1551 λεγομένην
1639 1486 1820 1552 κρίσιν
1839 1487 1952 1538 τῶν

271 1567 445 1620 δικῶν
463 1561 619 1629 ἄξιον
639 1561 902 1634 ἄγασθαι,
922 1561 1058 1618 διότι
1077 1567 1290 1618 κατεῖδε
1309 1561 1441 1628 τοὺς
1465 1563 1590 1618 τότε
1614 1561 1954 1631 ἀνθρώπους

268 1642 612 1716 ἡγουμένους
639 1647 883 1714 ἐναργῶς
913 1642 1052 1699 εἶναι
1079 1643 1269 1714 θεούς,
1299 1643 1536 1713 εἰκότως,
1564 1642 1661 1699 ἅτε
1689 1643 1829 1701 κατὰ
1856 1643 1954 1699 τὸν

269 1725 392 1781 τότε
405 1725 612 1796 χρόνον
632 1731 743 1781 τῶν
748 1731 990 1782 πολλῶν
1008 1728 1069 1782 ἐκ
1084 1723 1279 1781 θεῶν’
1261 1724 1459 1796 όντων,
1481 1718 1560 1780 ὧν
1582 1719 1711 1790 εἷς
1673 1747 1746 1796 ην
1768 1724 1950 1795 αὐτός,

271 1805 344 1871 ῶς
361 1828 425 1876 γε
444 1806 621 1878 λόγος.
661 1810 804 1863 ἔοικε
825 1805 890 1879 δὴ
911 1795 1140 1879 δικαστῇ
1162 1810 1264 1878 μεν
1283 1805 1606 1906 ἀνθρώπων
1626 1805 1813 1862 ουδενὶ
1832 1810 1954 1862 δια-

270 1887 579 1959 νοούμενος
597 1891 712 1944 δεῖν
733 1890 1055 1961 ἐπιτρέπειν,
1086 1896 1240 1954 θεοῖς
1269 1891 1344 1960 δέ,
1375 1885 1517 1944 οθεν
1545 1886 1716 1944 ἁπλαῖ
1735 1888 1828 1942 καὶ
1855 1907 1952 1940 τα-

270 1981 409 2040 χεῖαι
429 1974 576 2027 δίκαι
596 1970 868 2043 ἐκρίνοντ’
890 1971 1058 2046 αὐτῷ.
1096 1969 1284 2037 διδοὺς
1302 1969 1410 2042 γὰρ
1431 1973 1554 2039 περὶ
1574 1969 1822 2026 ἑκάστων
1839 1974 1953 2024 τῶν

211 2068 240 2109 C
272 2048 811 2124 ἀμφισβητουμένων
840 2050 1013 2124 ὅρκον
1040 2063 1155 2117 τοῖς
1190 2051 1637 2123 ἀμφισβητοῦσιν
1671 2048 1954 2120 ἀπηλλάτ-

271 2153 392 2188 τετο
410 2132 547 2204 ταχὺ
566 2135 658 2190 καὶ
676 2132 954 2206 ἀσφαλῶς.
993 2140 1101 2190 νῦν
1122 2135 1182 2190 δὲ
1203 2134 1269 2204 δὴ
1300 2132 1391 2189 ὅτε
1420 2135 1584 2204 μέρος
1613 2134 1716 2202 μέν
1743 2153 1812 2200 τι,
1842 2151 1954 2200 φα-

185 2259 188 2262 .
272 2216 390 2284 μέν,
425 2211 748 2286 ἀνθρώπων
773 2214 843 2272 τὰ
868 2216 1132 2287 παράπαν
1164 2214 1264 2286 οὐχ
1292 2213 1557 2286 ἡγοῦνται
1585 2213 1774 2283 θεούς,
1805 2216 1863 2269 οἱ
1894 2213 1954 2267 δὲ

208 2328 214 2329 ff
273 2291 342 2349 οὐ
362 2300 674 2365 φροντίζειν
690 2296 853 2366 ἡμῶν
867 2295 1080 2362 ἀὐτοὺς
1097 2303 1470 2367 διανοοῦνται,
1493 2303 1607 2351 τῶν
1632 2298 1692 2351 δὲ
1711 2295 1777 2363 δὴ
1799 2296 1953 2349 πλεί-

273 2391 420 2431 στων
439 2376 552 2432 ἐστὶ
566 2377 659 2431 καὶ
677 2375 1005 2446 κακίστωνὴ
1027 2377 1176 2443 δόξα,
1200 2375 1272 2440 ῶς
1301 2376 1504 2446 σμικροὶ
1534 2375 1817 2443 δεχόμενοι
1838 2372 1955 2428 θύ-

269 2477 414 2526 ματα
439 2458 530 2512 καὶ
559 2461 806 2522 θωπείας
824 2456 1019 2513 ’πολλὰ
1057 2461 1535 2523 συναποστεροῦσι
1570 2454 1821 2526 χρήματα
1858 2457 1949 2509 καὶ

269 2537 529 2608 μεγάλων
549 2543 695 2608 σφᾶς
722 2537 1018 2593 ἐκλύονται
1041 2557 1179 2593 κατα
1205 2533 1382 2591 πολλα
1413 2540 1633 2607 ζημιῶν,
1664 2533 1848 2591 οὐκέτι
1883 2533 1949 2605 δὴ

268 2629 380 2701 τοῖς
407 2623 517 2674 νῦν
542 2616 866 2690 ἀνθρώποις
892 2616 927 2690 ἡ
954 2616 1404 2723 Ραδαμάνθυοςῒ
1407 2613 1479 2672 α“ν
1512 2626 1595 2689 εἴη
1627 2619 1789 2688 τέχνη
1817 2620 1953 2687 πρέ-

212 2713 244 2752 D
274 2697 455 2756 πουσα
488 2704 547 2759 ἐν
584 2704 771 2766 δίκαις.
819 2706 1301 2774 μεταβεβληκυιῶν
1334 2693 1440 2755 ὀὖν
1475 2707 1588 2755 τῶν
1624 2701 1749 2768 περὶ
1781 2698 1954 2760 θεονς

270 2784 448 2847 δοξῶν
479 2784 539 2838 ἐν
560 2793 671 2848 τοῖς
702 2780 1026 2852 ἀνθρώποις
1053 2782 1414 2853 μεταβάλλειν
1442 2780 1542 2851 χρὴ
1573 2782 1663 2836 καὶ
1692 2778 1822 2844 τοὺς
1850 2779 1952 2834 νό-
