1976 3172
289 126 390 180 160
887 124 1401 177 ΠΛΑΤΩΝΟΣ

284 260 583 330 βουληθεὶς
601 260 820 323 ἐπεξίτω
853 262 921 328 τῇ
955 261 1078 330 δίκῃ
1106 261 1166 313 ἐν
1194 258 1380 324 αὐτοῖς
1414 270 1527 325 τοῖς
1561 264 1976 333 νομοφύλαξιν·;

178 351 263 397 755
287 340 385 398 ἐὰν
417 338 470 395 δ’
511 336 540 395 6
570 338 798 410 φεύγων
833 336 996 410 ὄφλῃ,
1017 346 1130 394 τῶν
1158 345 1368 395 κοινῶν
1396 342 1689 412 κτημάτων
1717 344 1789 416 μὴ
1810 367 1976 416 μετε-

285 424 440 493 χέτω,
455 418 689 491 διανομὴ
710 419 812 477 δὲ’
790 419 925 476 όταν
941 427 1008 493 τῇ
1027 422 1186 476 πόλει
1203 426 1456 492 γίγνηταί
1469 443 1566 494 τις,
1584 422 1812 496 ἄμοιρος
1830 432 1922 482 ἔστ

286 502 434 574 πλήν
453 525 516 573 γε
534 509 637 558 τοῦ
655 502 885 573 κλήρου,
909 504 1218 574 γεγράφθω
1247 504 1305 559 δὲ
1337 503 1624 603 ωφληκσός,
1656 509 1758 582 ἕως
1787 501 1858 563 ἀν
1887 513 1914 574 ζ
1929 508 1959 527 ”’

285 605 430 640 οπου
449 589 556 649 πᾶς
584 581 612 639 6
643 585 1007 655 βουλόμενος
1011 583 1152 640 αὐτοὶ
1185 583 1576 656 ἀναγνώσεται.
1617 586 1691 659 μὴ
1720 591 1890 644 πλέον
1911 593 1956 659 δΙ

287 673 497 722 εἴκοσιν
517 667 658 721 έτων
686 666 1010 737 νομοφύλαξ
1031 666 1255 738 ἀρχέτω,
1277 672 1536 764 φερέσθω
1563 666 1614 723 δ’
1638 674 1714 734 εἰς
1744 668 1848 741 τὴν
1867 668 1902 725 ἀ

285 745 389 816 χὴν
409 744 481 815 μὴ
505 743 785 801 ἔλαττου’“
747 769 782 816 η
804 748 1147 846 πεντήκοντα
1165 769 1411 848 γεγονως
1439 750 1577 803 ἐτῶν
1593 771 1604 781 ·
1641 752 1897 846 ἕξηκοντο
1923 750 1937 769 ’
1953 746 1966 779 ”

286 846 383 920 της
404 825 464 880 δὲ
481 827 726 894 ἐνεχθεὶς
747 831 879 880 δέκα
896 827 1077 896 μόνον
1109 827 1316 898 ἀρχέτω
1345 832 1454 899 ἔτη,
1479 832 1571 884 καὶ
1599 828 1738 884 κατὰ
1767 836 1931 886 τοῦτο

286 903 386 960 τὸν
405 904 594 974 λόγον,
617 903 782 959 ὁπόσ’
804 905 878 959 ἀν
900 927 981 970 τις
1006 909 1175 961 πλέον
1204 905 1452 1005 ὑπερβὰς
1482 910 1860 981 ἑβδομήκοντα
1889 915 1951 983 ζῇ

226 998 259 1038 Β
291 987 481 1057 μηκέτι
499 988 560 1041 ἐν
583 982 799 1050 τούτοις
817 997 930 1051 τοῖς
949 985 1182 1058 ἄρχουσι
1209 986 1310 1057 τὴν
1337 985 1671 1060 τηλικαύτην
1701 990 1876 1063 ἀρχὴν
1897 989 1952 1047 ω·

286 1067 471 1136 ἄρξων
491 1068 860 1139 διανοηθήτω.

427 1147 631 1204 Ν.Τά
653 1171 755 1219 μεν
773 1171 881 1204 ουν
899 1151 1024 1220 περὶ
1049 1169 1163 1205 των
1191 1133 1609 1220 νομοφυλάκων
1626 1156 1801 1206 ταῦτα
1821 1155 1902 1222 είρ
1924 1142 1960 1171 ”’

287 1239 411 1287 σθω
449 1231 844 1303 προστάγματα
881 1237 1022 1301 τρία,
1063 1231 1378 1301 προϊόντων
1413 1231 1474 1287 δὲ
1508 1236 1585 1297 είς
1611 1230 1942 1303 τούμπροσθ

285 1335 399 1368 των
441 1313 634 1384 νόμων
669 1316 899 1378 ἕκαστος
939 1313 1232 1382 προστάξει
1270 1313 1487 1378 τούτοις
1532 1325 1646 1378 τοῖς
1681 1310 1976 1389 ἀνδράσιν;

279 1415 540 1450 ωντινων
561 1393 768 1477 αὐτούς
787 1399 876 1450 δει
887 1392 1027 1463 πρὸς
1043 1405 1156 1458 τοϊς
1173 1399 1284 1449 νῦν
1301 1397 1610 1466 εἰρημένοις
1636 1409 1971 1466 προσεπιμε-

285 1484 532 1532 λεῖσθαι·
564 1482 676 1532 νῦν
699 1475 750 1531 δ’
776 1479 897 1550 εξῆς
915 1475 1102 1531 ἄλλων
1134 1475 1320 1547 ἀρχων
1347 1479 1607 1547 αἱρέσεως
1633 1477 1778 1545 πέρι
1787 1478 1968 1545 λέγοι-

286 1580 390 1628 μεν
409 1558 496 1613 ἄν.
534 1561 621 1613 δεῖ
634 1557 742 1628 γὰρ
764 1557 831 1629 δὴ
852 1556 919 1613 τοὶ
945 1557 1079 1629 μετὰ
1109 1565 1282 1613 ταῦτα
1313 1557 1654 1629 στρατηγοὺς
1674 1561 1976 1637 αι’ἶρεῖσθαιῇἶι1

229 1658 261 1699 c
290 1641 380 1694 καὶ
398 1639 614 1704 τούτοις
629 1644 706 1703 εἰς
722 1638 822 1695 τὸν
840 1640 1088 1711 πόλεμον
1110 1636 1231 1695 οἷόν
1260 1661 1414 1704 τινας
1445 1636 1745 1711 ὑπηρεσίας
1765 1637 1902 1694 ίππά
1951 1655 1954 1658 “

284 1742 416 1791 χους
433 1721 525 1775 καὶ
546 1720 867 1824 φυλάρχους
886 1723 977 1777 καὶ
995 1743 1110 1777 των
1136 1726 1319 1788 πεζων
1338 1727 1537 1792 φυλων
1566 1720 1841 1793 κοσμητὰς
1857 1742 1932 1776 τω

284 1804 512 1873 τάξεων,
541 1798 621 1867 οἷς
656 1806 870 1872 πρέπον
889 1801 963 1858 οἶν
983 1811 1064 1873 εἴη
1082 1803 1236 1858 τοῦτ’
1270 1801 1405 1858 αὐτὸ
1434 1801 1683 1873 τούνομα
1712 1803 1959 1873 μάλιστα·

287 1879 408 1939 οἷον
427 1886 519 1938 καὶ
539 1888 597 1939 οἱ
612 1888 806 1941 πολλοὶ
822 1885 1147 1956 ταξιάρχους
1166 1882 1374 1949 αὐτοὺς
1398 1884 1816 1954 ἐπονομάζουσι.
1836 1885 1955 1938 τού·

285 1986 399 2020 των
420 1963 485 2034 δὴ
509 1968 848 2036 στρατηγοὺς
864 1968 966 2037 μὲν
985 1969 1038 2032 ἐξ
1060 1965 1229 2038 αὐτῆς
1246 1972 1342 2038 τῆς
1361 1965 1574 2030 πόλεως
1591 1964 1791 2035 ταύτης
1810 1968 1866 2019 οἰ
1880 1986 1946 2019 νο
1958 2032 1976 2047 q

287 2045 608 2117 μοφύλακες
625 2051 1084 2120 προβαλλέσθων,
1105 2051 1407 2119 αἱρείσθων
1427 2045 1479 2103 δ’
1503 2050 1562 2103 ἐκ
1591 2051 1706 2102 τῶν
1725 2046 1976 2122 προβλη-ἑζ

287 2130 509 2183 θέντων
527 2129 731 2194 πάντες
760 2132 816 2184 οἱ
832 2135 935 2184 τοῦ
963 2132 1208 2200 πολέμου
1225 2131 1486 2185 κοινωνοὶ
1501 2128 1799 2200 γενόμενοί
1822 2149 1880 2182 τε
1909 2128 1976 2194 ἐᾷ.

287 2219 404 2272 ταῖς
437 2207 668 2278 ἡλικίαις
703 2213 796 2267 καὶ
830 2213 1152 2282 γιγνόμενοι
1189 2211 1445 2267 ἑκάστοτε
1461 2232 1471 2243 ·
1517 2209 1616 2267 ἐὰν
1652 2211 1714 2266 δέ
1746 2231 1826 2273 τις
1862 2207 1969 2278 ἄρα

223 2301 258 2341 D
291 2292 429 2362 δοκῇ
447 2293 555 2344 τινὶ
577 2298 687 2345 τῶν
698 2291 773 2361 μὴ
793 2295 1258 2363 προβεβλημένων
1277 2292 1522 2363 ἀμείνων
1541 2291 1682 2347 εἶναι
1699 2295 1812 2345 τῶν
1831 2301 1967 2360 προᾷ

285 2372 616 2442 βληθέντων
636 2371 804 2440 τινός,
828 2373 1176 2443 ἐπονομάσας
1194 2371 1331 2427 ἀνθ’
1356 2373 1490 2427 ὅτου
1518 2371 1708 2426 ὅντινα
1732 2367 1976 2442 προβάλῢζ

286 2458 455 2521 λεται,
491 2448 643 2506 τοῦτ’
680 2449 815 2506 αὐτὸ
856 2450 1030 2521 ὀμνὺς
1056 2451 1584 2524 ἀντιπροβαλλέσθω
1614 2451 1714 2506 τὸν
1753 2452 1973 2519 ἕτερονι

290 2529 558 2603 ὁπότερος
577 2530 627 2587 δ’
651 2529 725 2587 α“ν
756 2532 890 2606 δόξῃ
914 2534 1507 2605 διαχειροτονούμενος,
1531 2538 1606 2597 είς
1635 2532 1736 2602 τὴν
1757 2529 1964 2603 αι’ρεσιν

286 2613 645 2692 ἐγκρινέσθω.
675 2624 819 2683 τρεῖς
838 2616 913 2683 δέ,
933 2609 1013 2678 οἷς
1033 2611 1102 2669 ἀν
1131 2612 1165 2685 ἡ
1187 2619 1410 2685 πλείστη
1438 2618 1746 2685 χειροτονία
1774 2617 1963 2683 γίγνηᾼ

285 2714 392 2763 ται,
415 2694 651 2759 τούτους
670 2693 810 2750 εἶναι
822 2695 1162 2769 στρατηγούς
1179 2718 1237 2752 τε
1256 2698 1348 2752 καὶ
1358 2693 1681 2767 ἐπιμελητὰς
1697 2715 1811 2750 των
1830 2689 1964 2753 κατὰ

268 2774 549 2847 πόλεμον,
573 2780 1028 2848 δοκιμασθέντων
1057 2777 1314 2850 καθάπερ
1346 2782 1401 2835 οἱ
1427 2778 1837 2850 νομοφύλακες·
1870 2788 1964 2833 ταδ-
