1976 3172
284 126 391 180 364
902 123 1377 173 ΠΛΑΤῼΝΟΣ

284 278 426 324 πους
457 256 598 313 εἶναι
628 257 758 321 τοὺς
787 258 1058 327 ἐγγύτατα
1083 259 1231 326 γένει
1258 254 1399 327 πρὸς
1426 256 1630 327 πατρὸς
1655 261 1747 314 καὶ
1773 259 1976 332 μητρὸς

282 339 532 411 κυρίους,
563 338 666 394 δύο
699 339 802 409 μὲν
830 335 972 409 πρὸς
1001 338 1226 408 πατρός,
1255 338 1359 393 δύο
1387 338 1447 394 δὲ
1467 338 1606 408 πρὸς
1630 341 1852 412 μητρός,
1879 343 1976 397 ἕνα

284 424 345 477 δὲ
361 423 422 478 ἐκ
441 426 555 476 τῶν
572 426 675 476 τοῦ
693 419 1122 491 τελευτήσαντος
1140 423 1341 490 φίλων,
1370 419 1606 486 τούτους
1634 422 1686 477 δ’
1721 425 1779 478 οἱ
1805 445 1976 494 νομο-

283 503 532 575 φύλακες
568 503 961 559 καθιστάντων
998 507 1078 575 τῷ
1114 504 1358 575 δεομένῳ
1397 507 1518 558 τῶν,
1549 499 1836 573 ὀρφανῶν.
1885 506 1976 560 καὶ

224 600 257 642 c
284 586 464 657 πάσης
482 592 580 656 τῆς
601 587 898 655 ἐπιτροπῆς
914 587 1135 641 καὶτῶν
1155 582 1426 654 ὀρφανῶν
1455 589 1846 642 πεντεκαίδεκα
1864 592 1976 640 τῶν

283 666 700 738 νομοφυλάκων
719 669 778 723 οἱ
804 666 1175 738 πρεσβύτατοι
1202 665 1430 722 πάντων
1459 668 1863 738 ἐπιμελείσθων
1895 663 1976 723 ἀεὶ

285 749 427 806 κατὰ
441 751 676 818 πρέσβιν
687 751 779 803 καὶ
799 748 938 803 κατά
957 759 1101 819 τρεῖς
1120 748 1430 819 διελόμενοι
1451 753 1598 818 σφᾶς
1616 747 1842 818 αύτούς,
1863 745 1976 803 κατῗ

284 826 544 885 ἐνιαυτὸν
561 839 706 899 τρεῖς
730 830 824 883 καὶ
842 827 962 883 κατ’
996 829 1256 884 ἐνιαυτὸν
1286 828 1459 902 ἄλλον
1487 832 1664 898 ἕτεροι
1694 841 1856 901 τρεῖς,
1879 831 1976 895 ἕως

287 907 363 965 ὄίν
382 913 443 965 αἱ
468 911 631 965 πέντε
658 912 909 981 περίοδοι
937 916 1236 980 γίγνωνται
1264 909 1480 983 κύκλῳ·
1517 912 1610 966 καὶ
1636 916 1803 966 τοῦτο
1832 914 1976 967 έκλι-Ι

286 995 431 1049 πέτω
450 994 723 1064 μηδέποτε
741 989 882 1048 κατὰ
903 991 1161 1062 δύναμιν.
1192 989 1253 1057 ὃς
1271 989 1322 1047 δ’
1347 987 1419 1061 ἂν
1439 991 1615 1063 μηδὲν
1630 991 1692 1047 τὸ
1715 984 1976 1064 παράπαν

288 1078 619 1146 διαθέμενος
647 1072 934 1147 άποθάνῃ,
970 1078 1169 1139 παῖδας
1195 1075 1299 1144 μὲν
1328 1071 1648 1129 καταλιπων
1685 1077 1976 1145 δεομένους

286 1159 599 1228 ἐπιτροπῆς,
616 1161 732 1212 τῶν
753 1152 941 1212 αὐτῶν
961 1157 1153 1227 νόμων
1169 1154 1387 1212 τούτων
1403 1152 1438 1226 ἡ
1459 1159 1614 1226 χρεία
1633 1161 1749 1211 τῶν
1767 1157 1976 1210 παίδων

228 1264 261 1303 D
289 1236 468 1294 αὐτοῦ
493 1241 782 1310 μετεχέτω·
819 1243 1050 1310 θηλείας
1084 1237 1145 1294 δὲ
1179 1234 1252 1294 ἂν
1279 1243 1553 1310 καταλίπῃ
1581 1259 1663 1303 τις
1700 1235 1976 1309 ἀπροσδο-

286 1319 436 1394 κήτῳ
458 1320 595 1392 τύχῃ
611 1321 975 1392 χρησάμενος,
999 1319 1340 1390 συγγνώμην
1357 1326 1437 1394 τῷ
1453 1323 1668 1376 τιθέντι
1685 1318 1786 1375 τὸν
1803 1318 1976 1390 νόμον

286 1404 468 1472 ε’χέτω,
490 1401 590 1457 ἐὰν
607 1409 722 1457 τῶν
738 1409 911 1470 τριῶν
939 1401 1118 1457 αὐτοῦ
1141 1402 1278 1468 πρὸς
1298 1399 1365 1455 τὰ
1398 1400 1502 1455 δύο
1532 1403 1850 1456 ἐπισκοπῶν
1881 1397 1976 1469 τὴν

287 1487 509 1540 ἔκδοσιν
528 1489 642 1538 ταῖν
660 1486 992 1553 θυγατέρων
1010 1488 1246 1554 ποιῆται,
1268 1482 1408 1551 πρός
1438 1502 1497 1537 τε
1523 1479 1627 1552 τὴν
1654 1485 1758 1536 τὸῦ
1782 1483 1976 1551 γένους

286 1563 602 1636 ἀγχιστείαν
628 1567 728 1620 ,καὶ
763 1562 869 1636 τὴν
905 1571 1010 1620 τοῦ
1038 1563 1250 1634 κλήρου
1280 1567 1575 1633 σωτηρίαν,
1594 1562 1657 1616 τὸ
1689 1562 1750 1617 δὲ
1778 1566 1976 1632 τρίτον,-

290 1644 429 1717 ὅπερ
468 1642 542 1701 ἂν
577 1643 758 1717 πατὴρ
785 1648 1156 1716 διασκέψαιτο,
1196 1646 1250 1710 ἐξ
1286 1641 1555 1699 ἁπάντων
1588 1647 1704 1698 τοῖν
1741 1648 1976 1698 πολιτῶν

286 1731 512 1800 βλέπων
532 1732 607 1792 εἰς
629 1727 746 1798 ἤθη
767 1747 826 1783 τε
848 1729 941 1783 καὶ
969 1727 1214 1798 τρόπους
1241 1723 1344 1781 τὸν
1372 1723 1682 1796 ἐπιτήδειον
1709 1721 1863 1798 αὑτω
1881 1723 1976 1794 μὲν

286 1809 436 1880 υἱόν,
467 1816 716 1889 νυμφίον
745 1807 975 1865 δἐἶναι
1000 1815 1068 1881 τῇ
1098 1812 1359 1879 θυγατρί,
1390 1811 1556 1863 τοῦτο
1585 1809 1647 1862 δὲ
1675 1809 1976 1878 παραλείπῃ

230 1912 257 1950 Ε
291 1893 381 1948 δια
408 1890 511 1965 τὴν
529 1891 813 1949 ἀδύνατον
838 1895 1051 1959 σκέψιν.
1088 1891 1259 1962 νόμος
1289 1895 1484 1945 τοίνυν
1515 1892 1591 1952 είς
1624 1887 1868 1958 δύναμιν
1890 1884 1976 1942 ὅδε

286 1974 414 2045 περὶ
437 1996 554 2030 των
570 1974 842 2031 τοιούτων
870 1980 1106 2031 κείσθω·
1144 1971 1243 2028 ε’ἀν
1273 1970 1303 2028 ὁ
1331 1970 1406 2043 μὴ
1437 1972 1768 2041 διαθέμενος
1798 1975 1976 2039 θυγαε

286 2060 448 2127 τέρας
477 2062 624 2130 λίπῃ,
655 2063 759 2113 τοῦ
788 2057 887 2128 [δε]
923 2055 1314 2120 ἀποθανόντος
1347 2051 1590 2124 άδελφὸς
1618 2050 1916 2123 ὁμοπάτωρ
1949 2047 1976 2123 ηΙ

289 2138 531 2211 άκληρος
547 2137 888 2212 ὁμομήτριος
907 2141 1069 2209 ἐχέτω
1096 2135 1201 2209 τὴν
1218 2135 1507 2206 θυγατέρα
1536 2135 1627 2190 καὶ
1655 2131 1756 2189 τὸν
1774 2137 1976 2202 κλῆρον

289 2227 394 2275 τοῦ
429 2222 883 2293 τελευτήσαντος·
921 2219 1022 2277 ἐὰν
1061 2219 1120 2276 δε
1156 2218 1231 2292 μὴ
1267 2212 1305 2291 ᾗ
1341 2216 1601 2287 άδελφός,
1640 2214 1890 2286 ἀδελφοῦ
1928 2211 1976 2271 δῖ

289 2313 437 2374 παῖς,
468 2300 748 2372 ὡσαύτως,
778 2302 878 2358 ἐὰν
910 2306 972 2358 έν
997 2301 1184 2376 ἡλικία
1213 2299 1354 2375 πρὸς
1382 2298 1656 2395 ἀλλήλους
1685 2291 1849 2353 ωσιν·
1887 2295 1976 2352 ἐὰν

292 2385 353 2442 δε
373 2383 510 2456 μηδε
532 2378 609 2448 εἷς
628 2384 865 2452 τούτων,
886 2383 1132 2453 ἀδελφῆς
1159 2383 1220 2438 δε
1249 2393 1376 2445 παῖς
1402 2403 1456 2451 ῃ,
1489 2381 1626 2435 κατὰ
1656 2375 1859 2432 ταύτά·
1895 2379 1976 2430 τέ-

290 2488 490 2539 ταρτος
509 2469 570 2521 δὲ
587 2466 795 2535 πατρὸς
815 2463 1073 2536 ἀδελφός,
1094 2464 1335 2533 πέμπτος
1356 2460 1415 2516 δε
1431 2459 1637 2516 τούτου
1665 2469 1810 2528 παῖς,
1831 2457 1976 2521 ἕκτος

294 2552 355 2607 δὲ
375 2548 619 2621 ἀδελφῆς
638 2547 845 2618 πατρὸς
874 2553 1118 2618 ἔκγονος,
1140 2543 1402 2608 ὡσαύτως
1421 2541 1481 2598 δε
1498 2539 1560 2597 τὰ
1589 2543 1750 2612 γένος
1777 2537 1862 2594 άεὶ
1882 2557 1976 2592 πο·ι

293 2636 550 2707 ρευέσθω
581 2630 703 2689 κατ’
734 2630 1067 2703 ἀγχιστείαν,
1097 2630 1197 2686 ε’άν
1223 2651 1306 2694 τις
1332 2630 1531 2690 παῖδας
1558 2628 1787 2696 θηλείας
1813 2640 1976 2677 κατα«1

178 2735 266 2780 925
295 2723 446 2791 λίπῃ,
467 2715 541 2773 δι’
568 2715 830 2786 άδελφῶν
862 2725 921 2771 τε
950 2716 1042 2771 καὶ
1067 2711 1383 2783 ἀδελφιδῶν
1415 2707 1662 2775 ἐπανιόν,
1700 2710 1976 2778 ἔμπροσθε

299 2824 401 2874 μεν
420 2824 534 2858 των
566 2799 835 2873 ἀρρένων,
863 2796 1104 2871 υστερον
1131 2796 1190 2853 δὲ
1219 2801 1466 2867 θηλειων
1495 2794 1575 2848 ἑνὶ
1605 2791 1765 2861 γένει.
1803 2809 1906 2859 την
1926 2785 1976 2843 δΙ

461 2952 483 2967 X
