1976 3172
273 161 377 215 318
871 163 1345 213 ΠΛΑΤΩΝΟΣ

275 294 470 361 σαντες
488 294 588 352 τὸν
605 297 815 368 θυμόν,
847 292 921 361 ὦς
947 296 1028 352 ἑνὶ
1056 296 1437 367 ’διαλεγόμενοι
1453 302 1566 353 τῶν
1589 299 1879 355 τοιούτων·
1913 291 1956 355 ὦ

275 390 390 447 παῖ,
421 382 544 442 νέος
559 376 633 433 εἶ·
684 376 898 449 προϊών
927 380 993 434 δέ
1022 394 1085 433 σε
1117 374 1146 434 ὁ
1183 378 1384 448 χρόνος
1417 379 1634 450 ποιήσει
1667 378 1844 437 πολλοὶ
1879 371 1960 436 ὧν

206 473 241 514 Β
272 464 382 516 νῦν
407 459 644 526 δοξάζεις
672 459 1053 531 μεταβαλόντα
1081 461 1169 516 ἐπὶ
1189 457 1454 516 τάναντία
1478 466 1764 518 τίθεσθαι·
1801 467 1956 532 περί-

272 561 465 612 μεινον
485 534 593 596 οὖν
613 545 689 605 εἰς
707 540 831 595 τότε
849 538 1037 612 κριτὴς
1068 542 1193 611 περὶ
1221 547 1335 596 τῶν
1358 546 1631 612 μεγίστων
1650 548 1958 613 γίγνεσθαι.

271 626 530 694 μέγιστον
549 623 626 692 δέ,
648 620 682 677 ὃ
698 629 808 678 νῦν
826 621 992 678 οὐδὲν
1008 621 1133 694 ἡγεῖ
1156 623 1246 694 σύ,
1277 621 1338 679 τὸ
1367 626 1492 696 περὶ
1522 625 1653 689 τούς
1670 622 1842 688 θεοὺς
1862 621 1960 694 ὀρ-

273 712 392 769 θῶς
413 706 785 776 διανοηθέντα
804 710 903 778 ζῇν
922 711 1103 772 καλῶς
1121 703 1157 778 ἢ
1174 706 1265 778 μή.
1303 713 1525 777 πρῶτον
1547 709 1606 762 δὲ
1629 709 1754 776 περὶ
1773 703 1961 762 αὐτῶν

272 790 334 842 ἕν
355 809 406 842 τι
425 789 564 857 μέγα
595 803 683 842 σοι
711 787 944 858 μηνύων
978 785 1082 844 οὐκ
1109 787 1182 843 ἄν
1211 810 1342 844 ποτε
1367 794 1607 860 φανείην
1634 788 1861 858 ψευδής,
1894 783 1956 842 τὸ

270 868 504 923 τοιόνδε.
533 863 601 922 οὐ
623 868 695 921 σὺ
713 868 885 938 μόνος
902 866 1033 924 οὐδὲ
1053 871 1108 924 oc
1125 871 1213 924 σοὶ
1231 875 1382 940 φίλοι
1399 878 1607 940 πρῶτοι
1627 871 1719 926 καὶ
1739 875 1961 940 πρῶτον

269 948 482 1020 ταύτην
501 948 671 1014 δόξαν
689 950 816 1019 περὶ
833 954 989 1004 θεῶν
1007 952 1205 1019 ἔσχετε,
1225 957 1510 1019 γίγνονται
1539 954 1598 1005 δὲ
1628 949 1713 1006 άεὶ
1737 955 1961 1014 πλείους

269 1026 308 1102 ἢ
342 1030 602 1095 ἐλάττους
630 1030 841 1101 ταύτην
879 1031 979 1102 τὴν
1017 1030 1191 1086 νόσον
1223 1035 1462 1101 ἔχοντες·
1503 1030 1631 1087 τόδε
1657 1034 1852 1085 τοίνυν
1872 1047 1962 1086 σοι

271 1111 670 1181 παραγεγονώς
705 1109 894 1167 αὐτῶν
932 1117 1183 1168 πολλοῖσι
1228 1110 1491 1183 φράζοιμ’
1531 1110 1623 1181 ἄν,
1653 1109 1716 1167 τὸ
1752 1115 1962 1182 μηδένα

214 1212 246 1254 c
273 1192 494 1248 πώποτε
522 1191 768 1265 λαβόντα
796 1197 858 1250 ἐκ
892 1197 1025 1250 νέου
1052 1193 1263 1265 ταύτην
1293 1192 1397 1266 τὴν
1431 1193 1598 1260 δόξαν
1628 1193 1752 1262 περὶ
1787 1199 1960 1262 θεῶν,

274 1275 349 1340 (ὃς
382 1272 488 1331 οὐκ
523 1279 644 1347 εἰσί,
685 1279 991 1332 διατελέσαι
1026 1276 1166 1349 πρὸς
1200 1277 1372 1347 γῆρας
1400 1283 1662 1348 μείναντα
1691 1279 1754 1332 ἐν
1788 1275 1963 1347 ταύτῃ

270 1365 340 1430 τῇ
374 1358 682 1429 διανοήσει·
733 1358 800 1414 τά
838 1359 941 1425 δύο
977 1360 1166 1429 μέντοι
1196 1357 1352 1429 πάθη
1389 1361 1515 1429 περὶ
1549 1359 1724 1423 θεοὺς
1759 1369 1960 1429 μεῖναι,

272 1449 524 1498 πολλοῖσι
543 1443 646 1512 μὲν
665 1442 752 1512 οὔ,
774 1453 957 1513 μεῖναι
976 1441 1037 1497 δὲ
1065 1436 1175 1496 οὖν
1202 1447 1329 1511 τισί,
1361 1438 1424 1496 τὸ
1457 1439 1589 1505 τούς
1618 1441 1794 1504 θεοὺς
1820 1439 1962 1495 εἶναι

273 1526 730 1595 μέν,κφροντίζειν
763 1525 822 1577 δὲ
851 1521 1021 1578 οὐδὲν
1041 1529 1154 1578 τῶν
1183 1521 1581 1592 ἀνθρωπίνων,
1610 1524 1702 1578 καὶ
1734 1520 1796 1576 τὸ
1827 1517 1960 1591 μετὰ

271 1610 456 1673 τοῦτο,
490 1601 562 1667 ὡς
597 1608 953 1674 φροντίζουσι
980 1608 1099 1674 μέν,
1129 1602 1591 1674 εὐπαραμύθητοι
1621 1599 1675 1656 δ’
1715 1603 1817 1657 εἰσὶ
1847 1601 1963 1656 θύ-

274 1703 409 1757 μασι
426 1686 519 1741 καὶ
539 1683 734 1756 εὐχαῖς.
775 1683 835 1740 τὸ
862 1683 928 1755 δὴ
948 1687 1120 1755 σαφὲς
1143 1681 1215 1740 ἂν
1242 1684 1553 1756 γενόμενόν
1582 1699 1672 1739 σοι
1700 1684 1826 1754 περὶ
1857 1680 1963 1737 αὐ-

271 1773 388 1823 τῶν
434 1766 574 1823 κατὰ
611 1766 853 1838 δύναμιν
898 1766 1104 1839 δόγμα,
1142 1763 1217 1847 ὄξν
1261 1770 1379 1839 ἐμοὶ
1417 1772 1614 1839 πείθῃ,
1655 1775 1963 1836 περιμενεῖς

216 1862 251 1902 D
273 1848 625 1917 ἀνασκοπῶν,
659 1857 765 1906 εἴτε
798 1847 974 1914 οὕτως
1005 1857 1113 1906 ἐἴτε
1151 1848 1331 1915 ἄλλως
1367 1854 1491 1920 ἔχει,
1530 1846 1962 1917 πυνθανόμενος

273 1929 427 2002 παρά
449 1953 508 1987 τε
524 1937 639 1987 τῶν
658 1931 844 1987 ἄλλων
864 1932 955 1987 καὶ
976 1928 1041 2002 δὴ
1063 1932 1154 1987 καὶ
1173 1931 1407 2002 μάλιστα
1432 1931 1522 1987 καὶ
1550 1927 1699 2000 παρὰ
1728 1933 1831 1984 τοῦ
1860 1948 1960 1983 νο-

273 2016 543 2084 μοθέτου·
582 2016 643 2070 ἐν
674 2014 735 2069 δὲ
775 2015 842 2086 δὴ
879 2013 1060 2086 τούτῳ
1091 2020 1168 2087 τῷ
1202 2012 1384 2087 χρόνῳ
1423 2011 1496 2085 μή
1524 2011 1800 2083 τολμήσῃς
1837 2010 1962 2078 περὶ

273 2095 448 2161 θεοὺς
466 2099 638 2168 μηδὲν
658 2095 941 2169 ἀσεβῆσαι.
962 2099 1252 2167 πειρατέον
1270 2092 1380 2166 γὰρ
1400 2101 1475 2169 τςό
1495 2095 1627 2159 τοὺς
1646 2092 1855 2164 νόμους
1874 2108 1961 2146 σοι

273 2182 487 2233 τιθέντι
506 2185 615 2234 νῦν
633 2182 726 2235 καὶ
760 2184 836 2245 εἰς
864 2173 1033 2245 αὖθις
1066 2179 1350 2236 διδάσκειν
1378 2180 1503 2247 περὶ
1531 2173 1718 2232 αὐτῶν
1746 2173 1961 2230 τούτων

277 2254 351 2322 ὦς
377 2263 499 2328 ἔχει.

417 2346 534 2395 ΚΛ.
573 2339 854 2397 Κάλλισθ’
891 2341 1040 2413 ἡμῖν,
1081 2337 1127 2398 0‘3'
1162 2346 1297 2410 ξένε,
1327 2339 1482 2412 μέχρι
1516 2361 1579 2409 γε
1613 2345 1716 2393 τοῦ
1742 2345 1851 2391 νῦν
1881 2344 1961 2391 εἵ-

275 2442 449 2492 ρηταί

416 2508 534 2558 ΛΘ.
571 2501 903 2558 Παντάπασι
937 2503 1038 2572 μὲν
1067 2496 1191 2570 οὖν,
1230 2495 1274 2556 ὦ
1301 2501 1550 2570 Μέγιλλέ
1581 2519 1639 2553 τε
1676 2497 1767 2551 καὶ
1794 2501 1960 2552 Κλει-

277 2588 370 2638 νία
385 2605 395 2615 ·
418 2583 734 2655 λελήθαμεν
759 2583 812 2639 δ’
833 2583 976 2656 ἡμᾶς
1003 2581 1205 2648 αὐτοὺς
1227 2587 1302 2648 εἰς
1322 2579 1653 2653 θαυμαστὸν
1672 2578 1844 2649 λόγον
1863 2579 1959 2649 έμ-

278 2665 640 2730 πεπτωκότες.

420 2752 540 2803 ΚΛ.
585 2747 698 2803 Τὸν
717 2759 881 2805 ποῖον
902 2747 966 2821 δὴ
988 2749 1183 2818 λέγεις;
