1976 3172
88 88 137 118 vl
785 75 1162 118 PRAEFATIO.

83 203 161 246 pro
188 183 439 243 ἐρχομένης
466 189 659 240 quamvis
685 188 828 230 invitis
854 189 977 231 libris
1003 203 1057 230 ex
1084 188 1286 244 Stephani
1316 189 1509 242 Astiique
1540 191 1777 244 conjectura
1806 206 1872 234 re

84 251 230 302 cipere
252 247 462 296 dubitavi,
496 246 595 297 quia
620 247 815 288 incedere
844 249 887 288 in
914 250 1118 289 aerumnis
1149 248 1289 288 anima
1311 247 1396 289 dici
1417 260 1502 289 non
1520 253 1684 301 potest;
1712 262 1757 303 p.
1784 249 1870 292 655

85 305 118 347 C
148 311 288 344 autem
324 315 418 344 meo
455 302 644 356 periculo
681 301 732 343 τί
765 296 878 345 ποτ’
904 293 966 344 ἂν
1004 292 1091 345 οὖν
1117 300 1330 365 λέγοιμεν
1361 305 1516 359 scripsi
1544 317 1622 358 pio
1652 301 1868 359 λέγωμεν,

83 361 198 413 quod
234 361 315 401 etsi
344 361 403 401 ita
434 359 606 402 defendi
634 362 794 415 possit,
833 367 880 403 ut
911 351 971 402 ὃὶν
1000 363 1056 403 ad
1091 355 1214 401 εἶναι
1245 363 1454 415 pertinere
1483 363 1695 412 dicamus,
1730 370 1872 405 tamen

83 426 124 458 et
150 418 233 458 hoc
260 418 433 471 languet
473 423 513 458 et
544 419 678 472 ipsius
708 420 883 473 optativi
914 419 1141 473 vestigium
1166 419 1218 459 ab
1251 419 1408 472 optimo
1442 420 1587 461 codice
1616 422 1710 461 Par.
1750 421 1871 461 dein-

82 486 182 528 ceps
213 487 257 528 p.
292 473 378 517 656
402 474 442 515 Α
470 481 683 517 servatum
712 482 798 527 est,
831 477 904 517 ubi
925 476 1034 517 hanc
1068 477 1205 528 ipsam
1235 475 1608 531 interrogationem
1638 478 1870 530 respiciens

83 531 242 573 Clinias
266 542 357 573 non
394 537 440 572 ut
469 533 600 588 vulgo
633 533 770 575 editur
786 508 1033 587 ὀρθότατα
1068 529 1233 585 λέγεις,
1243 533 1376 597 sed,
1418 535 1455 574 si
1487 534 1608 575 illum
1638 536 1869 586 sequimur,

82 585 231 656 λέγοις
257 589 507 644 respondet,
542 591 657 642 quod
682 591 825 644 ipsum
857 592 1014 645 exigua
1043 590 1211 631 medela
1236 577 1296 629 ἂν
1323 590 1487 643 adiecto
1517 592 1561 630 in
1586 592 1776 632 ordinem
1804 605 1871 632 re-

82 647 202 700 cepi;
235 646 290 687 cf.
325 647 381 688 ad
411 646 563 700 Remp.
594 648 649 688 X.
676 659 722 701 Ρ.
748 647 834 690 610
854 649 906 689 Α.
930 670 988 678 -
1017 648 1064 688 Ρ.
1086 648 1171 691 655
1191 647 1228 688 D
1259 647 1522 687 tutissimum
1552 647 1659 688 duxi
1690 649 1734 688 in
1755 647 1872 689 Orel-

80 704 128 744 lii
160 703 403 757 conJectura
436 706 725 771 acquiescere,
756 707 829 758 qui
864 700 943 746 καὶ
973 711 1083 746 certe
1113 711 1209 746 ante
1236 697 1468 771 μιμήμασι
1498 705 1600 746 ferri
1632 717 1717 746 non
1743 716 1874 758 posse

81 761 309 826 intellexit,
348 762 447 812 quia
475 755 718 815 μιμήματα
754 775 839 805 ιιοιι
876 774 1021 804 rursus
1044 753 1095 804 ἐν
1130 757 1364 829 μιμήμασι
1390 762 1516 811 fiunt3
1558 763 1700 828 ipsum
1730 768 1874 805 tamen

81 811 314 871 μιμήμασι
349 820 612 873 integrumne
643 821 698 861 sit
735 833 789 861 an
810 813 1037 873 μιμήσεσι
1068 820 1135 861 vel
1166 814 1356 874 μιμήσει
1395 820 1556 862 adeove
1586 812 1705 859 κατὰ
1734 817 1874 872 μί-μη

82 885 158 916 σιν
186 881 392 929 praestet,
434 877 490 918 ad
519 876 728 943 liquidum
757 877 831 920 vix
857 878 1127 931 perducetur.
1157 899 1216 908 -—
1248 880 1294 920 P.
1323 877 1409 920 656
1434 877 1470 917 D
1502 878 1607 929 quid
1634 877 1803 918 Astium
1833 882 1875 917 et

82 931 148 974 ST
178 935 384 984 moverit,
418 939 465 974 ut
493 927 706 975 τοιοῦτόν
737 947 832 990 φῃς
866 935 1055 976 enclitice
1081 935 1335 984 scriberent,
1368 948 1453 975 non
1487 935 1671 986 extrico;
1703 934 1873 980 mallem

80 1002 125 1043 Ρ.
155 989 240 1032 657
267 989 301 1030 Ε
333 1001 382 1042 γε
411 997 508 1045 post
537 985 778 1058 ἀφείμεθα
809 1005 906 1033 cum
933 993 1028 1033 Par.
1061 993 1317 1046 abJecissent
1349 997 1391 1032 et
1421 1005 1465 1045 Ρ.
1499 991 1584 1033 659
1614 993 1654 1032 Α
1681 989 1765 1044 τῆς
1793 985 1876 1030 αὐ-

79 1045 164 1087 τοῦ
198 1059 252 1087 ex
281 1046 365 1088 Vul
370 1061 413 1102 g.
447 1061 527 1115 pro
554 1046 639 1100 τῆς
663 1042 804 1090 αυτοῦ
830 1042 1140 1095 ἀπαιδευσίας
1167 1056 1461 1102 revocassent,
1501 1050 1576 1090 ubi
1604 1049 1711 1088 lenis
1742 1048 1874 1088 multo

80 1104 218 1156 major
239 1105 305 1144 vis
333 1111 417 1156 est,
450 1106 487 1145 si
517 1106 653 1169 ipsius
676 1106 835 1170 judicis
856 1106 1020 1146 ruditas
1047 1107 1186 1158 plebis
1216 1079 1470 1146 clamoribus
1499 1106 1768 1170 adJ'ungitur3
1803 1105 1875 1144 de-

80 1163 208 1212 nique
238 1172 283 1212 Ρ.
317 1160 402 1201 659
423 1162 456 1201 Β
484 1173 539 1200 ου
566 1168 661 1202 ante
691 1155 910 1214 καθαπερ
940 1174 1035 1203 cum
1062 1161 1414 1203 Winckelmanno
1438 1162 1731 1209 inseruissent,
1760 1160 1874 1212 quod

80 1229 165 1258 non
199 1228 327 1257 sensu
363 1219 501 1271 magis
532 1231 659 1269 quam
686 1225 920 1259 structurae
947 1218 1156 1272 elegantia
1190 1219 1532 1266 commendatur-3
1566 1217 1620 1257 cf.
1648 1216 1870 1258 Heindorf.

82 1275 138 1315 ad
165 1273 290 1327 Gorg.
315 1286 359 1327 p.
390 1274 498 1324 259,
532 1275 588 1315 ad
613 1275 784 1330 Protag.
812 1289 857 1329 p.
887 1276 988 1317 574.
1014 1296 1075 1307 ——
1103 1275 1150 1316 P.
1179 1275 1265 1318 662
1284 1275 1318 1315 Ε
1349 1271 1430 1316 καὶ.
1460 1276 1569 1315 inter
1593 1270 1686 1314 εἴτε
1717 1281 1757 1314 et
1785 1285 1876 1313 πα-

78 1324 166 1384 τὴρ
192 1332 320 1384 vulgo
348 1332 643 1402 interpositum
673 1346 767 1373 cum
793 1333 889 1373 Par.
918 1331 1062 1382 omisi;
1099 1333 1250 1375 deinde
1284 1345 1382 1374 vero
1409 1345 1453 1385 Ρ.
1482 1322 1567 1373 663
1592 1331 1626 1371 Β
1657 1323 1789 1383 οἶμαι
1820 1343 1875 1372 ex

81 1390 191 1456 conj.
227 1389 380 1442 scripsi
404 1401 482 1442 pro
515 1381 656 1442 ἡμῖν,
685 1390 821 1442 quod
827 1402 975 1431 verum
1004 1402 1089 1430 non
1121 1401 1216 1431 esse
1245 1391 1501 1455 optimorum
1530 1388 1731 1430 libroruin
1758 1390 1803 1429 in
1833 1383 1878 1428 εἰ

82 1438 145 1499 μὴ
179 1447 404 1487 consensio
432 1447 589 1501 arguit.
637 1445 927 1488 Schrammius
958 1446 1081 1500 Spec.
1115 1444 1148 1487 1.
1180 1459 1225 1500 p.
1256 1447 1314 1487 14
1344 1440 1396 1487 δὲ
1433 1439 1493 1498 δὴ
1525 1446 1609 1500 legi
1638 1446 1798 1495 voluit;
1831 1451 1874 1487 at

81 1509 275 1544 nostrum
305 1502 474 1544 facilius
502 1506 717 1558 corrumpi
746 1505 937 1558 potuisse
966 1505 1157 1545 arbitror.
1201 1504 1303 1545 Mox
1333 1517 1519 1568 quoque
1529 1516 1572 1557 p.
1598 1503 1692 1547 665
1722 1503 1755 1544 Β
1787 1477 1874 1544 leni

80 1560 246 1602 medela
278 1573 385 1615 opus
417 1561 520 1611 fuit,
555 1575 682 1613 quam
716 1559 866 1603 Stallb.
904 1561 1151 1603 adhibuisse
1186 1562 1341 1611 laetor,
1379 1552 1652 1628 χορεύσουσι
1688 1573 1765 1627 pro
1796 1571 1874 1613 χο-

83 1609 300 1671 ρεύουσιν
332 1619 577 1667 scribendo;
613 1632 691 1660 nec
722 1621 862 1660 minus
894 1625 1007 1660 recte
1043 1619 1158 1660 idem
1187 1632 1231 1673 p.
1267 1591 1354 1661 666
1380 1621 1420 1659 A
1449 1611 1543 1672 ἤδη
1572 1631 1649 1672 pro
1685 1610 1746 1669 δὴ
1778 1631 1873 1658 cum

81 1676 202 1716 Astio
241 1687 294 1716 ex
329 1674 443 1720 Stob.
480 1676 617 1721 Serm.
646 1675 795 1720 XLIV.
830 1678 908 1727 44,
941 1678 1101 1730 itemp
1107 1676 1236 1719 .666
1264 1676 1297 1717 B
1327 1686 1376 1716 τε
1412 1682 1510 1730 post
1546 1670 1874 1728 μαλακώτερον

81 1745 134 1773 ex
156 1745 292 1786 marg.
319 1733 413 1774 cod.
436 1730 564 1778 Voss.
592 1740 633 1775 et
630 1747 699 1802 p.
724 1734 809 1777 667
838 1733 870 1775 G
899 1731 950 1774 τί
973 1730 1054 1774 δαὶ
1083 1736 1297 1788 recepisse
1327 1734 1512 1786 videtur3
1538 1746 1583 1787 p.
1615 1733 1700 1775 668
1728 1733 1767 1773 A
1797 1745 1872 1773 au-

78 1797 165 1830 tem
199 1790 314 1842 quod
344 1790 590 1844 simpliciter
616 1784 651 1843 ἤ
683 1803 754 1838 τις
781 1804 859 1858 pro
890 1783 922 1843 ἢ
955 1784 1022 1843 μή
1050 1802 1120 1838 τις
1157 1792 1347 1845 scripsit,
1381 1794 1460 1832 etsi
1490 1791 1705 1844 negationi
1734 1790 1875 1831 locum

80 1859 166 1888 non
197 1860 291 1888 esse
320 1848 443 1889 docte
474 1847 702 1898 intellexit,
734 1849 900 1902 priscae
929 1854 1072 1889 tamen
1100 1849 1365 1902 corruptelae
1394 1850 1588 1902 vestigiis
1617 1859 1769 1902 parum
1797 1859 1872 1900 pe-

79 1905 231 1957 percit.
285 1896 376 1956 Μὴ
404 1911 444 1945 et
473 1898 568 1958 ἡδὺ
598 1907 774 1947 confusa
796 1906 886 1959 jam
914 1905 1040 1959 Gorg.
1069 1918 1115 1958 p.
1150 1907 1234 1948 512
1262 1905 1298 1945 D
1329 1918 1415 1946 non
1453 1907 1543 1946 sine
1574 1904 1876 1958 probabilitate

80 1963 281 2001 statuisse
313 1961 420 2002 mihi
451 1963 622 2012 videor;
652 1964 735 2004 hoc
760 1963 890 2017 igitur
920 1963 1115 2016 exemplo
1143 1974 1254 2004 nunc
1278 1975 1445 2029 quoque
1476 1975 1552 2015 pro
1583 1963 1701 2017 vulg.
1735 1959 1786 2001 εἴ
1808 1973 1872 2015 τῳ

81 2016 218 2058 δοκεῖ
235 2008 266 2070 ἢ
288 2013 355 2070 μή
372 2031 443 2066 τις
465 2018 618 2073 χαίρει
642 2033 705 2075 τῳ
721 2021 893 2073 reposui
909 2017 960 2060 εἶ’
975 2032 1038 2076 τῳ
1063 2017 1199 2061 δοκεῖ
1209 2011 1352 2072 ἦὸὐ”
1319 2033 1349 2071 η
1366 2031 1436 2068 τις
1457 2017 1608 2072 χαίρει
1630 2031 1711 2074 τῳ,
1742 2030 1875 2068 eoque

80 2075 192 2116 facto
223 2076 347 2115 simul
379 2077 505 2116 etiam
529 2089 623 2118 eam
662 2076 954 2118 difficultatem
984 2079 1160 2127 sustuli,
1184 2089 1291 2146 quae
1327 2078 1372 2116 in
1403 2083 1554 2117 manca
1581 2075 1875 2128 praecedentis

81 2130 220 2171 δοκεῖ
237 2131 442 2172 relatione
464 2135 722 2174 cernebatur.
741 2156 799 2165 —
816 2135 863 2175 P.
883 2134 968 2176 668
985 2135 1020 2175 D
1048 2129 1091 2175 εἰ
1117 2147 1194 2188 Ρι·ο
1212 2125 1241 2189 ᾖ
1262 2128 1353 2187 ἔχει
1373 2146 1468 2175 cum
1491 2132 1718 2198 Boeckhio‚
1737 2133 1874 2180 Aetio,

79 2189 296 2237 Bekkero,
330 2188 481 2234 Stallb
513 2191 699 2256 recipere
729 2201 813 2230 non
848 2192 987 2244 magis
1019 2191 1232 2241 dubitavi,
1266 2203 1392 2242 quam
1421 2203 1464 2243 Ρ.
1497 2189 1582 2232 669
1609 2189 1643 2229 Β
1680 2201 1706 2229 ο
1740 2201 1784 2228 τι
1813 2189 1872 2231 ab

81 2248 175 2289 Ast.
196 2252 236 2287 et
262 2219 405 2287 S’tanb.
422 2258 498 2299 pro
529 2257 554 2286 o
584 2257 633 2286 τε
659 2252 731 2287 aut
752 2259 796 2299 p.
824 2247 906 2289 671
926 2247 959 2287 Β
981 2244 1239 2300 λεγομένων
1262 2249 1314 2287 ab
1337 2248 1456 2286 Astio
1478 2259 1556 2299 pro
1587 2242 1875 2296 γιγνομένων

82 2304 358 2344 substitutum
395 2305 564 2357 respui,
606 2315 786 2355 quorum
824 2304 1037 2356 posterius
1077 2304 1145 2345 vel
1184 2304 1275 2343 sine
1313 2302 1434 2342 libris
1474 2302 1683 2342 Eusebius
1720 2302 1870 2355 Praep.

82 2372 236 2414 evang.
278 2359 371 2401 XII.
410 2361 468 2408 24
497 2361 663 2402 abunde
701 2366 860 2409 tuetur;
937 2359 1058 2402 .671
1093 2359 1124 2401 G
1155 2364 1295 2401 autem
1325 2369 1374 2399 τε
1406 2365 1506 2425 post
1538 2355 1782 2414 δυναμένῳ
1822 2370 1875 2400 ex

82 2419 177 2470 ipso
203 2419 234 2458 P
262 2429 358 2458 cum
376 2419 496 2459 Astio
526 2424 566 2459 et
590 2417 780 2459 Bekkero
811 2418 972 2458 inserui
998 2430 1178 2469 moxque
1195 2408 1357 2470 ’Ἄρεως
1387 2429 1466 2470 pro
1483 2407 1658 2470 Ἄρεος,
1690 2422 1737 2457 ut
1763 2427 1873 2456 sem-

81 2488 182 2528 per,
213 2471 517 2516 Schneiderum
558 2475 614 2516 ad
648 2476 797 2528 Remp.
839 2476 889 2515 T.
920 2476 963 2516 I.-
983 2487 1028 2528 Ρ.
1064 2474 1149 2516 228
1180 2480 1348 2515 secutus
1383 2474 1512 2514 edidi.
1551 2499 1611 2507 -—-
1643 2475 1691 2518 P.
1725 2472 1809 2515 672
1839 2473 1873 2513 Β

86 2533 291 2572 orationis
321 2532 517 2585 obliquae
544 2537 688 2573 notam
713 2532 841 2586 vulgo
874 2532 1106 2573 desiderari
1137 2537 1260 2573 acute
1280 2531 1425 2572 Astius
1447 2524 1670 2580 intellexit,
1692 2530 1873 2582 ideoque

82 2581 386 2656 ἔμβαλλειν..
407 2601 790 2643 ,τιμωρουμενον
819 2590 1008 2643 scripsit,
1038 2589 1162 2630 mihi
1174 2589 1309 2630 lenius
1339 2590 1480 2630 visum
1511 2596 1576 2629 est
1606 2562 1783 2654 diff-&av
1793 2599 1871 2640 pro

79 2639 200 2686 ὅθεν
225 2659 397 2700 ponere,
429 2661 511 2700 quo
540 2647 650 2689 facto
679 2647 804 2688 simul
829 2649 956 2688 etiam
982 2644 1118 2698 effeci,
1147 2660 1201 2688 ne
1227 2639 1298 2686 ἐπ’
1325 2639 1436 2686 αὐτὸ
1465 2644 1600 2687 τοῦτο
1626 2651 1723 2700 post
1754 2636 1873 2685 σθεν

81 2703 299 2745 abundare
322 2705 553 2746 videretur.
582 2727 641 2734 —
665 2706 711 2746 Ρ.
742 2705 827 2746 672
859 2704 890 2745 C
918 2701 1082 2744 τοῦτον
1107 2717 1186 2758 pro
1206 2702 1431 2754 τοιοῦτον,
1460 2705 1575 2756 quod
1602 2703 1745 2745 sensui
1768 2714 1872 2769 quo—

82 2774 164 2827 que
198 2762 336 2814 aptius
359 2769 444 2812 est,
475 2764 571 2805 Par.
600 2762 909 2828 suppeditavit,
936 2763 1200 2827 eundemque
1231 2768 1398 2803 secutus
1432 2775 1476 2815 p.
1507 2761 1592 2803 674
1622 2762 1659 2802 A
1697 2754 1872 2810 δούλην

81 2811 197 2870 μήτε
224 2815 392 2860 δοῦλον
420 2832 498 2874 pro
531 2815 700 2861 δοῦλον
729 2812 845 2872 μήτε
875 2813 1049 2872 δούλην
1078 2820 1241 2874 recepi,
1274 2832 1356 2872 quo
1386 2832 1567 2861 sexuum
1598 2818 1741 2887 ordine
1773 2828 1872 2870 pas·
