1976 3172
289 154 394 206 304
903 155 1376 204 ΠΛΑΤΩΝΟΣ

291 291 414 344 πων
434 284 665 354 οὐδενὸς
684 287 844 358 ἱκανὴ
862 287 1062 358 φύεται
1075 285 1213 343 ὥστε
1222 293 1441 358 γνῶναί
1458 310 1517 345 τε
1541 289 1606 346 τά
1619 295 1973 363 συμφέροντα

290 367 618 439 ἀνθρώποις
642 375 719 436 εἰς
742 376 1021 426 πολιτείαν
1039 372 1130 426 καὶ
1150 377 1364 440 γνοῦσα
1382 370 1445 427 τὸ
1467 377 1750 444 βέλτιστον
1769 373 1974 430 ἀεῖδύ-

287 457 505 509 νασθαί
518 473 574 508 τε
594 454 685 508 καὶ
704 453 921 508 ἐθέλειν
940 452 1216 523 πράττειν.
1256 459 1471 523 γνῶναι
1489 457 1591 526 μὲν
1617 456 1726 527 γὰρ
1752 459 1975 528 πρῶτον

287 534 547 607 χαλεπόν,
568 535 652 590 ὅτι
670 540 923 606 πολιτικῇ
941 536 1032 590 καὶ
1062 531 1268 606 ἀληθεῖ
1289 538 1452 608 τέχνῃ
1477 535 1546 592 οὐ
1574 538 1635 592 τὸ
1661 541 1804 594 ἴδιον
1833 535 1972 594 ἀλλὰ

287 616 350 673 τὸ
370 616 563 673 κοινὸν
580 615 796 688 ἀνάγκη
815 619 1000 688 μέλειν
1023 651 1084 659 -
1105 615 1166 672 τὸ
1191 618 1292 688 μὲν
1316 618 1424 690 γὰρ
1454 617 1648 674 κοινὸν
1679 617 1881 690 ξυνδεῖ,
1911 619 1970 675 τὸ

289 699 349 756 δὲ
381 704 523 755 ἴδιον
545 701 751 771 διασπᾷ
777 697 874 764 τὰς
895 699 1081 764 πόλεις
1102 734 1165 742 --
1185 701 1279 756 καὶ
1307 700 1392 755 ὅτι
1421 703 1685 772 ξυμφέρει
1704 707 1785 775 τῷ
1802 707 1972 776 κοινῷ

230 800 259 838 Β
292 803 350 837 τε
370 785 462 836 καὶ
481 785 618 855 ἰδίῳ,
629 792 750 835 τοῖν
769 779 978 850 ἀμφοῖν
997 778 1070 850 ἢν
1085 780 1147 836 τὸ
1164 782 1360 837 κοινὸν
1378 790 1601 854 τιθῆται
1620 789 1816 853 καλῶς,
1838 788 1973 854 μάλ-

289 870 392 918 λον
419 858 456 932 ἢ
480 860 542 917 τὰ
577 864 745 916 ἴδιον·
783 860 1044 928 δεύτερον
1071 864 1149 931 δέ,
1179 860 1320 915 ἐάν’
1297 863 1405 930 ἀρα
1426 867 1518 920 καὶ
1551 863 1612 921 τὸ
1633 871 1848 935 γνῶναί
1874 887 1969 934 τις,

286 944 374 1025 ὅτι
404 949 578 999 ταῦτα
603 940 750 998 οὕτω
772 944 1003 1012 πέφυκε,
1032 939 1174 1013 λάβῃ
1209 942 1414 1007 ἱκανῶς
1450 946 1510 998 ἐν
1545 949 1721 1016 τέχνῃ,
1751 947 1884 1016 μετὰ
1912 948 1970 1001 δὲ

284 1020 452 1082 τοῦτο
474 1023 871 1088 ἀνυπεύθυνός
889 1045 947 1078 τε
967 1024 1057 1078 καὶ
1080 1021 1441 1095 αὐτοκράτωρ
1462 1023 1600 1097 ἀρξῃ
1618 1026 1847 1095 πόλεως,
1869 1024 1971 1081 οὐκ

286 1109 359 1163 ἄν
377 1128 508 1163 ποτε
537 1106 763 1163 δύναιτο
784 1108 1031 1177 ἐμμεῖναι
1059 1105 1238 1179 τούτῳ
1267 1127 1344 1161 τω
1374 1105 1604 1178 δόγματι
1624 1109 1716 1163 και
1744 1111 1971 1180 διαβιῶ-

282 1213 375 1246 ναι
393 1190 455 1246 τὸ
486 1192 589 1261 μὲν
612 1187 807 1245 κοινὸν
828 1185 1146 1261 ἡγούμενον
1174 1191 1397 1259 τρέφων
1428 1191 1488 1244 έν
1517 1188 1788 1261 τῇ“πόλει,
1818 1187 1880 1245 τὸ
1913 1190 1970 1245 δὲ

282 1277 431 1329 ἴδιον
459 1272 734 1344 ἑπόμενον
767 1276 847 1346 τῷ
874 1277 1063 1345 κοινῷ,
1091 1267 1211 1326 ἀλλ’
1242 1273 1328 1326 ἐπὶ
1354 1275 1677 1338 πλεονεξίαν
1703 1273 1795 1327 καὶ
1832 1275 1966 1327 ἰδιο-

282 1359 524 1427 πραγίαν
543 1352 578 1424 ἡ
597 1354 777 1425 θνητὴ
800 1354 970 1425 φύσις
989 1349 1163 1407 αὐτὸν
1184 1350 1412 1424 ὁρμήσει
1430 1352 1531 1422 ἀεί,
1553 1353 1843 1423 φεύγουσα
1866 1352 1968 1424 μὲν

225 1447 254 1487 C
283 1434 499 1507 ἀλόγως
523 1434 625 1507 τὴν
642 1436 844 1506 λύπην,
878 1434 1159 1490 διώκουσα
1189 1434 1249 1489 δὲ
1276 1433 1381 1504 τὴν
1407 1433 1636 1506 ἡδονήν,
1666 1442 1768 1491 τοῦ
1793 1434 1852 1491 δὲ
1882 1439 1954 1490 δι-

279 1519 650 1590 καιοτέρουτε
670 1519 761 1576 καὶ
774 1514 1068 1587 ἀμείνονος
1086 1517 1430 1587 ἐπίπροσθεν
1450 1515 1617 1586 ἄμφω
1636 1517 1815 1572 τούτω
1836 1537 1963 1588 προ-

280 1598 554 1669 στήσεται,
574 1601 667 1654 καὶ
691 1598 886 1662 σκότος
908 1596 1318 1668 ἀπεργαζομένη
1346 1600 1408 1653 έν
1435 1596 1577 1671 αὐτῇ
1607 1597 1836 1653 πάντων
1863 1621 1964 1653 κα-

277 1685 398 1737 κῶν
417 1680 677 1752 ἐμπλήσει
696 1677 836 1751 πρὸς
854 1677 914 1735 τὸ
939 1682 1093 1745 τέλος
1112 1677 1291 1751 αὑτήν
1317 1701 1375 1735 τε
1393 1680 1483 1735 καὶ
1502 1677 1606 1752 τὴν
1623 1679 1787 1736 πόλιν
1807 1678 1960 1751 ὅλην.

277 1763 393 1818 ἐπεὶ
413 1768 586 1818 ταῦτα
600 1763 801 1818 εἴποτέ
814 1783 894 1826 τις
914 1760 1235 1832 ἀνθρώπων
1247 1762 1414 1834 φύσει
1428 1761 1633 1833 ἱκανός,
1647 1766 1778 1835 θείᾳ
1796 1767 1963 1836 μοίρᾳ

275 1850 586 1916 γεννηθείς,
600 1850 942 1917 παραλαβεῖν
954 1849 986 1900 δ
989 1845 1188 1911 υνατός
1202 1853 1302 1917 εἴη,
1315 1846 1506 1916 νόμων
1518 1843 1684 1900 οὐδὲν
1695 1840 1766 1900 ἀν
1785 1847 1959 1900 δέοιτο

275 1935 391 1984 τῶν
419 1926 702 1998 ἀρξόντων
729 1929 952 1984 ἑαυτοῦ·
993 1928 1289 2000 ἐπιστήμης
1317 1928 1423 1998 γὰρ
1457 1926 1586 1983 οὔτε
1627 1927 1797 1998 νόμος
1833 1926 1960 1982 οὕτε

273 2008 423 2077 τάξις
459 2008 689 2082 οὐδεμία
723 2015 1005 2082 κρείττων,
1044 2009 1174 2067 οὐδὲ
1205 2015 1367 2083 θέμις
1402 2011 1514 2066 ἐστὶ
1551 2015 1694 2066 νοῦν
1730 2007 1961 2074 οὐδενὸς

208 2105 243 2144 D
274 2090 531 2165 ὑπήκοον
544 2091 676 2150 οὐδὲ
696 2097 902 2150 δοῦλον
921 2091 1059 2150 ἀλλά
1079 2092 1306 2149 πάντων
1326 2093 1563 2164 ἄρχοντα
1587 2090 1741 2160 εἶναι,
1755 2093 1957 2158 ἐάνπερ

275 2173 542 2245 ἀληθινὸς
561 2176 859 2246 ἐλεύθερός
885 2197 944 2232 τε
973 2175 1145 2241 ὅντως
1164 2170 1200 2248 ᾗ
1218 2175 1355 2231 κατὰ
1373 2174 1572 2247 φύσιν·
1597 2180 1705 2230 νῦν
1726 2177 1787 2229 δέ
1801 2207 1873 2218 --
1890 2172 1958 2229 οὐ

271 2255 380 2327 γάρ
407 2262 557 2312 ἐστιν
577 2256 833 2328 οὐδαμοῦ
849 2256 1124 2330 οὐδαμῶς,
1154 2256 1274 2314 ἀλλ’
1307 2254 1344 2330 ἦ
1372 2255 1510 2313 κατά
1541 2254 1744 2328 βραχύ·
1783 2253 1866 2311 διὸ
1891 2254 1955 2324 δὴ

272 2337 334 2393 τὸ
357 2336 621 2409 δεύτερον
638 2342 903 2409 αἶρετέον,
931 2339 1088 2405 τάξιν
1107 2361 1165 2395 τε
1183 2342 1276 2395 καὶ
1299 2339 1494 2410 νόμον,
1525 2335 1561 2393 δι’
1581 2337 1647 2408 δὴ
1677 2340 1738 2392 τὸ
1761 2337 1863 2406 μὲν
1884 2333 1955 2400 ὡς

274 2421 362 2476 ἐπὶ
379 2417 440 2474 τὸ
462 2418 605 2474 πολὺ
626 2417 732 2492 ὁρᾷ
751 2423 843 2475 καὶ
861 2424 1065 2491 βλέπει,
1087 2420 1149 2474 τὸ
1170 2421 1224 2474 δ’
1248 2422 1334 2474 ἐπὶ
1355 2425 1469 2474 πᾶν
1486 2417 1762 2473 ἀδυνατεῖ.
1783 2423 1954 2472 ταῦτα

273 2499 340 2573 δὴ
359 2504 535 2557 τωνδε
562 2505 743 2558 είνεκα
772 2509 1006 2573 εἷ’·ρηται
1045 2506 1154 2557 νῦν
1181 2498 1335 2572 ἡμεῖς
1360 2499 1612 2570 τάξομεν,
1644 2505 1700 2554 τί
1723 2499 1824 2570 χρὴ
1855 2499 1954 2555 τὸν

269 2601 560 2654 τρωσαντα
577 2581 614 2655 ή
641 2603 693 2638 τι
720 2584 1010 2655 βλάψαντα
1039 2604 1230 2689 ετερον
1257 2581 1430 2638 άλλον
1459 2590 1664 2638 παθεῖν
1692 2605 1725 2653 η
1761 2581 1951 2638 ἀποτί-

269 2686 405 2724 νειν.
445 2663 743 2739 πρόχειρον
760 2665 827 2738 δὴ
849 2668 1011 2721 παντὶ
1031 2668 1154 2736 περὶ
1181 2664 1386 2731 παντὸς
1416 2663 1722 2736 ὑπολαβεῖν
1745 2661 1948 2735 ὀρθῶς,

213 2765 255 2823 Ε,
275 2746 376 2807 τὸν
393 2752 450 2804 τί
466 2746 752 2820 τρώσαντα
770 2771 804 2820 η
835 2753 956 2804 τίνα
984 2743 1022 2819 ἦ
1047 2754 1162 2814 πως
1189 2746 1225 2819 ἢ
1253 2746 1380 2803 πότ’
1412 2747 1521 2820 ἀρα
1545 2750 1744 2818 λέγεις;
1781 2752 1949 2820 μυρία

268 2830 375 2901 γάρ
396 2830 598 2887 ἕκαστά
628 2833 738 2887 ἐστι
760 2829 974 2887 τούτων
1000 2833 1091 2888 καὶ
1120 2830 1384 2902 πάμπολυ
1416 2831 1751 2903 διαφέροντα
1780 2826 1949 2900 ἀλλή-
