1976 3172
243 108 349 162 358
845 109 1324 158 ΠΛΑΤΩΝΟΣ

186 259 222 300 D
246 242 514 314 μηχανήν,
547 239 695 306 ὅπως
716 241 834 312 ἤθη
853 241 926 312 μὴ
948 238 1149 314 ἀνέδην
1169 241 1555 314 ἀναισχυντίας
1585 266 1644 300 τε
1674 247 1765 301 καὶ
1794 245 1920 303 ἀνε-

244 325 522 393 λευθέρου
560 328 736 394 ψυχῆς
770 323 972 394 μέτοχα
1006 324 1346 396 συμβήσεται
1378 332 1670 396 γίγνεσθαι
1705 329 1920 399 ῥᾳδίως.

244 405 382 476 μετὰ
411 403 477 476 δὴ
498 403 564 460 τὰ
593 411 704 479 νῦν
731 407 990 475 εἰρημένα
1019 408 1142 474 περὶ
1171 413 1344 462 ταῦτα
1373 407 1543 478 νόμος
1571 406 1760 480 ἀγαθῇ
1788 409 1924 482 τύχῃ

243 484 462 542 τοιόσδε
484 484 616 558 ἡμῖν
638 489 916 556 γιγνέσθω
931 507 944 520 ·
977 488 1316 559 Μαγνήτων,
1340 485 1439 554 οὓς
1457 487 1487 545 ὁ
1503 487 1640 555 θεὸς
1658 487 1924 561 ἀνορθῶν

244 566 412 623 πάλιν
450 571 753 637 κατοικίζει,
784 567 1060 638 γεωμόροι
1094 565 1216 624 ὅσοι
1250 575 1363 624 τών
1395 569 1799 641 τετταράκοντα
1834 570 1925 625 καὶ

242 644 699 728 πεντακισχιλίων
708 649 905 704 ἑστιῶν
915 653 1035 718 εἰσί,
1054 649 1191 721 μήτε
1209 651 1455 722 κάπηλος
1467 650 1612 708 ἑκών
1628 650 1751 724 μηδ’
1772 652 1926 708 ἄκων

243 732 431 802 μηδεὶς
452 731 735 799 γιγνέσθω
760 728 885 799 μήτ’
919 732 1153 802 ἔμπορος
1181 733 1317 803 μήτε
1342 736 1630 789 διακονίαν
1659 732 1786 804 μηδ’
1821 732 1925 803 ἥν-

242 832 368 866 τινα
403 810 734 880 κεκτημένος
768 809 1007 874 ἰδιώταις
1042 823 1155 875 τοῖς
1188 813 1261 882 μὴ
1302 818 1356 878 ἐξ
1393 822 1520 870 ἴσου
1556 814 1752 886 ἑαυτῷ,
1781 813 1926 885 πλὴν

182 901 217 942 Ε
244 892 408 959 πατρὶ
428 891 518 945 καὶ
537 891 699 960 μητρὶ
717 890 808 945 καὶ
826 901 939 955 τοῖς
956 894 1034 945 ἔτι
1053 890 1268 946 τούτων
1288 897 1366 957 εἰς
1391 892 1454 947 τὸ
1483 893 1603 948 ἅνω
1629 899 1814 964 γένεσι
1835 897 1926 950 καὶ

243 981 380 1029 πασι
398 983 510 1037 τοῖς
529 968 706 1026 αὑτοῦ
725 976 1134 1044 πρεσβυτέροις,
1157 972 1279 1029 ὅσοι
1298 972 1586 1047 ἐλεύθεροι
1605 978 1924 1045 ἐλευθέρως.

243 1053 305 1110 τὸ
327 1051 382 1109 δ’
409 1050 770 1119 ἐλευθερικὸν
787 1054 880 1110 καὶ
907 1051 1286 1123 ἀνελεύθερον
1315 1053 1559 1126 ἀκριβως
1589 1056 1692 1127 μὲν
1724 1053 1793 1111 οὐ
1824 1057 1928 1128 ῥά·-

244 1140 367 1192 διον
397 1142 743 1206 νομοθετεῖν,
772 1138 1052 1205 κρινέσθω
1086 1157 1150 1207 γε
1179 1135 1293 1207 μὴν
1319 1133 1428 1191 ὑπὸ
1449 1142 1563 1192 τῶν
1591 1136 1658 1192 τὰ
1687 1135 1928 1209 ἀριστεῖα

243 1210 556 1288 εἰληφότων
577 1238 652 1273 τω
675 1220 903 1273 ἐκείνων
922 1222 1067 1288 μίσει
1083 1239 1142 1275 τε
1159 1219 1250 1274 καὶ
1263 1218 1550 1291 ἀσπασμω.
1582 1216 1642 1283 ὂς
1662 1217 1713 1274 δ’
1736 1216 1810 1275 ἀν
1827 1240 1928 1274 κα-

242 1304 469 1371 πηλείας
487 1305 583 1371 τῆς
611 1297 990 1370 ἀνελευθέρου
1016 1301 1177 1370 τέχνῃ
1204 1302 1311 1356 τινὶ
1335 1300 1591 1373 μετάσχῃ,
1622 1303 1929 1371 γραφέσθω

243 1381 346 1451 μὲν
365 1378 540 1436 αὐτὸν
550 1383 748 1450 γένους
760 1380 1023 1451 αἰσχύνης
1041 1378 1070 1435 ὁ
1092 1381 1433 1451 βουλόμενος
1450 1380 1588 1451 πρὸς
1607 1380 1738 1446 τούς
1761 1379 1930 1451 ἀρετῇ

243 1461 500 1532 πρώτους
527 1465 903 1532 κεκριμένους,
937 1459 1037 1516 ε’ἀν
1064 1462 1123 1516 δὲ
1147 1461 1279 1534 δόξῃ
1307 1460 1512 1535 ἀναξίῳ
1543 1463 1928 1533 ἐπιτηδεύματι

242 1547 712 1614 καταρρυπαίνειν
730 1541 834 1612 τὴν
851 1538 1028 1597 αὑτοῦ
1042 1542 1307 1611 πατρςόαν
1326 1544 1527 1611 ἑστίαν,
1548 1545 1730 1607 δεθεὶς
1751 1545 1928 1598 ε’νιαυ-

127 1637 217 1683 920
241 1624 342 1681 τὸν
359 1624 690 1697 ἀποσχέσθω
709 1629 810 1679 τοῦ
829 1623 1105 1692 τοιούτου,
1125 1625 1217 1678 καὶ
1235 1620 1334 1679 ἐὰν
1353 1618 1540 1695 αὖθις,
1562 1629 1654 1696 ἔτη
1684 1625 1805 1695 δύο,
1836 1628 1929 1681 καὶ

241 1708 336 1779 ἐφ’
360 1707 591 1779 ἑκάστης
617 1705 874 1773 ἁλώσεως
901 1705 1034 1771 τούς
1063 1703 1301 1776 δεσμοὺς
1329 1704 1402 1777 μὴ
1434 1709 1700 1761 παυέσθω
1731 1709 1928 1762 διπλα-

243 1790 447 1856 σιάζων
466 1787 568 1844 τὸν
586 1793 907 1859 ἔμπροσθεν
924 1788 1142 1860 χρόνον.
1180 1790 1437 1858 δεύτερος
1453 1787 1566 1860 μὴν
1583 1789 1776 1859 νόμος·
1798 1792 1928 1860 μέτ-

242 1893 399 1927 οικον
421 1870 562 1926 εἶναι
587 1868 768 1942 χρεών
794 1867 831 1942 ἦ
862 1873 1037 1940 ξένον,
1061 1868 1122 1935 ὃς
1141 1866 1214 1925 ἀν
1239 1873 1409 1942 μέλλῃ
1428 1870 1822 1941 καπηλεύσειν·
1861 1868 1924 1925 τὸ

242 1953 305 2009 δὲ
319 1959 506 2023 τρίτον
524 1955 615 2009 καὶ
630 1958 825 2025 τρίτος,
847 1950 998 2017 ὅπως
1018 1949 1090 2018 ὡς
1109 1950 1332 2023 ἀριστος
1349 1948 1388 2024 ἦ
1414 1954 1507 2008 καὶ
1529 1950 1697 2017 κακὸς
1716 1948 1788 2017 ὡς
1810 1949 1926 2023 ἥκι-

241 2051 342 2090 στα
361 2032 391 2091 ὁ
419 2040 669 2100 τοιοῦτος
684 2033 819 2106 ἡμῖν
837 2027 873 2106 ᾖ
891 2034 1144 2100 ξύνοικος
1161 2036 1222 2089 έν
1240 2039 1310 2107 τῇ
1326 2033 1500 2104 πόλει,
1520 2032 1651 2098 τούς
1669 2033 1928 2104 νομοφύ-

239 2123 411 2181 λακας
429 2114 531 2188 χρὴ
560 2121 762 2186 νοῆσαι
793 2115 1048 2187 φύλακας
1075 2108 1215 2171 εἶναι
1242 2114 1316 2188 μὴ
1349 2115 1527 2187 μόνον
1556 2117 1802 2185 ἐκείνων,
1830 2112 1928 2179 οὕς

241 2197 544 2268 φυλάττειν
563 2198 763 2271 ῥᾴδιον
782 2196 856 2269 μὴ
877 2198 1238 2268 παρανόμους
1259 2200 1350 2254 καὶ
1376 2196 1585 2263 κακοὺς
1612 2203 1925 2267 γίγνεσθαι,

183 2300 218 2341 Β
246 2278 368 2335 ὅσοι
387 2283 597 2348 γενέσει
615 2282 705 2334 καὶ
724 2292 956 2350 τροφαῖς
972 2274 1038 2335 εὖ
1049 2282 1462 2350 πεπαίδευνται,
1482 2278 1613 2344 τοὺς
1633 2278 1693 2334 δὲ
1708 2276 1783 2349 μὴ
1812 2298 1928 2332 τοι-

242 2360 445 2425 ούτους
465 2360 864 2430 ἐπιτηδεύματά
882 2383 940 2415 τε
959 2361 1397 2431 ἐπιτηδεύοντας,
1419 2358 1456 2415 δι’
1478 2359 1660 2430 ῥοπὴν
1677 2364 1784 2429 ἔχει
1802 2379 1925 2412 τινα

183 2469 187 2474 Α
241 2440 475 2514 ἰσχυρὰν
507 2440 648 2510 πρὸς
684 2439 746 2497 τὸ
791 2445 1122 2511 προτρέπειν
1157 2439 1364 2505 κακοὺς
1396 2446 1705 2510 γίγνεσθαι,
1743 2448 1926 2510 φυλα-

243 2529 407 2584 κτέον
425 2532 652 2597 μᾶλλον.
691 2525 864 2597 ταύτῃ
891 2524 957 2596 δὴ
987 2524 1054 2580 τά
1091 2525 1216 2593 περὶ
1244 2521 1346 2595 τὴν
1380 2527 1685 2595 καπηλείαν
1713 2521 1926 2592 πολλὴν

245 2601 423 2663 ουσαν
442 2608 533 2662 καὶ
555 2605 731 2662 πολλὰ
753 2607 1153 2678 ἐπιτηδεύματα
1173 2610 1399 2661 τοιαῦτα
1418 2608 1777 2676 κεκτημένην,
1799 2602 1924 2659 ὅσα·

243 2708 346 2757 περ
369 2683 452 2743 ἀν
472 2686 659 2744 αὐτων
677 2695 883 2761 λειφθῇ
913 2688 1148 2754 δόξαντα
1175 2689 1235 2743 ἐκ
1265 2693 1468 2757 πολλῆς
1498 2684 1739 2757 ἀνάγκης
1766 2686 1828 2740 έν
1856 2690 1925 2756 τῇ

243 2770 400 2826 πόλει
422 2774 539 2826 δεῖν
558 2770 713 2840 εἶναι,
737 2778 1033 2827 συνελθεῖν
1051 2790 1124 2825 αυ
1147 2790 1326 2840 χρεων
1346 2770 1468 2840 περὶ
1489 2774 1659 2825 ταῦτα
1677 2765 1807 2832 τούς
1825 2787 1924 2822 νο-
