1976 3172
737 131 1063 181 ΝΟΜΩΝ
1094 126 1162 180 θ’.
1647 124 1752 180 297

70 262 326 323 τοιοῦτον
342 264 729 337 νομοθετήσει,
751 282 870 328 πως
887 263 1066 336 τούτῳ
1088 267 1244 335 δίκης
1263 285 1326 334 γε
1343 262 1524 329 ἄλλως
1539 267 1755 333 προσῆ-

15 377 17 379 ·
72 369 175 403 κον
194 347 491 418 τυγχάνειν
518 342 592 401 ἀν
620 349 866 416 γίγνοιτο
895 345 959 399 ἐν
987 343 1167 419 νόμως
1203 350 1413 401 κείσθω
1442 343 1509 417 δὴ
1538 350 1617 419 τῷ
1646 364 1755 400 πα-

71 430 201 498 τέρα
217 425 256 500 ἦ
272 430 478 499 μητέρα
495 425 880 483 ἀποκτείναντι
897 431 1065 499 θυμῷ
1083 427 1333 491 θάνατος
1348 423 1381 497 ἡ
1395 430 1568 497 ζημία.
1592 423 1756 481 ἀδελ-

74 509 181 579 φὰς
198 507 253 565 δ’
274 508 374 566 ἐὰν
390 506 641 580 ἀδελφὸν
657 510 846 578 κτείνῃ
863 507 926 561 ἐν
945 507 1169 563 στάσεσι
1185 505 1361 578 μα’χης
1388 509 1689 577 γενομένης
1717 502 1756 576 ἤ

72 614 180 648 τινι
194 590 385 665 τρόπω
402 589 656 663 τοιούτῳ,
684 586 1036 659 ἀμυνόμενος
1055 587 1296 659 ἄρχοντα
1327 594 1527 659 χειρῶν
1555 587 1756 656 πρότε-

72 694 192 745 ρον,
229 671 486 742 καθάπερ
519 673 786 741 πολέμιον
815 666 1144 735 ἀποκτείνας
1180 674 1319 726 ἔστω
1347 668 1628 738 καθαρός·
1665 667 1757 723 καὶ
1786 682 1822 722 D

69 752 171 809 ε’ἀν
186 759 413 824 πολίτης
420 757 671 823 πολίτην,
685 750 965 823 ὧσαύτως,
977 748 1014 823 ἦ
1032 754 1186 818 ξένος
1197 754 1360 818 ξένον
1372 773 1384 784 ·
1408 748 1508 806 ἐὰν
1522 751 1583 805 δὲ
1592 747 1759 814 ἀστὸς

11 895 13 902 ,
70 835 232 901 ξένον
249 829 285 905 ἦ
304 836 456 900 ξένος
472 831 646 890 ἀστὸν
665 830 1016 905 ἀμυνόμενος
1034 838 1239 905 κτείνῃ,
1269 831 1409 889 κατά
1428 828 1600 888 ταύτὰ
1619 834 1759 886 ἔστω

69 921 172 972 τοῦ
194 914 446 986 καθαρὸς
462 914 620 972 εἶναι.
659 916 752 971 καὶ
771 913 869 971 ἐὰν
887 918 1089 980 δοῦλος
1108 918 1334 985 δοῦλον,
1347 911 1613 977 ὡσαύτως
1625 933 1638 945 ·
1657 911 1760 968 ἐὰν

71 998 131 1053 δὲ
157 990 232 1052 αὖ
250 1000 451 1061 δοῦλος
467 996 773 1067 ἐλεύθερον
791 993 1145 1067 ἀμυνόμενος
1164 994 1481 1067 ἀποκτείνῃ,
1499 991 1759 1063 καθάπερ

73 1075 104 1133 ὁ
133 1083 350 1142 κτείνας
374 1079 602 1147 πατέρα,
630 1088 744 1141 τοῖς
778 1075 966 1154 αὐτοῖς
996 1081 1187 1148 ἔνοχος
1212 1081 1353 1133 ἔστω
1384 1076 1592 1147 νόμοις.
1629 1071 1660 1131 ὃ
1698 1073 1759 1131 δὲ

71 1161 195 1228 περὶ
212 1164 308 1230 τῆς
325 1157 573 1229 ἀφέσεως
584 1166 793 1230 εἴρηται
810 1158 997 1229 φόνου
1014 1164 1199 1231 πατρί,
1210 1157 1418 1217 ταύτόν
1436 1164 1600 1214 τοῦτο
1619 1159 1760 1211 ἔστω

70 1237 237 1309 περὶ
205 1239 424 1311 ἀπάσης
439 1261 555 1295 των
570 1238 844 1295 τοιούτων
863 1238 1129 1312 ἀφέσεως,
1142 1239 1242 1297 ἐάν
1260 1237 1525 1297 ὁστισοῦν
1542 1235 1760 1311 ὁτωοῦν
1786 1252 1823 1294 Ε

71 1318 210 1390 ἀφιῇ
227 1326 393 1375 τοῦτο
413 1318 575 1390 εκω’ν,
599 1342 674 1385 ως
696 1319 970 1376 ἀκουσίου
987 1322 1281 1391 γεγονότος
1298 1327 1402 1377 τοῦ
1424 1319 1613 1390 φόνου
1633 1321 1692 1374 οἵ
1701 1339 1760 1373 τε

69 1401 352 1472 καθαρμοὶ
367 1404 761 1471 γιγνέσθωσαν
770 1422 847 1456 τω
827 1402 1132 1470 δράσαντι
1150 1402 1243 1457 καὶ
1262 1395 1514 1465 ἐνιαυτὸς
1525 1396 1602 1465 εἷς
1619 1403 1760 1456 ἔστω

68 1487 166 1555 τῆς
185 1484 448 1555 ἐκδημίας
464 1484 527 1539 ἐν
544 1481 717 1556 νόμω.
754 1483 848 1540 καὶ
865 1481 930 1538 τά
962 1483 1068 1553 μὲν
1100 1480 1168 1554 δὴ
1199 1480 1352 1554 βίαια
1379 1502 1438 1537 τε
1465 1482 1558 1536 καὶ
1587 1480 1762 1543 ἀκού-

72 1582 163 1621 σια
182 1566 276 1620 καὶ
296 1562 436 1620 κατὰ
452 1560 555 1618 τὸν
581 1561 777 1635 θυμὸν
802 1562 1106 1635 γιγνόμενα
1134 1565 1261 1634 περὶ
1292 1561 1508 1635 φόνους
1529 1567 1764 1633 μετρίως

73 1644 344 1716 εἰρήσθω·
381 1642 449 1699 τά
466 1644 528 1700 δὲ
544 1646 670 1716 περὶ
696 1644 765 1701 τὰ
795 1645 1021 1702 ἑκούσια
1051 1646 1142 1701 καὶ
1172 1643 1293 1701 κατ’
1324 1643 1545 1701 ἀδικίαν
1574 1648 1761 1699 πᾶσαν

71 1725 376 1798 γνγνόμενα
400 1724 620 1782 τούτων
636 1729 763 1794 πέρι
792 1729 884 1783 καὶ
911 1729 1208 1798 ἐπιβουλῆς
1236 1723 1310 1782 δι’
1340 1726 1509 1797 ἥττας
1533 1722 1761 1797 ἡδονῶν

71 1829 130 1864 τε
169 1808 263 1862 καὶ
297 1809 614 1878 ἐπιθυμιῶν
647 1811 740 1864 καὶ
768 1808 1027 1879 φθόνων,
1057 1815 1229 1864 ταῦτα
1260 1806 1380 1885 μετ’
1419 1811 1601 1866 ἐκεῖνα
1629 1804 1762 1879 ἡμῖν

0 1899 1 1905 ’
72 1889 310 1946 λεκτέον.
362 1952 367 1953 ⁷

211 1976 332 2027 ΚΑ.
362 1966 582 2041 Ὀρθῶς
599 1973 788 2043 λέγεις.

0 2120 2 2122 ,
211 2057 274 2109 X.
310 2056 430 2108 ΑΘ.
466 2051 651 2109 Πάλιν
669 2052 736 2124 δὴ
758 2061 981 2125 πρῶτον
998 2057 1257 2153 περὶτῶν
1274 2053 1545 2110 τοιούτων
1563 2055 1640 2117 είς
1660 2041 1795 2108 δυ’-

0 2162 2 2169 ’
73 2156 244 2205 ναμιν
274 2139 535 2204 εἴπωμεν,
560 2132 740 2191 ὁπόσα
773 2130 846 2190 ἀν
882 2143 982 2207 εἴη.
1030 2137 1093 2192 τὸ
1124 2135 1226 2234 μὲν
1246 2133 1313 2207 δὴ
1347 2139 1607 2207 μέγιστον
1639 2136 1761 2190 ἐπι·
1791 2147 1879 2195 870

72 2219 252 2287 θυμία
273 2222 557 2284 κρατοῦσα
576 2221 752 2286 ψυχῆς
769 2214 1217 2291 ἐξηγριωμένηςο
1188 2215 1301 2274 υπὸ
1330 2216 1555 2273 πόθων·
1593 2220 1759 2271 τοῦτο

76 2298 131 2355 δ’
153 2299 265 2355 ἐστὶ
287 2298 523 2370 μάλιστα
541 2299 809 2369 ἐνταῦθα,
834 2292 904 2355 οὗ
923 2300 1190 2366 πλεῖστός·
1207 2321 1265 2356 τε
1295 2301 1387 2356 καὶ
1406 2297 1762 2371 ἰσχυρότατος

70 2383 259 2451 ἵμερος
296 2377 379 2436 ὦν
420 2378 680 2450 τυγχάνει
710 2392 823 2446 τοῖς
857 2389 1097 2453 πολλοῖς,
1130 2381 1164 2453 ἡ
1194 2387 1308 2438 τῶν
1339 2380 1638 2454 χρημάτων
1668 2386 1763 2451 τῆς

76 2459 359 2534 ἀπλήστου
373 2462 467 2518 καὶ
477 2459 712 2533 ἀπείρου
722 2460 964 2535 κτήσεως
977 2467 1183 2536 ἔρωτας
1194 2468 1428 2536 μυρίους
1438 2465 1762 2520 ἐντίκτουσα

0 2566 2 2578 ·
80 2540 313 2611 δύναμις
330 2539 422 2598 διὰ
447 2541 624 2614 φύσιν
643 2563 703 2599 τε
722 2545 813 2601 καὶ
832 2542 1197 2603 ἀπαιδευσίαν
1222 2544 1325 2618 τὴν
1342 2544 1548 2615 κακήν·
1586 2548 1684 2615 τῆς
1704 2544 1764 2598 δὲ

79 2619 482 2687 ἀπαιδευσίας’
451 2629 599 2695 ητοῦ
614 2630 800 2692 κακῶς
818 2629 1165 2684 ἐπαινεῖσθαι
1177 2633 1426 2684 πλοῦτον
1442 2629 1587 2682 αἰτία
1607 2624 1762 2696 φήμη

79 2699 218 2770 πρὸς
244 2722 358 2757 των
383 2698 659 2775 Ελλήνων
685 2725 746 2763 τε
774 2708 865 2764 καὶ
894 2707 1212 2780 βαρβάρων.
1263 2726 1487 2778 πρωτον
1514 2704 1623 2776 γὰρ
1648 2710 1764 2761 τῶν

81 2784 316 2854 ἀγαθῶν
332 2779 469 2840 αὐτὸ
489 2790 899 2863 προκρίνοντες,
921 2788 1166 2861 τρίτον”
1131 2812 1218 2859 ον,
1237 2789 1371 2855 τούς
1400 2786 1447 2844 τ’
1481 2791 1760 2860 ἐπιγιγνο-
1788 2799 1820 2840 Β
