1976 3172
248 156 352 208 130
846 156 1324 205 ΠΛΑΤΩΝΟΣ
1409 128 1422 142 χ

247 288 355 358 πρὸ
380 286 578 360 ἀρετῆς
607 286 820 345 ὁπόταν
855 282 930 343 αὖ
963 296 1206 363 προτιμᾷ
1233 311 1314 354 τις
1342 289 1562 361 κάλλος,
1592 288 1744 346 τοῦτ’
1784 284 1935 349 ἕστιύ

248 368 554 442 ούχέτερον
578 367 615 440 ἢ
632 366 666 440 ἡ
686 376 782 441 τῆς
799 377 978 442 ψυχῆς
997 370 1172 436 ὅντως
1188 373 1280 427 καὶ
1299 371 1521 436 πάντως
1537 370 1738 443 ἀτιμία·
1757 378 1935 444 ψυχῆς
1974 436 1976 439 ⁴

245 450 354 523 γάρ
375 458 533 523 σῶμα
552 452 906 522 ἐντιμότερον
923 447 1089 519 οὗτος
1108 452 1136 510 ὁ
1158 454 1324 524 λόγος
1343 456 1516 525 φησὶν
1545 452 1703 527 εἶναι,
1724 454 1936 522 ψευδό-

187 541 221 581 Ε
250 553 443 604 μενος·
481 531 648 590 οὐδὲν
668 532 775 606 γὰρ
806 538 1035 606 γηγενὲς
1064 534 1380 607 Ὀλυμπίων
1410 536 1778 607 ἐντιμότερον,
1809 532 1933 592 ἀλλ’
1973 555 1976 557 ·

246 613 274 671 ὁ
295 616 423 682 περὶ
445 621 624 687 ψυχῆς
645 614 824 682 ἄλλως
844 618 1088 684 δοξάζων
1116 614 1322 689 ἀγνοεῖ,
1344 616 1419 683 ώς
1437 625 1776 690 θαυμαστοῦ
1799 617 1936 673 τού-

245 719 361 754 του
353 698 644 770 κτήματος
679 697 879 771 ἀμελεῖ.
913 696 1051 755 οὐδέ
1083 720 1147 769 γε
1185 697 1398 767 ὁπόταν
1432 699 1682 771 χρήματά
1719 722 1800 764 τις
1835 701 1935 772 ἐρᾷ
1972 703 1976 713 ²

72 802 84 805 “
131 788 218 834 728
246 785 489 836 κτᾶσθαι
509 779 583 851 μὴ
603 778 828 845 καλως
801 779 838 852 η’
857 782 929 852 μὴ
953 785 1229 852 δυσχερως
1250 786 1392 854 φέρῃ
1411 782 1708 853 κτώμενος,
1734 780 1935 849 δώροις
1974 826 1976 831 .

247 860 356 958 ἄρα
374 867 504 932 τιμᾶ
528 860 653 916 τότε
671 861 775 931 τὴν
792 861 968 917 αυτοῦ
987 865 1196 933 ψυχήν·
1225 864 1449 928 πάντως
1477 864 1579 934 μὲν
1607 866 1713 919 οὐν
1741 869 1932 918 λυπεῖ·

245 939 306 996 τὸ
331 939 440 1012 γὰρ
472 940 645 1028 αὐτῆς
669 946 850 1013 τίμιον
879 942 992 1016 ἅμα
1021 945 1114 998 καὶ
1141 943 1316 998 καλὸν
1344 943 1668 1000 ἀποδίδοται
1695 948 1934 1014 σμικροῦ

243 1028 502 1094 χρυσίου·
534 1026 642 1087 πᾶς
659 1021 766 1094 γὰρ
788 1021 820 1079 ὅ
839 1020 889 1077 τ’
910 1026 997 1079 ἐπὶ
1013 1030 1114 1094 γῆς
1131 1025 1223 1080 καὶ
1241 1021 1353 1078 υπὸ
1382 1030 1544 1095 γῆςχ
1512 1022 1717 1095 χρυσὸς
1737 1022 1935 1094 ἀρετῆς

248 1105 352 1161 οὐκ
371 1102 638 1171 ἀντάξιος.
680 1104 752 1170 ὡς
772 1105 832 1161 δε
850 1110 1023 1162 εἰπεῖν
1042 1102 1418 1177 ξυλλήβδην,
1400 1127 1460 1170 ος
1485 1103 1628 1174 ἅπερ
1658 1101 1731 1159 ἂν
1758 1124 1934 1174 νομο-

244 1191 412 1258 θέτης
448 1185 645 1259 αίσχρά
681 1185 824 1242 εἶναι
852 1190 945 1243 καὶ
975 1185 1119 1243 κακὰ
1145 1186 1614 1259 διαριθμούμενος
1642 1185 1810 1257 τάττῃ
1842 1185 1935 1239 καὶ

244 1266 576 1324 τούναντίον
595 1267 787 1339 ἀγαθὰ
807 1271 899 1326 καὶ
918 1270 1080 1338 καλά,
1099 1274 1214 1325 τῶν
1231 1272 1333 1341 μὲν
1351 1270 1655 1340 ἀπέχεσθαι
1673 1265 1746 1339 μὴ
1767 1269 1932 1338 ἐθέλῃ

245 1349 398 1421 πάσῃ
416 1357 651 1423 μηχανῇ,
673 1349 741 1413 τοὶ
758 1351 818 1407 δὲ
835 1352 1176 1422 ἐπιτηδεύειν
1196 1351 1491 1422 ξύμπασαν
1509 1349 1648 1406 κατὰ
1671 1349 1929 1419 δύναμιν,

183 1450 216 1490 Β
248 1430 351 1488 οὐκ
377 1431 528 1488 οἶδεν
546 1435 609 1488 ἐν
627 1432 998 1505 τούτοιςςπᾶσι
1023 1437 1132 1497 πᾶς
1160 1431 1465 1504 ἅνθρωπος
1491 1430 1676 1502 ψυχὴν
1701 1430 1932 1486 θειότα-

244 1535 345 1570 τον
379 1510 448 1570 ὂν
485 1511 785 1584 ἀτιμότατα
813 1517 905 1570 καὶ
940 1519 1489 1586 κακοσχημονέστατα
1512 1517 1791 1576 διατιθείς.
1827 1510 1933 1581 τὴν

243 1594 360 1668 γὰρ
370 1599 675 1666 λεγομένην
697 1599 858 1667 δίκην
875 1603 970 1667 τῆς
989 1602 1328 1668 κακουργίας
1349 1594 1453 1667 τὴν
1471 1599 1733 1666 μεγίστην
1751 1590 1934 1656 οὐδεὶς

247 1675 321 1743 ὡς
347 1681 476 1742 ἔπος
495 1681 668 1733 εἰπεῖν
686 1682 971 1749 λογίζεται,
991 1681 1106 1734 ἔστι
1130 1675 1184 1733 δ’
1211 1675 1246 1749 ἡ
1266 1682 1492 1749 μεγίστη
1510 1675 1571 1732 τὸ
1594 1674 1933 1747 ὁμοιοῦσθαι

243 1771 357 1825 τοῖς
384 1754 512 1816 οὖσι
536 1769 725 1823 κακοῖς
748 1753 1082 1831 ἀνδράσιν,’
1057 1758 1429 1830 ομοιούμενον
1447 1759 1507 1813 δὲ
1523 1755 1656 1821 τοὺς
1673 1755 1775 1827 μεν
1793 1753 1931 1825 ἀγα-

242 1840 388 1906 θους
418 1841 650 1912 φεύγειν
680 1841 891 1910 άνδρας
918 1843 1011 1897 καὶ
1035 1841 1240 1912 λόγους
1266 1841 1359 1897 καὶ
1382 1838 1791 1908 ἀποσχίζεσθαι,
1820 1846 1933 1901 τοῖς

245 1922 304 1978 δε
339 1928 798 1993 προσκολλᾶσθαι
828 1923 1101 1979 διώκοντα
1120 1920 1259 1979 κατά
1277 1920 1374 1986 τὰς
1403 1924 1723 1987 ξυνουσίας·
1761 1936 1931 1982 προς-

243 2005 533 2076 πεφυκότα
562 2008 622 2062 δὲ
650 2016 764 2071 τοῖς
788 2005 1062 2070 τοιούτοις
1090 2003 1307 2075 ἀνάγκη
1339 2013 1517 2058 ποιεῖν
1537 2004 1628 2057 καὶ
1646 1998 1876 2069 πάσχειν
1895 1997 1931 2051 ὁὶ

183 2098 213 2139 C
243 2087 563 2158 πεφύκασιν
583 2086 860 2160 ἀλλήλους
875 2090 932 2143 οἱ
945 2094 1188 2143 τοιοῦτοι
1208 2096 1386 2142 ποιεῖν
1413 2085 1504 2140 καὶ
1533 2085 1730 2153 λέγειν.
1765 2085 1930 2135 τοῦτο
1953 2098 1963 2108 ·

245 2173 352 2225 οὐν
370 2170 436 2241 δὴ
457 2168 518 2227 τὸ
544 2169 727 2236 πάθος
753 2173 875 2241 δίκη
895 2172 997 2241 μὲν
1025 2168 1130 2226 οὐκ
1163 2172 1296 2239 ἔστι,
1327 2165 1502 2223 καλὸν
1529 2163 1638 2235 γὰρ
1660 2162 1724 2219 τό
1752 2183 1816 2232 γε
1845 2163 1932 2215 δί-

244 2273 407 2307 καιον
429 2251 571 2322 καὶὴ
593 2257 732 2324 δίκη,
753 2258 984 2323 τιμωρία
1003 2255 1079 2322 δέ,
1101 2250 1314 2315 ἀδικίας
1332 2247 1650 2311 ἀκόλουθος
1668 2243 1844 2314 πάθη,
1864 2234 1932 2311 ἦς

246 2332 280 2388 ὅ
296 2354 355 2388 τε
372 2354 556 2403 τυχων
574 2336 667 2389 καὶ
695 2332 769 2404 μὴ
797 2334 1088 2404 τυγχάνων
1106 2333 1321 2401 ἄθλιος,
1352 2328 1382 2386 ὁ
1409 2331 1511 2400 μὲν
1539 2326 1645 2384 οὐκ
1676 2323 1931 2395 ἰατρευό-

247 2435 432 2485 μενος,
467 2410 497 2469 ὁ
536 2417 677 2484 δέ,”
652 2437 744 2470 ινα
767 2415 945 2483 ἕτεροι
974 2415 1168 2469 πολλοὶ
1203 2412 1498 2479 σώζωνται,
1528 2406 1924 2475 ἀπολλύμενος.

242 2495 368 2568 τιμὴ
401 2493 455 2551 δ’
466 2496 632 2552 ’ἐστὶν
651 2493 802 2568 ἡμῖν,
825 2518 899 2561 ως
916 2493 976 2551 τό
1000 2493 1135 2550 όλον
1153 2498 1344 2562 εἰπεῖν,
1373 2501 1486 2555 τοῖς
1511 2492 1614 2561 μὲν
1642 2486 1944 2558 ἀμείνοσιν

243 2579 497 2678 ἕπεσθαι,
516 2577 584 2633 τά
613 2577 673 2634 δὲ
688 2583 926 2650 χείρονα,
945 2578 1208 2648 γενέσθαι
1227 2576 1287 2629 δε
1305 2577 1500 2645 βελτίω
1523 2571 1752 2643 δυνατά,
1771 2566 1945 2626 τοῦτ’.

245 2657 380 2716 αὐτὸ
389 2657 478 2725 ὡς
496 2661 692 2730 ἄριστα
717 2659 1019 2716 ἀποτελεῖν.

386 2745 447 2797 Π.
493 2749 684 2814 Ψυχῆς
719 2764 827 2798 ουν
861 2739 1147 2813 ἀνθρώπῳ
1179 2744 1358 2809 κτῆμα
1396 2735 1500 2792 οὐκ
1537 2739 1685 2791 ἔστιν
1719 2733 1947 2805 εὐφυέ---

182 2842 217 2883 D
249 2844 446 2899 στερον
466 2831 543 2892 είς
560 2825 621 2883 τὸ
644 2837 845 2897 φυγεῖν
859 2824 961 2897 μὲν
989 2823 1050 2880 τὸ
1079 2822 1271 2894 κακόν,
1303 2825 1550 2892 ἰχνεῦσαι
1578 2820 1638 2876 δὲ
1666 2822 1758 2877 καὶ
1782 2820 1952 2876 ἑλεῖν.

1972 2993 1976 3034 Ξ
