1976 3172
233 126 340 176 200
845 124 1326 174 ΠΛΑΤΩΝΟΣ

235 254 423 329 ἱεροὶ-ἢ
450 255 590 329 πρὸς
616 259 853 321 οἰκείους
879 253 970 312 άεί
989 276 1066 330 πῃ
1090 259 1299 329 φέρειν,
1331 261 1590 331 μέχριπερ
1621 255 1692 315 ἄν
1722 264 1922 326 ἱκανῶς
1970 245 1976 296 '3

233 343 497 395 ἵστασθαι
527 336 739 395 δυνατὰ
767 345 1035 410 γίγνηται,
1058 341 1148 394 καὶ
1176 338 1299 395 τότε
1330 343 1814 412 διευλαβουμένας,
1845 345 1922 398 ἔτι

234 425 378 477 νέων
398 419 581 478 ὅντων
599 420 676 492 μή
695 440 771 492 πῃ
782 425 877 493 βίᾳ
897 421 1329 492 ἐπερειδομένων
1349 425 1647 493 στρέφηται
1667 424 1734 478 τὰ
1752 429 1922 494 κῶλα,
1959 448 1976 484 s,

232 504 518 559 ἐπιπονεῖν
537 501 837 573 φερούσας,
868 501 972 567 ἕως
1001 497 1074 557 ὅίν
1096 501 1298 571 τριετὲς
1318 500 1664 577 ἀποτελεσθῇ
1681 502 1742 560 τὸ
1761 504 1925 574 γενό-
1974 505 1976 509 ’

232 605 434 656 μενον;
452 588 549 649 ,εἰς
570 583 813 654 δύναμιν
839 583 898 639 δὲ
918 581 1146 655 ἰσχυρὰς
1166 581 1339 649 αὐτὰς
1359 583 1499 640 εἶναι
1518 583 1700 656 χρεῶν
1728 588 1821 642 καὶ
1849 585 1923 657 μὴ

115 683 204 728 790
231 673 393 739 μίαν,
414 668 500 722 ἐπὶ
519 665 579 721 δὲ
595 665 813 730 τούτοις
832 665 1098 736 ἑκάστοις,
1120 660 1193 720 ἂν
1209 664 1282 738 μὴ
1303 670 1573 737 γίγνηται,
1595 671 1791 739 ζημίαν
1811 678 1924 731 τοῖς

231 750 305 821 μὴ
327 753 551 805 ποιοῦσι
572 747 908 818 γράφωμεν;
928 742 964 818 ἢ
982 752 1194 802 πολλοῦ
1211 769 1274 818 γε
1296 751 1383 804 δεῖ
1390 771 1405 813 ;
1435 747 1497 803 τὸ
1528 748 1637 820 γὰρ
1669 747 1792 819 ἄρτι
1820 749 1923 819 4527-

230 831 336 888 θὲν
354 827 592 901 γίγνοιτ’
615 825 689 883 ἂν
714 827 859 884 πολὺ
877 831 970 884 καὶ
988 828 1269 899 ἄφθονον.

371 915 492 967 ΚΛ.
528 907 602 964 Τὸ
623 919 814 975 ποῖον,

371 998 490 1049 ΑΘ.
527 992 606 1047 -Τό
652 993 864 1061 γέλωτα
910 985 1001 1046 ἄν’
1019 987 1199 1046 πολὺν
1245 987 1440 1060 ὀφλεῖν
1477 989 1618 1062 ἡμᾶς
1659 992 1800 1066 πρὸς
1847 1001 1925 1066 τῷ

230 1077 304 1149 μὴ
334 1078 552 1132 ἐθέλειν
582 1070 654 1129 ἂν
677 1077 980 1129 πείθεσθαι
1014 1072 1307 1144 γυναικεῖά
1338 1094 1398 1128 τε
1433 1076 1525 1130 καὶ
1555 1074 1782 1132 δούλεια
1808 1074 1923 1147 ἤθη
1971 1078 1975 1083 “

231 1163 476 1230 τροφῶν.

371 1244 491 1295 ΚΛ.
523 1237 685 1295 Ἀλλὰ
704 1242 854 1303 τίνος
875 1239 942 1309 δὴ
954 1237 1116 1309 χάριν
1136 1241 1350 1309 ἔφαμεν
1368 1236 1509 1294 αὐτὰ
1523 1241 1640 1294 δεῖν
1651 1241 1926 1311 ῥηθῆναι;

371 1328 490 1379 ΑΘ.
534 1324 739 1378 Τοῦδε·
773 1318 841 1376 τὰ
863 1325 979 1376 τῶν
998 1323 1285 1375 δεσποτῶν
1312 1341 1371 1375 τε
1399 1322 1491 1375 καὶ
1516 1322 1834 1391 ἐλευθέρων
1862 1323 1927 1377 έν

173 1417 206 1458 Β
232 1414 352 1469 ταῖς
379 1404 609 1459 πόλεσιν
638 1403 755 1474 ἤθη
785 1400 906 1471 τάχ’
937 1398 1010 1456 ὅὶν
1037 1399 1356 1456 ἀκούσαντα
1387 1404 1464 1464 εἰς
1490 1400 1760 1456 σύννοιαν
1789 1398 1924 1471 ἀφί-

230 1482 371 1541 κοιτ’
392 1480 465 1540 ἂν
481 1482 586 1555 τὴν
606 1480 809 1555 ὀρθήν,
830 1481 916 1538 ὅτι
933 1484 1096 1553 χωρὶς
1114 1488 1210 1553 τῆς
1228 1485 1369 1547 ἰδίας
1389 1481 1710 1553 διοικήσεως
1728 1485 1790 1537 ἐν
1809 1492 1926 1547 ταῖς

231 1564 464 1621 πόλεσιν
490 1562 670 1637 ὀρθῆς
700 1566 1031 1635 γιγνομένης
1058 1563 1239 1634 μάτην
1264 1559 1336 1618 ἂν
1364 1562 1431 1618 τὰ
1460 1563 1623 1620 κοινά
1644 1584 1724 1628 τις
1754 1570 1925 1619 οἴοιτο

232 1647 374 1713 ἕξειν
393 1644 516 1702 τινὰ
546 1645 875 1718 βεβαιότητα
902 1647 1114 1709 θέσεως
1141 1644 1350 1715 νόμων,
1385 1647 1478 1700 καὶ
1510 1650 1685 1700 ταῦτα
1714 1647 1927 1701 ἐννοῶν

232 1726 401 1793 αὐτὸς
427 1726 619 1798 νόμοις
651 1725 724 1783 ἄν
751 1738 865 1792 τοῖς
893 1729 1003 1801 νῦν
1031 1727 1253 1798 ῥηθεῖσι
1283 1731 1482 1800 χρῷτο,
1519 1729 1611 1782 καὶ
1644 1726 1927 1798 χρεόμενος

234 1803 299 1865 εὖ
315 1809 420 1880 τήν
445 1831 505 1865 τε
535 1813 718 1866 οἰκίαν
749 1811 843 1865 καὶ
872 1808 1037 1865 πόλιν
1073 1807 1188 1877 ἅμα
1225 1809 1330 1879 τὴν
1358 1805 1535 1865 αὑτοῦ
1567 1812 1798 1865 διοικῶν
1829 1806 1926 1864 εύ-

235 1895 508 1963 δαιμονοῖ.

374 1978 493 2029 ΚΛ.
534 1974 646 2029 Καὶ
663 1971 794 2044 μάλ’
819 1973 1045 2039 εἰκότως
1066 1980 1302 2044 εἴρηκας.

312 2111 315 2114 .
373 2061 494 2111 ΑΘ.
537 2061 856 2128 Τοιγαροῦν
876 2057 1041 2128 μήπω
1061 2055 1313 2126 λήξωμεν
1339 2060 1436 2126 τῆς
1463 2055 1721 2126 τοιαύτης
1750 2077 1926 2126 νομο-

232 2143 446 2207 θεσίας,
468 2141 602 2212 πρὶν
625 2135 698 2195 ἂν
725 2142 819 2195 καὶ
854 2138 922 2196 τὰ
959 2140 1085 2210 περὶ
1113 2137 1212 2203 τὰς
1246 2135 1426 2208 ψυχὰς
1446 2145 1560 2194 τῶν
1595 2137 1748 2194 πάνυ
1783 2141 1928 2193 νέων

174 2227 206 2271 C
236 2223 452 2275 παίδων
475 2221 882 2294 ἐπιτηδεύματα
911 2222 1208 2294 ἀποδῶμεν
1226 2221 1366 2277 κατὰ
1387 2219 1487 2277 τὸν
1507 2219 1681 2277 αὐτὸν
1698 2220 1926 2293 τρόπον,

238 2302 414 2373 ὅνπερ
434 2301 693 2373 ἤργμεθα
721 2311 836 2361 τῶν
865 2308 991 2378 περὶ
1018 2307 1085 2362 τὰ
1117 2304 1346 2376 σῶματα
1374 2305 1582 2375 μύθων,
1614 2305 1928 2374 λεχθέντων

238 2385 634 2451 διαπεραίνειν.

377 2469 498 2523 ΚΛ.
533 2463 699 2521 Πάνυ
718 2463 820 2536 μὲν
841 2459 947 2521 οὖν
966 2464 1168 2535 ὀρθῶς.

373 2555 494 2605 ΑΘ.
533 2546 815 2619 Λάβωμεν
842 2551 1036 2603 τοίνυν
1054 2552 1219 2603 τοῦτο
1251 2544 1373 2602 οἷον
1402 2555 1671 2616 στοιχεῖον
1700 2542 1783 2600 ἐπ’
1819 2542 1927 2614 άμ-

235 2632 443 2705 φότερα
462 2627 720 2703 σώματός
748 2649 807 2684 τε
837 2630 927 2685 καὶ
954 2634 1132 2700 ψυχῆς
1149 2634 1263 2684 τῶν
1284 2627 1436 2683 πάνυ
1456 2630 1616 2697 νέων,
1637 2623 1742 2698 τὴν
1762 2623 1926 2696 τιθή-

232 2729 400 2785 νησιν
436 2716 528 2769 καὶ
565 2718 790 2784 κίνησιν
825 2714 1161 2782 γιγνομένην
1203 2707 1235 2767 ὅ
1265 2732 1317 2765 τι
1355 2709 1589 2781 μάλιστα
1619 2707 1709 2764 διὰ
1745 2707 1927 2785 πάσης

232 2795 436 2862 νυκτός
463 2816 521 2851 τε
546 2796 640 2853 καὶ
666 2790 891 2867 ἡμέρας,
921 2791 994 2859 ὦς
1023 2797 1138 2849 ἔστι
1164 2792 1448 2863 ξύμφορος
1477 2790 1648 2847 ἅπασι
1669 2790 1790 2860 μέν,
1823 2785 1925 2857 οὐχ
