1976 3172
712 104 764 152 1v
779 70 1028 151 οΜὨΝ
1061 94 1141 165 ιβ.
1609 94 1715 150 389

30 246 143 296 τῶν
161 241 226 297 έν
241 244 310 312 τῇ
326 237 485 296 πόλει
502 237 952 308 κεκοσμημένους
970 231 1125 305 εἶναι,
1147 236 1239 291 καὶ
1258 236 1435 307 ἱερέας
1452 236 1556 307 μὲν
1571 233 1718 290 πάν-

32 343 127 387 τας
143 325 246 378 τοῦ
258 318 603 384 Ἀπόλλωνός
629 339 689 374 τε
708 317 802 374 καὶ
819 311 1027 385 Ἡλίου,
1047 312 1345 388 ἀρχιέρεων
1373 314 1435 372 δὲ
1463 316 1565 371 ἕνα
1591 313 1713 371 κατ’

30 401 288 459 ἐνιαυτὸν
303 400 406 458 τὸν
425 405 651 471 πρῶτον
665 398 930 468 κριθέντα
958 402 1072 452 τῶν
1093 400 1412 469 γενομένων
1429 399 1620 469 ἐκείνω
1641 400 1720 469 τῷ

29 487 271 557 ένιαυτςό
301 489 453 555 [τῶν]
484 482 695 551 ἱερέων,
730 479 822 535 καὶ
848 476 1096 550 τοῦνομα
1125 476 1475 550 ἀναγράφειν
1491 478 1713 533 ιτούτου
1750 493 1780 533 Β

29 563 142 622 κατ’
164 564 439 635 ἐνιαυτόν,
458 562 609 628 ὅπως
624 557 697 616 ἀν
707 563 960 631 γύγνηται
978 561 1182 632 μέτρον
1200 556 1451 632 ἀριθμοῦ
1467 563 1570 614 τοῦ
1584 557 1718 629 χρό-
1804 603 1813 617 .

32 667 156 717 νου,
185 647 286 711 ἕως
305 642 380 701 ἀν
395 643 431 716 ἡ
450 642 611 708 πόλις
628 646 855 712 οἰκῆται.
892 639 1250 711 τελευτήσασι
1269 640 1330 696 δὲ
1347 641 1642 710 προθέσεις
1661 659 1718 693 τε

29 729 123 783 καὶ
145 725 390 796 έκφοράς
407 726 499 781 καὶ
514 724 698 795 θήκας
715 721 1023 794 διαφόρους
1041 720 1181 778 εἶναι
1208 727 1322 778 τῶν
1351 720 1537 778 ἄλλων
1556 725 1719 776 πολι-

27 814 160 878 τῶν,
175 804 384 879 λευκὴν
400 805 504 878 μὲν
520 805 624 878 τὴν
644 804 849 876 στολὴν
877 809 1022 875 ἔχειν
1047 809 1252 875 πᾶσαν,
1280 802 1517 875 θρήνων
1545 802 1604 859 δὲ
1626 803 1719 858 καὶ

30 887 296 960 ὀδυρμῶν
312 890 477 959 χωρὶς
494 892 803 958 γίγνεσθαι,
824 891 1012 958 κορῶν
1041 887 1102 941 δὲ
1128 884 1298 957 χορὸν
1327 887 1720 942 πεντεκαίδεκα

30 973 123 1027 καὶ
146 968 401 1039 ἀρρένων
427 970 619 1039 ἕτερον
645 970 1100 1039 περιισταμένους
1134 972 1203 1038 τῇ
1237 971 1398 1040 κλίνῃ
1426 967 1720 1037 ἑκατέρους

32 1047 155 1107 οἷον
172 1050 356 1121 ὕμνον
374 1052 751 1122 πεποιημένον
768 1053 999 1106 ἔπαινον
1017 1053 1093 1114 εἰς
1122 1046 1252 1114 τοὺς
1278 1050 1457 1119 ἱερέας
1485 1049 1547 1104 ἐν
1565 1049 1719 1119 μέρει

31 1131 323 1201 ἑκατέρους
340 1131 515 1205 ᾄδειν,
530 1129 1010 1203 εὐδαιμονίζοντας
1027 1127 1143 1206 ᾠδῇ
1163 1127 1253 1186 διὰ
1273 1128 1454 1201 πάσης
1471 1133 1567 1200 τῆς
1585 1125 1720 1200 ἡμέ-
1748 1137 1781 1179 C

32 1234 155 1282 ρας·
174 1214 359 1270 ἕωθεν
381 1211 437 1269 δ’
458 1218 536 1279 είς
550 1212 656 1286 τὴν
672 1213 860 1286 θήκην
878 1215 1070 1285 φέρειν
1088 1210 1265 1284 αὐτὴν
1282 1212 1383 1284 μὲν
1400 1208 1504 1283 τήν
1518 1215 1715 1282 κλίνην

31 1293 230 1351 ἑκατὸν
246 1300 361 1350 τῶν
377 1297 523 1350 νέων
542 1300 656 1350 τῶν
674 1297 735 1351 έν
753 1306 866 1359 τοῖς
890 1299 1234 1365 γυμνασίοις,
1253 1291 1352 1359 οὓς
1379 1290 1452 1350 ἀν
1472 1297 1531 1350 οἱ
1544 1313 1715 1362 προς-

30 1374 384 1447 ήκοντες-τοῦ
409 1373 841 1446 τελευτήσαντος
859 1375 1213 1444 ἐπιόψωνται,
1236 1374 1490 1446 πρώτους
1510 1373 1570 1430 δὲ
1588 1393 1718 1446 προ·

33 1460 172 1514 ι’έναι
203 1456 337 1522 τούς
360 1455 589 1527 ἠϊθέους
626 1454 729 1527 τὴν
764 1453 1070 1528 πολεμικὴν
1106 1454 1316 1528 σκευὴν
1351 1455 1718 1519 ἐνδεδυκότας

34 1538 317 1606 ἑκάστους,
345 1536 455 1593 σύν
488 1548 603 1602 τοῖς
635 1540 852 1594 ἵπποισι
893 1536 995 1608 μὲν
1032 1540 1243 1609 ἱππέας,
1282 1536 1393 1595 σὺν
1429 1539 1490 1594 δὲ
1527 1535 1718 1601 ὅπλοις

32 1616 275 1690 ὁπλίτας,
298 1621 390 1675 καὶ
406 1617 540 1684 τούς
557 1618 762 1686 ἄλλους
779 1616 1059 1690 ὦσαύτως,
1083 1623 1280 1685 παῖδας
1296 1622 1357 1675 δὲ
1383 1621 1509 1691 περὶ
1538 1615 1718 1690 αὐτὴν

32 1701 137 1775 τὴν
171 1709 369 1775 κλίνην
392 1708 713 1775 ἔμπροσθεν
741 1703 803 1759 τό
838 1702 1071 1776 πάτριον
1106 1705 1267 1775 μέλος
1301 1704 1590 1775 έφυμνεϊν,
1625 1702 1717 1759 καὶ
1747 1712 1782 1753 D

29 1784 199 1856 κόρας
216 1785 487 1856 ἑπομένας
502 1784 799 1851 ἐξόπισθεν
817 1782 945 1841 ὅσαι
962 1782 1011 1841 τ’
1034 1781 1108 1841 ἀν
1125 1795 1385 1856 γυναῖκες
1402 1790 1499 1856 τῆς
1522 1787 1719 1839 παιδο-

30 1865 303 1938 ποιήσεως
325 1863 739 1937 ἀπηλλαγμέναι
759 1866 1089 1938 τυγχάνωσι,
1118 1864 1252 1938 μετὰ
1275 1863 1525 1921 δὲταῦτα
1544 1866 1725 1933 ἱερέας

30 1969 88 2003 τε
107 1949 199 2004 καὶ
217 1950 415 2020 ἱερείας
434 1945 508 2013 ὥς
527 1948 905 2018 καθαρεύοντι
923 1954 1001 2022 τῷ
1018 1946 1178 2022 τάφῳ
1199 1948 1452 2016 ἕπεσθαι,
1485 1944 1587 2002 ἐὰν
1610 1943 1719 2013 ἄρα

8 2031 123 2097 γκαὶ
140 2036 255 2086 τῶν
267 2027 460 2087 ’ἄλλων
482 2037 772 2102 εἴργωνται
790 2030 1003 2102 τάφων,
1034 2028 1135 2087 ἐὰν
1162 2032 1255 2086 καὶ
1282 2028 1344 2086 τό
1375 2034 1472 2100 τῆς
1494 2031 1720 2092 Πυθίας

30 2111 180 2169 οὕτω
198 2133 257 2168 τε
275 2113 367 2168 καὶ
385 2112 558 2184 ταύτῃ
576 2112 884 2184 σύμψηφον
900 2106 961 2184 ἦ·
997 2111 1186 2185 θήκην
1203 2114 1264 2168 δὲ
1283 2107 1392 2167 ὑπὸ
1413 2116 1515 2183 γῆς
1533 2107 1720 2173 αὐτοῖς

33 2195 402 2265 εἰργασμένην
430 2191 572 2249 εἶναι
608 2197 813 2261 ψαλίδα
840 2194 1096 2266 προμήκη
1128 2197 1309 2250 λίθων
1344 2191 1721 2263 ποτίμων.καῖ

0 2311 1 2322 ¹
31 2271 262 2347 ἀγήρων
280 2278 356 2340 εἰς
376 2275 637 2347 δύναμιν,
670 2281 910 2348 ἔχουσαν
927 2282 1117 2343 κλίνας
1137 2273 1272 2346 παρ’
1303 2272 1540 2347 ἀλλήλας
1566 2279 1719 2331 λιθί-

0 2375 130 2422 rm
159 2359 430 2428 κειμένας,
466 2353 537 2414 οὖ
556 2356 624 2430 δὴ
646 2356 748 2415 τὸν
774 2359 1053 2431 μακάριον
1068 2357 1339 2430 γεγονότα
1366 2359 1580 2427 θέντες,
1612 2354 1719 2412 κύ·

0 2459 4 2491 ι
31 2446 147 2515 κλφ
164 2438 456 2512 χώσαντες,
468 2441 622 2512 πέριξ
632 2442 880 2510 δένδρων
898 2439 1066 2507 ἀλσος
1082 2437 1555 2512 περιφυτεύσουσι
1566 2435 1714 2508 πλὴν
1744 2444 1777 2485 E

0 2543 4 2578 ι
35 2518 223 2578 κόλου
253 2520 398 2592 ἑνός,
426 2518 578 2589 ὅπως
612 2518 686 2579 ἀν
705 2520 882 2594 αὔξην
909 2520 939 2578 ὁ
965 2522 1141 2594 τάφος
1160 2526 1256 2594 ἔχῃ
1283 2518 1494 2591 ταύτην
1518 2518 1623 2591 τὴν
1642 2522 1719 2583 είς

0 2623 6 2664 ι
31 2603 133 2659 τὸν
158 2599 375 2658 ἅπαντα
402 2602 623 2677 χρόνον,
641 2601 716 2662 ἀν
743 2606 932 2677 ἐπιδέῃ
959 2603 1208 2675 χῶματος
1238 2612 1350 2669 τοϊς
1378 2604 1716 2674 τιθεμένοις·

31 2680 156 2742 κατ’
197 2681 456 2740 ἐνιαυτὸν
483 2684 545 2741 δὲ
574 2684 766 2758 ἀγῶνα
796 2691 1067 2758 μουσικῆς
1094 2682 1280 2751 αὐτοῖς
1314 2684 1406 2741 καὶ
1441 2681 1717 2755 γυμνικὸν

33 2763 263 2825 ἱππικόν
280 2785 336 2822 τε
355 2764 610 2837 θήσουσι.
644 2767 711 2825 τὰ
741 2767 843 2840 μὲν
860 2765 929 2839 δὴ
960 2769 1096 2838 γέρα
1120 2772 1347 2822 τοιαῦτα
1367 2775 1479 2832 τοῖς
1499 2763 1597 2831 τὰς
1619 2761 1717 2822 εύ-
