1976 3172
759 163 1080 215 Nomszzv
1115 181 1174 226 η.
1697 153 1809 211 '265

121 307 288 358 τοῦτο
309 298 432 357 οὔτ’
454 304 696 371 ἐξευρεῖν
713 320 808 372 μοι
824 294 1066 369 χαλεπὸν
1084 293 1225 351 εἶναι
1255 300 1413 352 δοκεῖ
1438 301 1576 367 μέγα
1594 317 1653 352 τε
1672 294 1814 367 ἀγα-

119 381 236 439 θόν
257 381 494 453 εὑρεθὲν
513 381 681 440 οὐδὲν
698 377 1141 475 ἀπεργάσεσθαι·
1172 379 1266 434 καὶ
1293 377 1403 449 γὰρ
1430 384 1539 433 νῦν
1570 379 1815 449 ἐμμελῶς

118 468 265 535 ἔχειν
281 467 781 536 κατεσκευασμένα.
819 458 1039 524 τούτοις
1058 455 1112 513 δ’
1136 459 1286 514 ἐστὶν
1314 454 1689 513 άκόλουθον
1658 481 1692 529 η
1712 462 1815 514 τοῦ
1843 468 1876 511 G

117 551 250 616 βίου
276 545 611 618 κατασκευή,
649 540 759 600 τίν’
795 538 986 605 αὐτοῖς
1016 561 1089 595 αν
1110 538 1324 611 τρόπον
1353 540 1558 595 ἕποιτο.
1597 544 1717 610 βίος
1746 532 1814 611 δὴ

119 625 312 693 ἄλλαις
337 628 442 698 μὲν
468 627 662 684 πόλεσι
695 625 1066 687 παντοδαπῶς
1098 617 1171 676 ἄν
1206 622 1298 676 καὶ
1334 620 1689 692 πολλαχόθεν
1714 629 1815 692 εἴη,

119 707 357 778 μάλιστα
385 707 446 764 δὲ
481 710 542 763 ἐκ
566 710 876 763 διπλασίων
911 701 950 775 ἢ
986 703 1230 768 τούτοις·
1275 705 1336 758 ἐκ
1371 707 1472 774 γῆς
1510 700 1618 773 γὰρ
1641 704 1782 758 καὶ’
1757 724 1817 758 εκ

115 787 397 859 θαλάττης
423 798 538 853 τοῖς
573 792 848 852 πλείστοις
879 790 993 842 τῶν
1015 784 1300 857 Ἑλλήνων
1334 786 1448 841 ἐστὶ
1480 799 1819 840 κατεσκευα-

118 874 312 971 σμένας
315 890 383 925 τα
403 872 531 940 περὶ
548 870 653 942 τὴν
676 869 915 941 τροφήν,
935 867 1155 932 τούτοις
1185 866 1245 923 δε
1275 866 1455 939 μόνον
1481 869 1543 923 ἐκ
1572 873 1688 937 γῆς.
1741 872 1820 939 τῷ

118 950 220 1024 μὲν
239 945 348 1008 οὖν
363 957 645 1052 νομοθέτῃ
674 957 841 1008 τοῦτο
862 952 1030 1023 ῥᾷον·
1071 948 1142 1005 οὗ
1158 947 1269 1021 γὰρ
1297 948 1478 1020 μόνον
1504 944 1716 1019 ἡμίσεις
1745 940 1820 1002 αὖ

118 1038 406 1104 γίγνονται
428 1035 595 1106 νόμοι
614 1037 842 1105 μέτριοι,
861 1033 1008 1089 πολὺ
1039 1029 1092 1088 δ’
1114 1032 1394 1101 ἐλάττους,
1415 1034 1493 1086 ἔτι
1513 1028 1567 1086 δ’
1587 1031 1879 1087 ἐλευθέ-Ι)

120 1135 240 1183 ροις
257 1115 585 1185 ἀνθρώποις
600 1123 814 1188 μᾶλλον
831 1118 1150 1187 πρέποντες.
1172 1118 1569 1186 ναυκληρικῶν
1587 1135 1689 1184 μεν
1709 1134 1817 1184 γαρ

119 1199 213 1251 καὶ
232 1200 549 1268 ἐμπορικῶν
567 1200 659 1255 καὶ
688 1204 1110 1270 καπηλευτικῶν
1137 1198 1230 1253 καὶ
1258 1194 1694 1253 πανδοκεύσεων
1726 1197 1820 1250 καὶ

117 1284 438 1335 τελωνικῶν
456 1281 551 1335 καὶ
584 1286 924 1350 μεταλλειῶν
954 1280 1048 1334 καὶ
1077 1282 1393 1348 δανεισμῶν
1420 1279 1514 1335 καὶ
1547 1275 1820 1333 ἐπιτόκων

117 1357 303 1415 τόκων
320 1361 414 1415 καὶ
431 1359 619 1416 ἄλλων
638 1365 859 1431 μυρίων
876 1359 1147 1415 τοιούτων
1167 1358 1233 1414 τὰ
1259 1358 1436 1414 πολλὰ
1458 1357 1820 1430 ἀπήλλακται,

116 1447 330 1514 χαίρειν
349 1438 538 1506 αὐτοῖς
555 1440 744 1511 εἰπών,
765 1439 796 1497 ὁ
818 1442 946 1514 περὶ
963 1440 1174 1511 ταύτην
1189 1438 1294 1511 τὴν
1305 1439 1472 1496 πόλιν
1490 1445 1820 1512 νομοθέτης,

117 1534 384 1595 γεωργοῖς
400 1522 462 1579 δὲ
488 1525 581 1580 καὶ
604 1529 840 1595 νομεῦσι
871 1525 965 1580 καὶ
999 1529 1415 1594 μελιττουργοῖς
1442 1523 1535 1576 καὶ
1559 1533 1672 1586 τοῖς
1696 1521 1822 1592 περὶ

118 1604 187 1661 τὰ
208 1609 438 1661 τοιαῦτα
467 1609 865 1676 φυλακτηρίοις
891 1626 952 1661 τε
978 1605 1072 1660 καὶ
1099 1604 1411 1669 ἐπιστάταις
1431 1601 1694 1674 ὀργάνων
1713 1623 1812 1658 νο-
1845 1617 1880 1658 Ε

118 1685 434 1757 μοθετήσει,
463 1683 534 1742 τὰ
562 1688 792 1757 μέγιστα
819 1685 926 1758 ἤδη
963 1684 1423 1758 νενομοθετηκὼς
1452 1688 1578 1755 περὶ
1605 1684 1843 1756 γάμους

118 1766 233 1839 ἅμα
250 1770 342 1824 καὶ
355 1768 599 1838 γενέσεις
618 1771 836 1824 παίδων
871 1769 963 1823 καὶ
988 1767 1218 1840 τροφοῖς,
1246 1771 1326 1823 ἔτι
1354 1767 1415 1823 δὲ
1448 1768 1542 1823 καὶ
1572 1770 1822 1830 παιδείας

18 1877 19 1881 ¹
118 1845 308 1920 ἀρχῶν
334 1869 396 1905 τε
414 1848 871 1921 καταστάσειςέν
886 1854 957 1920 τῇ
985 1848 1167 1905 πόλει·
1206 1853 1318 1904 νῦν
1347 1845 1402 1903 δ’
1436 1849 1525 1904 ἐπὶ
1552 1846 1684 1912 τοὺς
1718 1844 1822 1918 τὴν

117 1927 337 2001 τροφὴν
378 1932 473 1987 καὶ
508 1929 643 1987 ὅσοι
688 1932 835 2003 περὶ,
863 1925 1041 2001 αὐτὴν
1082 1928 1295 2003 ταύτην
1339 1933 1823 1986 συνδιαπονοῦσιν

122 2009 430 2081 α’ναγκαεον
442 2013 869 2085 νομοθετοῦντά
888 2014 1004 2068 ἐστι
1033 2016 1351 2085 τρέπεσθαι.
1388 2018 1614 2081 πρῶτον
1630 2010 1698 2082 δὴ
1722 2009 1823 2066 νό-

121 2115 219 2164 μοι
234 2097 486 2150 ἐστωσαν
513 2095 807 2166 λεγόμενοι
835 2094 1086 2165 τοῦνομα
1115 2098 1425 2166 γεωργικοί.
1481 2093 1625 2159 Διὸς
1660 2089 1822 2166 ὁρίου

122 2175 226 2248 μὲν
243 2183 463 2248 πρῶτος
479 2178 652 2249 νόμος
672 2176 768 2234 ὅδε
788 2178 1038 2249 εἰρήσθω
1052 2199 1063 2211 ·
1098 2175 1172 2249 μὴ
1194 2182 1413 2234 κινείτω
1438 2184 1542 2248 γῆς
1566 2174 1693 2248 ὅρια
1714 2197 1823 2247 μη·-

123 2261 234 2325 δεὶς
252 2258 387 2331 μήτε
405 2263 614 2316 οἰκείου
632 2266 866 2317 πολίτου
882 2266 1132 2331 γείτονος
1158 2260 1295 2332 μήτε
1329 2257 1704 2331 ὁμοτέρμονος
1731 2253 1818 2313 ἐπ’

120 2343 373 2412 ἐσχατιᾶς
406 2343 740 2414 κεκτημένος
773 2342 924 2418 ἄλλῳ
963 2345 1102 2417 ξένῳ
1137 2347 1437 2414 γειτονῶν,
1475 2345 1710 2412 νομίσας
1754 2337 1817 2395 τὸ

119 2419 386 2495 τάκίνητα
422 2434 599 2481 κινεῖν
627 2421 854 2496 άληθῶς
881 2428 1048 2480 τοῦτο
1082 2422 1247 2487 εἶναι·
1296 2426 1595 2496 βουλέσθω
1625 2423 1684 2480 δὲ
1713 2427 1821 2488 πᾶς
1849 2439 1938 2485 843

124 2506 325 2573 πέτρον
342 2507 682 2580 ἐπιχειρῆσαι
699 2518 878 2564 κινεῖν
894 2505 999 2563 τὸν
1018 2507 1279 2579 μέγιστον
1297 2506 1470 2564 ἄλλον
1483 2506 1649 2579 [πλὴν
1662 2504 1818 2575 ὅρον]

125 2583 389 2658 μᾶλλὸνῆ
415 2587 654 2662 σμικρὰν
677 2596 848 2650 λίθον
876 2587 1134 2659 ὁρίζοντα
1164 2594 1359 2661 φιλίαν
1386 2610 1445 2645 τε
1475 2590 1567 2645 καὶ
1587 2592 1817 2660 ἔχθραν,

126 2670 364 2735 ἔνθθκθν
380 2668 531 2742 παρὰ
548 2680 720 2730 θεῶν.
753 2680 858 2731 τοῦ
875 2673 979 2746 μὲν
994 2674 1101 2744 γὰρ
1123 2673 1408 2744 ὁμόφυλος
1423 2668 1568 2736 Ζεὺς
1586 2670 1816 2743 μάρτυς,

124 2755 225 2805 τοῦ
247 2748 305 2805 δὲ
325 2754 515 2823 ξένιος,
533 2759 590 2811 οἳ
601 2756 735 2828 μετὰ
755 2759 1013 2828 πολέμων
1041 2762 1156 2812 τῶν
1183 2757 1455 2825 ἐχθίστων
1486 2753 1816 2823 ἐγείρονται·

124 2829 266 2888 καὶὸ
296 2834 398 2903 μὲν
416 2839 663 2903 πεισθεὶς
689 2846 768 2912 τῷ
796 2838 953 2915 νόμῳ
993 2837 1333 2909 ἀναίσθητος
1368 2843 1483 2891 τῶν
1514 2832 1613 2891 ἀπ’
1640 2832 1815 2891 αὐτοῦ
