1976 3172
727 101 1035 150 ΝΟΜΩΝ
1071 95 1149 165 ιβ’.
1665 101 1772 155 409

88 237 260 291 πάλαι
294 238 614 305 τιθέμενον;
654 231 793 304 πρὸς
829 230 935 303 γὰρ
973 235 1036 288 ἓν
1070 237 1280 306 ἔφαμεν
1317 238 1436 291 δεῖν
1472 234 1555 292 ἀεὶ
1591 234 1767 292 πάνθ’

87 316 218 388 ἡμῖν
242 315 310 371 τὰ
328 322 443 371 τῶν
464 314 657 386 νόμων
674 311 935 386 βλέποντ’
967 311 1125 385 εἶναι,
1149 323 1314 373 τοῦτο
1345 315 1397 372 δ’
1429 315 1633 388 ἀρετήν
1662 337 1774 373 που

85 402 507 469 ξυνεχωροῦμεν
524 394 679 453 πάνυ
697 394 886 465 ὄρθιος
903 399 1180 465 λέγεσθαι.

223 483 342 534 ΑΘ.
382 482 513 532 Ναί.

223 565 342 615 KA.
385 557 503 630 Τὴν
522 561 587 614 δέ
598 578 662 629 γε
680 554 884 627 ἀρετὴν
903 559 1130 625 τέτταρα
1149 559 1351 627 ἔθεμέν
1369 577 1494 612 που.

222 646 339 696 ΑΘ.
376 638 541 694 Πάνυ
554 638 659 709 μὲν
677 629 798 691 οὖν.

219 726 338 775 KA.
366 724 533 774 Νοῦν
561 720 624 773 δέ
647 737 713 787 γε
739 715 966 772 πάντων
998 716 1214 773 τούτων
1242 715 1505 789 ἡγεμόνα,
1537 716 1676 790 πρὸς
1705 716 1774 775 ὃν

80 798 146 871 δὴ
169 799 236 855 τά
254 821 313 855 τε
331 798 472 855 ἄλλα
490 798 673 854 πάντα
700 797 795 852 καὶ
817 796 1032 852 τούτων
1049 795 1116 852 τὰ
1135 802 1258 869 τρία
1279 799 1367 853 δεῖ
1378 801 1618 876 βλέπειν.

0 873 5 1002 ,
219 887 338 937 ΑΘ.
368 875 622 935 Κάλλιστῖ
645 880 1064 947 ἐπακολουθεῖς,
1086 870 1386 934 ωΚλεινία.
1407 877 1586 935 καὶτὰ
1606 881 1768 936 λοιποὶ
1814 888 1824 894 “

0 1003 3 1026 ,
78 961 138 1018 δὲ
156 959 577 1028 ξυνακολούθει.
613 964 757 1014 νοῦν
774 957 882 1028 γὰρ
913 955 982 1030 δὴ
1011 959 1418 1031 κυβερνητικὸν
1435 960 1540 1031 μὲν
1562 962 1654 1016 καὶ
1683 965 1770 1016 ἰα-

0 1067 3 1151 *
76 1042 269 1114 τρικὸν
297 1044 392 1098 καὶ
426 1038 795 1112 στρατηγικὸν
829 1047 1058 1112 εἴπομεν
1097 1044 1174 1105 εἰς
1206 1038 1267 1096 τὰ
1305 1043 1367 1096 ἓν
1395 1043 1575 1098 ἐκεῖνο
1604 1036 1664 1097 οἶ
1689 1044 1778 1098 δεῖ

0 1165 3 1187 1
76 1129 318 1195 βλέπειν,
341 1122 443 1178 τὸν
460 1122 522 1178 δὲ
545 1119 836 1178 πολιτικὸν
852 1123 1165 1193 ἐλέγχοντες
1188 1121 1423 1178 ἐνταῦθ’
1454 1125 1622 1194 ἐσμὲν
1640 1127 1768 1191 νῦν,
1797 1131 1832 1172 Β

75 1206 166 1260 καὶ
203 1204 464 1275 καθάπερ
499 1202 813 1274 ἄνθρωπον
849 1206 1304 1275 ἐπανερωτῶντες
1332 1211 1579 1275 εἴποιμεν
1619 1199 1694 1259 div
1727 1195 1774 1258 αἶ

0 1285 2 1322 ³
73 1284 373 1355 θαυμάσιε,
401 1284 474 1340 σύ
504 1286 566 1340 δὲ
593 1283 661 1355 δὴ
691 1295 792 1340 ποτ
814 1295 1064 1351 ouon-§2¹93
1098 1289 1154 1340 τί
1184 1282 1309 1341 ποτ’
1348 1285 1532 1342 ἐκεῖνό
1564 1287 1678 1341 ἐστι
1708 1280 1770 1340 τὰ

71 1366 153 1435 ἓν,
182 1362 216 1420 ὃ
242 1365 312 1436 δὴ
341 1371 532 1434 σαφῶς
557 1361 588 1419 ὁ
618 1365 722 1435 μὲν
755 1364 998 1433 ἰατρικὸς
1026 1369 1162 1430 νοῦς
1197 1369 1305 1436 ἔχει
1332 1365 1584 1437 φράζειν,
1615 1363 1687 1421 σύ
1716 1363 1767 1420 δῖ

75 1444 157 1502 ὢν
183 1445 252 1519 δὴ
281 1449 584 1518 διαφέρων,
619 1442 694 1511 ὦς
719 1450 887 1517 φαίης
917 1444 1007 1515 ἅν,
1040 1446 1270 1502 πάντων
1297 1453 1412 1502 τῶν
1436 1447 1772 1518 ἐμφρόνων,

74 1525 176 1598 οὐχ
201 1528 336 1593 ἕξεις
367 1531 571 1593 sturm
605 1522 644 1597 ἦ
678 1526 752 1582 σύ
779 1547 861 1597 γε,
900 1529 1146 1597 Μέγιλλε
1175 1528 1269 1584 καὶ
1303 1531 1552 1597 Κλεινία,
1588 1532 1773 1598 ἔχετον

75 1612 480 1680 διαρθροῦντες
499 1604 641 1678 ὑπὲρ
659 1604 838 1663 αὐτοῦ
854 1607 1086 1678 φράζειν
1103 1607 1245 1678 πρὸς
1268 1611 1379 1680 ἐμέ,
1400 1613 1456 1664 τί
1479 1611 1617 1664 ποτέ
1633 1628 1774 1680 φατε

74 1687 214 1745 εἶναι
233 1695 418 1761 τοῦτο,
438 1688 698 1761 καθάπερ
716 1686 857 1759 ὑπὲρ
878 1689 1065 1746 αλλων
1084 1688 1194 1761 ε’γώ
1214 1690 1355 1761 πρὸς
1374 1687 1518 1761 ὑμᾶς
1545 1696 1770 1762 συχνῶν
1805 1699 1837 1743 0

77 1769 437 1842 διωριζόμην,

214 1856 332 1907 KA.
374 1847 667 1922 Οὐδαμῶς,
687 1845 732 1906 ω
757 1854 889 1917 ξένε.

199 1938 332 2079 ἕθ.
371 1935 443 1988 Τί
457 1928 511 1987 δ’
534 1930 620 1988 ὅτι
639 1936 728 1987 δεῖ
740 1937 1166 2004 προθυμεῖσθαί
1179 1953 1238 1987 τε
1258 1935 1500 1999 ξυνιδεῖν
1520 1930 1656 1988 αὐτὸ
1678 1932 1771 1989 καὶ

76 2018 139 2071 ἐν
165 2035 197 2069 ο
233 2018 272 2078 '3

217 2099 334 2151 KA.
379 2089 516 2151 Οἷον
535 2096 596 2151 ἐν
612 2097 721 2149 τίσι
738 2097 935 2164 λέγειςς

216 2182 335 2232 ΛΘ.
376 2172 516 2232 Οἷον
544 2172 635 2231 ὅτε
667 2178 896 2246 τέτταρα
917 2175 1202 2247 ἐφήσαμεν
1230 2175 1428 2248 ἀρετῆς
1456 2178 1574 2247 εῖδη
1604 2196 1769 2247 γεγο-

0 2265 3 2313 ὲ
77 2261 249 2327 νέναι,
270 2259 443 2327 δῆλον
472 2254 547 2322 ὥς
571 2258 632 2312 ἓν
660 2258 895 2315 ἕκαστον
926 2255 1146 2330 ἀνάγκη
1174 2259 1367 2330 φάναι,
1399 2258 1677 2329 τεττάρων
1704 2279 1768 2329 γε

77 2358 275 2395 οντων.

217 2422 335 2474 KA.
377 2423 445 2475 Τί
462 2418 601 2491 μήν;

219 2505 337 2558 ΑΘ.
374 2502 485 2557 Καὶ
502 2500 615 2572 μὴν
635 2501 700 2557 ἓν
720 2522 782 2571 γε
801 2499 1020 2556 ἅπαντα
1049 2507 1223 2556 ταῦτα
1255 2498 1763 2571 προσαγορεύομεν

2 2584 4 2619 ἱ
76 2579 343 2650 ἀνδρείαν
357 2579 468 2650 γάρ
486 2601 671 2654 φαμεν
690 2580 895 2654 ἀρετὴν
914 2579 1072 2651 εἶναι,
1093 2582 1183 2636 καὶ
1211 2578 1314 2650 τὴν
1337 2580 1617 2652 φρόνησιν
1634 2580 1765 2651 α’ρε-

75 2661 195 2733 τήν,
222 2664 314 2718 καὶ
348 2661 415 2717 τὰ
449 2661 554 2718 δύο
578 2657 767 2760 τᾶλλα,
796 2662 931 2729 ὦς”
898 2683 1073 2728 οντως
1099 2660 1233 2718 ὄντα
1260 2659 1330 2718 οῦ
1360 2659 1537 2718 πολλα
1554 2659 1672 2718 ἀλλ’
1698 2665 1761 2718 ἓν
1789 2678 1825 2719 Ι)

77 2749 242 2800 τοῦτο
262 2743 439 2815 μόνον
456 2740 672 2816 ἀρετήν.
