1976 3172
261 146 367 198 416
642 174 645 182 ·
863 144 1339 193 ΠΛΑΤΩΝΟΣ

261 277 452 341 ἱκανὸς
488 274 617 346 ὅλης
656 276 894 345 πόλεως,
930 274 1202 348 ὑπηρέτης
1236 277 1290 332 δ’
1330 274 1401 332 ἂν
1435 275 1620 342 ἄλλοις
1657 278 1938 349 ἄρχουσιν.

262 358 404 431 ὁρᾷν
423 355 490 428 δὴ
509 356 689 429 χρεων
707 362 834 426 νῦν,
855 349 901 411 ὦ
917 361 1145 413 Κλεινία
1159 359 1250 413 καὶ
1267 361 1526 428 Μέγιλλε,
1546 356 1652 429 ἤδη
1672 356 1812 430 πρὸς
1829 369 1941 423 τοῖς

262 439 567 510 εἰρημένοις
603 437 797 509 νόμοις
833 435 1057 509 ἅπασιν,
1094 436 1263 503 ὅσους
1302 439 1726 535 διεληλύθαμεν,
1767 443 1816 494 εἰ
1849 442 1940 494 καὶ

259 524 463 574 τοῦτον
490 523 859 587 προσοίσομεν
897 540 972 582 ως
1008 518 1268 588 φυλακὴν
1297 517 1564 589 ἐσόμενον
1592 517 1731 574 κατὰ
1761 518 1940 589 νόμον

261 598 423 671 χάριν
445 603 730 669 σωτηρίας,
752 598 852 654 τὸν
874 602 988 653 τῶν
1005 596 1292 668 ἀρχόντων
1311 599 1645 669 νυκτερινὸν
1664 598 1942 669 σύλλογον

196 696 228 736 Β
260 685 506 744 παιδείας
537 677 746 750 ὁπόσης
785 679 1204 750 διεληλύθαμεν
1233 680 1508 736 κοινωνὸν
1535 680 1865 751 γενόμενον·
1902 701 1937 750 η

261 783 376 825 πως
397 780 670 830 ποιωμεν;
1970 820 1973 821 ⁷

400 845 519 895 KA.
555 837 720 908 Ἀλλ’,
745 862 786 895 ω
811 846 1004 912 λῷστε,
1026 857 1142 903 πως
1161 840 1230 894 οὐ
1252 845 1640 912 προσοίσομεν,
1661 841 1734 896 ἄν
1754 860 1830 911 πῃ
1848 843 1940 896 καὶ

260 921 396 978 κατὰ
416 918 594 992 βραχὺ
615 923 977 990 δυνηθῶμεν;

402 1009 513 1057 ΑΘ.
552 1003 662 1056 Καὶ
678 1023 790 1071 μην
808 1000 948 1072 πρός
966 1021 1028 1070 γε
1046 1001 1108 1055 τὸ
1121 1005 1376 1056 τοιοῦτον
1394 997 1789 1071 ἁμιλληθῶμεν
1804 1001 1938 1056 πάν-

257 1105 359 1148 τες.
397 1080 720 1152 ξυλλήπτωρ
739 1080 846 1151 γὰρ
860 1081 1068 1137 τούτου
1085 1102 1148 1150 γε
1167 1077 1299 1152 ὑμῖν
1317 1082 1408 1136 καὶ
1433 1079 1539 1151 ἐγώ
1558 1085 1851 1153 γιγνοίμην
1871 1077 1942 1136 ὄὶν

258 1163 584 1235 προθύμως,
604 1163 745 1234 πρὸς
764 1162 816 1218 δ’
837 1165 955 1232 ἐμοὶ
979 1164 1070 1218 καὶ
1090 1164 1309 1230 ἑτέρους
1327 1170 1457 1227 ἴσως
1487 1161 1704 1233 εὑρήσω
1725 1161 1815 1217 διὰ
1839 1160 1941 1232 τὴν

259 1248 382 1315 περὶ
401 1243 467 1299 τὰ
488 1241 690 1300 τοιαῦτ’
716 1246 1000 1315 ἐμπειρίαν
1020 1266 1077 1300 τε
1097 1246 1190 1300 καὶ
1209 1248 1403 1310 σκέψιν
1420 1245 1720 1315 γεγονυῖάν
1737 1266 1829 1315 μοι
1849 1246 1940 1299 καὶ

259 1326 406 1397 μάλα
428 1326 658 1396 συχνήν.
695 1350 698 1354 ·
1974 1335 1975 1338 ’

400 1413 518 1463 KA.
554 1405 718 1477 ”,Αλλ
741 1430 782 1462 ω
807 1411 941 1477 ξένε,
963 1406 1170 1472 παντὸς
1186 1407 1290 1477 μὲν
1307 1413 1519 1477 μᾶλλον
1537 1387 1712 1478 ταύτῃ
1732 1426 1938 1504 πορευ-

245 1481 460 1558 ’τέον,
423 1507 563 1559 ῃπερ
591 1491 682 1548 καὶ
707 1485 736 1542 ὁ
769 1485 906 1551 θεὸς
934 1484 1076 1557 ἡμᾶς
1105 1486 1345 1556 σχεδὸν’
1321 1487 1464 1556 άγει·
1503 1492 1583 1561 τίς
1602 1485 1713 1543 δε”
1686 1509 1715 1542 ο
1735 1487 1939 1558 τρόπος

108 1604 114 1606 ἡ
199 1587 230 1629 0
259 1568 390 1641 ἡμῖν
406 1569 735 1640 γιγνόμενος
755 1566 941 1639 ὀρθῶς
960 1567 1189 1638 γίγνοιτ’
1227 1568 1316 1637 ἄν,
1341 1570 1493 1624 τουτὶ
1523 1569 1589 1638 δὴ
1618 1590 1683 1623 τα
1715 1575 1822 1623 νῦν
1849 1573 1940 1624 λε’-

257 1655 442 1722 γωμέν
459 1673 515 1705 τε
533 1652 624 1705 καὶ
646 1653 978 1720 ἐρευνῶμεν.
1974 1707 1976 1723 2

399 1739 516 1790 ΛΘ.
556 1730 757 1787 Οὐκέτι
787 1730 1012 1801 νόμους,
1049 1723 1094 1785 αἶ
1130 1731 1373 1800 Μέγιλλε
1415 1732 1506 1786 καὶ
1540 1735 1784 1800 Κλεινία,
1817 1734 1941 1799 περὶ
1972 1747 1976 1774 ··

178 1876 183 1883 ¹
258 1818 372 1867 τῶν
384 1813 651 1868 τοιούτων
663 1812 908 1867 δυνατόν
926 1814 1038 1867 ἐστι
1055 1819 1401 1883 νομοθετεῖν,
1417 1813 1548 1881 πρὶν
1565 1809 1637 1868 ἂν
1655 1818 1938 1883 κοσμηθῇ“
1974 1807 1976 1810 ’

257 1892 383 1948 τότε
418 1891 481 1947 δὲ
518 1898 748 1961 κυρίους
785 1885 866 1948 οἷν
910 1890 1129 1957 αὐτοὺς
1150 1896 1234 1948 δεῖ
1260 1899 1559 1963 γίγνεσθαι
1595 1900 1938 1963 νομοθετεῖν.

259 1972 397 2029 ἀλλὰ
420 1973 527 2046 ἤδη
557 1973 616 2030 τὸ
648 1973 716 2030 τοὶ
745 1981 973 2030 τοιαῦτα
1002 1975 1413 2041 κατασκευάζον
1437 1972 1627 2045 διδαχὴ
1654 1973 1788 2045 μετὰ
1809 1977 1942 2040 ξυν-

261 2060 451 2119 ουσίας
470 2060 676 2126 πολλῆς
693 2053 926 2126 γίγνοιτ’
949 2054 1037 2126 ἄν,
1060 2060 1110 2111 εἰ
1133 2065 1374 2125 γίγνοιτο
1394 2053 1593 2123 ὀρθῶς.
1974 2064 1976 2066 ’

403 2141 523 2190 ΚΛ.·
558 2142 711 2201 Πῶςς
747 2141 804 2192 τί
816 2143 979 2192 τοῦτο
1001 2142 1258 2209 εἰρῆσθαι
1277 2141 1472 2207 φῶμεν
1490 2129 1590 2199 αὖ,
1577 2159 1588 2170 ·

404 2223 520 2272 ΑΘ.
558 2223 795 2287 Πρωτον
813 2239 915 2288 μεν
939 2216 1008 2288 δή
1041 2236 1152 2272 που
1172 2219 1529 2297 καταλεκτέος
1557 2211 1630 2271 ἂν
1658 2223 1740 2287 εἴη
1770 2216 1943 2270 κατά-

195 2312 231 2352 D
260 2303 422 2366 λογος
450 2319 564 2352 των
595 2297 717 2353 ὅσοι
752 2299 1045 2370 ἐπιτήδειοι
1075 2299 1213 2369 πρὸς
1234 2298 1336 2370 τὴν
1358 2304 1456 2370 τῆς
1484 2305 1736 2369 φυλακῆς
1767 2298 1976 2368 φύσιν

259 2400 332 2432 αν
351 2376 464 2432 εἶεν
486 2375 722 2447 ηλικίαις
750 2399 808 2433 τε
836 2382 928 2434 καὶ
957 2381 1303 2450 μαθημάτων
1322 2380 1592 2450 δυνάμεσι
1611 2382 1702 2434 και
1716 2379 1941 2447 τρόπων
1972 2391 1973 2394 ’

257 2457 425 2529 ἤθεσι
463 2459 557 2513 και
583 2461 763 2513 ἔθεσι·
801 2457 934 2529 μετὰ
971 2459 1030 2513 δε
1060 2465 1242 2528 τοῦτο,
1273 2458 1310 2512 ὁὶ
1338 2463 1426 2513 δεῖ
1450 2459 1778 2529 μανθάνειν,
1809 2456 1938 2514 ούτε
1967 2484 1976 2527 1

260 2536 445 2608 εὑρεῖν
465 2538 664 2612 ράδιον
683 2538 811 2594 οὔτε
838 2538 1136 2609 εὑρηκότος
1165 2538 1339 2595 ἄλλον
1366 2537 1626 2610 μαθητὴν
1655 2540 1932 2609 γενέσθαι.
1966 2547 1968 2550 ’

259 2617 398 2689 πρὸς
417 2618 632 2684 τούτοις
653 2618 713 2676 δὲ
736 2619 990 2718 χρόνους,
1012 2618 1111 2686 οὕς
1136 2642 1195 2677 τε
1223 2622 1366 2682 καὶ’
1341 2643 1403 2676 εν
1427 2616 1507 2686 οἷς
1540 2624 1628 2676 δεῖ
1650 2627 1938 2691 παραλαμ-

257 2699 450 2772 βάνειν
470 2702 686 2771 ἕκαστα,
716 2700 951 2772 μάταιον
978 2700 1134 2758 ταῦτ’
1165 2706 1225 2758 ἐν
1253 2704 1536 2774 γράμμασι
1564 2704 1766 2773 λέγειν·
1805 2699 1937 2758 οὐδὲ

199 2800 231 2840 Ε
261 2803 368 2853 γαρ
387 2780 572 2847 αὐτοῖς
590 2792 701 2847 τοῖς
719 2784 1074 2854 μανθάνουσι
1105 2787 1243 2856 δῆλα
1270 2783 1501 2856 γίγνοιτ’
1534 2783 1624 2856 ἄν,
1654 2783 1691 2840 ὅ-
1716 2805 1766 2859 τι
1796 2785 1936 2855 πρὸς
