1976 3172
700 53 1013 103 Nova
1048 46 1127 117 ιβ.
1643 53 1748 104 401

57 188 263 263 σμικρὰ
293 190 387 246 καὶ
408 186 577 260 ῥᾴδια
605 185 812 258 νόμιμα
830 182 1129 257 εὑρίσκειν,
1160 185 1479 258 πρεσβύτου
1505 187 1751 258 νομοθέ-

62 294 162 329 του
184 268 598 342 παραλιπόντος
617 266 718 323 τὸν
744 269 878 324 νέον
896 263 1263 338 ἀναπληροῦν
1286 267 1389 339 χρὴ
1418 273 1748 341 νομοθέτην.

55 354 125 410 τὰ
153 351 258 424 μὲν
286 354 400 408 tota
438 349 767 421 δικαστήρια
793 348 969 419 ταύτῃ
997 369 1074 420 πῃ
1102 350 1409 425 γιγνόμενα
1440 353 1645 423 μέτρον
1679 347 1752 406 ἀν

56 440 171 504 ἔχοι
184 454 197 466 ·
233 430 302 488 τά
322 433 384 487 δὲ
399 430 640 503 δημόσια
657 431 749 493 καὶ
775 428 936 485 κοινὰ
961 431 1052 485 καὶ
1072 428 1224 495 ὅσοις
1241 428 1413 502 ἀρχὰς
1429 435 1518 488 δεῖ
1539 433 1754 503 χρωμέ-

55 535 159 580 νας
186 510 256 570 τὰ
286 512 644 584 προσήκοντα
671 509 874 581 ἑκάστῃ
903 516 1017 566 τῶν
1046 508 1234 581 ἀρχῶν
1258 515 1506 581 διοικεῖν,
1539 509 1660 567 ἔστ”
1692 514 1753 566 ἐν

55 602 284 660 πολλαῖς
300 594 531 650 πόλεσιν
540 589 949 663 οὖκάσχήμονα
961 594 1218 646 ἐπιεικῶν
1231 589 1458 659 ἀνδρῶν
1469 589 1574 647 οὐκ
1594 587 1754 659 ὀλίγα

58 673 506 745 νομοθετήματα,
545 670 687 728 ὅθεν
719 671 1123 743 νομοφύλακας
1147 669 1251 743 χρὴ
1280 669 1348 725 τὰ
1378 673 1662 742 πρέποντα
1687 675 1753 741 τῇ

54 760 167 810 νῦν
183 755 506 825 γεννωμένῃ
523 757 773 825 πολιτείᾳ
800 751 1228 817 κατασκευάζειν
1248 755 1755 823 συλλογισαμένους
1788 767 1821 808 Β

54 839 148 892 καὶ
181 836 729 905 ἐπανορθουμένους,
756 843 875 897 ταῖς
910 835 1212 903 ἐμπειρίαις
1245 834 1753 904 διαβασανίζοντας,

54 918 160 982 ἕως
177 913 251 972 ἀν
271 919 478 980 ἱκανῶς
494 912 685 971 αὐτῶν
703 915 906 970 ἕκαστα
926 913 1061 985 δόξῃ
1087 921 1327 984 κεῖσθαι,
1358 912 1481 968 τότε
1511 915 1572 968 δὲ
1599 913 1755 979 τέλος

58 999 371 1067 ἐπιθέντας,
409 994 644 1068 ἀκίνητα
675 994 855 1060 οὕτως
885 995 1481 1067 ἐπισφραγισαμένους,
1513 999 1755 1066 χρῆσθαι

56 1079 159 1134 τὰν
180 1076 401 1133 ἅπαντα
419 1082 561 1149 βίον.
582 1075 703 1132 ὅσα
722 1075 782 1132 δὲ
811 1082 943 1148 περί
970 1096 1029 1131 τε
1056 1075 1219 1147 σιγὴν
1245 1078 1523 1131 δικαστῶν
1539 1076 1633 1131 καὶ
1657 1072 1756 1130 εὐ·-

58 1165 267 1231 φημίας
292 1161 385 1216 καὶ
412 1157 763 1229 τούναντίον,
794 1159 887 1214 καὶ
917 1154 1023 1213 ὅσα
1050 1157 1420 1230 παραλλάττει
1449 1161 1565 1212 τῶν
1596 1162 1755 1226 [πολ-

59 1247 194 1310 λῶν]
221 1242 284 1297 ἐν
300 1251 418 1306 ταῖς
446 1239 637 1305 ἄλλαις
666 1239 862 1295 πόλεσι
890 1243 1122 1296 δικαίων
1150 1240 1243 1295 καὶ
1270 1236 1525 1310 ἀγαθῶν,
1554 1235 1623 1294 τὰ
1653 1240 1756 1309 μὲν

57 1328 286 1392 εἴρηται,
304 1319 373 1376 τά
394 1320 446 1376 δ’
468 1325 548 1376 ἔτι
575 1318 719 1391 πρὸς
735 1325 815 1390 τῷ
832 1323 974 1376 τέλει
993 1321 1319 1392 ῥηθήσεται·
1357 1319 1498 1390 πρὸς
1517 1315 1553 1374 δι’
1572 1318 1771 1375 πάντα
1790 1325 1821 1369 C

57 1403 159 1472 χρὴ
179 1400 282 1458 τὸν
299 1403 573 1473 μέλλοντα
597 1399 863 1472 δικαστὴν
885 1409 1012 1457 ἴσον
1028 1405 1259 1456 ἔσεσθαι
1275 1398 1417 1455 κατὰ
1438 1403 1600 1471 δίκην
1625 1402 1756 1472 βλέ-

59 1502 185 1538 πειν
210 1503 269 1537 τε
289 1484 382 1537 καὶ
399 1486 738 1553 κεκτημένον
755 1480 1052 1552 γράμματα
1071 1480 1261 1537 αὐτῶν
1278 1480 1404 1553 πέρι
1421 1481 1750 1551 μανθάνειν.

61 1563 291 1619 πάντων
307 1561 415 1633 γάρ
434 1562 784 1634 μαθημάτων
802 1561 1118 1631 κυριώτατα
1146 1567 1248 1617 τοῦ
1266 1560 1367 1616 τὸν
1387 1560 1756 1631 μανθάνοντα

59 1649 258 1717 βελτίω
278 1650 574 1716 γίγνεσθαι
592 1643 659 1699 τὰ
689 1646 815 1715 περὶ
833 1641 964 1709 τούς
983 1642 1193 1714 νόμους
1219 1648 1462 1713 κείμενα,
1493 1640 1569 1714 [ἃ]
1600 1650 1754 1712 εἴπερ

21 1739 27 1742 “
61 1723 253 1796 ὀρθῶς
286 1734 369 1797 εἴη
406 1727 661 1795 τεθέντα,
698 1723 931 1796 γίγνοιτ’
971 1724 1060 1796 άν,
1098 1720 1135 1796 ἢ
1172 1722 1355 1795 μάτην
1388 1722 1639 1795 τοῦνομα
1672 1729 1756 1778 νῶ

59 1814 349 1880 προσῆκον
368 1805 589 1880 κεκτῇτ’
608 1803 682 1864 ἀν
699 1805 729 1863 ὁ
752 1815 908 1872 θεῖος
924 1805 1058 1879 ἡμῖν
1087 1807 1177 1862 καὶ
1202 1805 1528 1877 θαυμαστὸς
1556 1805 1752 1877 νόμος·

59 1893 155 1947 καὶ
173 1890 241 1964 δὴ
261 1892 355 1949 καὶ
372 1898 487 1948 τῶν
506 1890 694 1948 ἄλλων
718 1890 903 1961 λόγων
922 1887 1046 1945 οσοι
1061 1910 1119 1944 τε
1139 1890 1200 1944 ἐν
1218 1888 1520 1959 ποιήμασιν
1538 1891 1756 1944 ἔπαινοι
1825 1895 1827 1897 ’

62 1975 157 2030 καὶ
174 1974 342 2046 ψόγοι
362 1977 496 2044 περί
506 1994 678 2029 τινων
696 1975 949 2043 λέγονται
978 1973 1070 2027 καὶ
1088 1968 1211 2026 ὅσοι
1227 1970 1631 2042 καταλογάδην,
1662 1968 1750 2026 εἴτ’
1785 1982 1820 2023 D

59 2059 127 2112 ἐν
139 2056 459 2128 γράμμασιν
477 2063 585 2112 εἴτε
596 2054 725 2112 καθ’
745 2052 956 2127 ἡμέραν
975 2055 1038 2109 ἐν
1056 2063 1173 2118 ταῖς
1196 2051 1386 2117 ἄλλαις
1405 2052 1606 2118 πάσαις
1624 2068 1754 2108 συν·

62 2142 295 2208 ουσίαις,
327 2136 417 2193 διά
449 2140 790 2207 φιλονεικίας
815 2157 874 2191 τε
892 2132 1372 2207 ἀμφισβητοῦνται
1394 2136 1488 2190 καὶ
1507 2134 1599 2190 διά
1621 2137 1755 2205 ξυγ-

60 2218 361 2290 χωρήσεων
389 2221 540 2275 ἔστιν
574 2215 667 2274 ὅτε
696 2220 789 2274 καὶ
816 2216 965 2289 μάλα
990 2220 1256 2287 ματαίων,
1286 2215 1502 2271 τούτων
1527 2214 1756 2272 πάντων

62 2295 139 2355 ἀν
154 2298 400 2371 βάσανος
424 2307 507 2371 εἴη
529 2297 712 2372 σαφὴς
729 2298 796 2355 τά
814 2304 918 2356 τοῦ
945 2300 1261 2369 νομοθέτου
1277 2295 1571 2368 γράμματα
1583 2318 1594 2330 ·
1618 2295 1655 2354 ‹32
1673 2301 1760 2353 δεῖ

61 2381 402 2452 κεκτημένον
429 2382 492 2437 ἐν
514 2378 664 2455 αὑτῶ
692 2381 950 2449 καθάπερ
981 2377 1401 2451 ἀλεξιφάρμακα
1428 2383 1543 2435 τῶν
1571 2378 1756 2435 ἄλλων

67 2459 253 2530 λόγων
270 2462 372 2517 τὸν
389 2459 614 2532 ἀγαθὸν
633 2460 899 2534 δικαστὴν
909 2459 1083 2518 αὑτόν
1101 2482 1160 2516 τε
1180 2457 1399 2530 ὀρθοῦν
1417 2462 1509 2515 καὶ
1527 2458 1631 2530 τὴν
1649 2459 1756 2514 πό-

66 2550 175 2609 λιν,
205 2550 318 2605 τοῖς
346 2541 449 2612 μὲν
476 2540 711 2614 ἀγαθοῖς
735 2542 910 2616 μονὰς
936 2549 1049 2599 τῶν
1071 2545 1301 2597 δικαίων
1331 2541 1423 2595 καὶ
1452 2539 1758 2613 ἐπαύξησιν

67 2621 574 2695 παρασκευάζοντα,
594 2636 705 2691 τοῖς
723 2625 783 2682 δὲ
801 2635 991 2689 κακοῖς
1009 2625 1065 2688 ἐξ
1083 2621 1325 2694 ἀμαθίας
1344 2623 1434 2677 καὶ
1458 2619 1756 2686 ἀκολασίας
1790 2640 1822 2679 Ε

70 2708 385 2828 'caym-lave
402 2706 492 2761 καὶ
521 2708 834 2781 ξυλλήβδην
864 2705 1044 2777 πάσης
1074 2702 1288 2770 ἀδικίας
1315 2707 1392 2769 εἰς
1420 2723 1561 2831 rgo
1516 2700 1760 2760 δυνατὸν

179 2797 298 2829 LATO
