1976 3172
771 134 1090 185 ΝΟΜΩΝ
1117 128 1187 182 θ’.
1673 130 1777 195 311

35 312 37 314 -
90 278 251 346 δίκην
265 271 542 345 ἡττηθείς,
561 271 714 337 ξένος
729 269 833 340 μὲν
850 287 934 322 ων
949 266 1042 322 καὶ
1058 265 1133 339 μὴ
1161 267 1432 337 ξύνοικος,
1453 267 1556 323 δύο
1574 271 1666 339 ἔτη
1686 270 1779 323 δε·-

34 397 35 400 ,
91 357 362 426 δεμένος’
334 356 590 412 εκτινέτω
608 349 820 422 ταύτην
836 345 1015 419 αὐτὴν
1034 345 1139 418 τὴν
1168 351 1348 421 δίκην,
1379 347 1409 404 ὁ
1441 350 1500 407 δὲ
1527 348 1779 422 μέτοικός

89 458 149 493 τε
167 459 249 494 ων
266 440 358 494 καὶ
377 435 634 493 ἀπειθῶν
650 443 764 498 τοῖς
781 428 973 501 νόμοις
1000 433 1125 499 τρια
1155 433 1247 501 ἔτη
1277 433 1548 501 δεδέσθω,
1577 429 1677 488 ἐὰν
1703 428 1779 502 μὴ

88 517 152 575 τὸ
173 517 532 591 δικαστήριον
549 518 803 577 πλείονος
821 508 977 566 αὐτω
1001 510 1211 582 χρόνου
1238 511 1440 585 τιμήσῃ
1466 511 1570 583 τὴν
1602 516 1778 584 δίκην.
1809 522 1846 562 D

29 658 31 665 ,
88 599 412 671 ζημιούσθω
445 597 504 655 δὲ
533 591 681 654 καὶ,ε
653 617 684 652 ο
711 592 1167 664 παραγενόμενος
1194 587 1413 667 ὁτῳοῦν
1443 592 1659 648 τούτων
1687 596 1780 650 καὶ

87 679 162 751 μὴ
194 679 484 753 βοηθήσας
510 675 651 735 κατὰ
680 674 878 746 νόμον,
907 673 937 731 ὁ
964 672 1068 746 μὲν
1094 679 1360 746 μεγίστου
1379 673 1679 747 τιμήματος
1698 697 1780 731 ων

86 767 231 834 μνᾷ,
267 763 532 831 δευτέρου
569 757 628 815 δὲ
664 780 747 814 ων
785 757 1131 828 πεντήκοντα
1165 760 1455 828 δραχμαῖς,
1490 761 1681 827 τρίτου
1720 755 1780 813 δὲ

25 881 28 898 2
84 840 401 912 τριάκοντα,
420 849 596 897 εἴκοσι
615 838 676 897 δὲ
691 844 795 896 τοῦ
814 838 1109 910 τετάρτου·
1146 831 1504 911 ’δικαστήριον
1523 836 1583 893 δὲ
1601 841 1778 910 γιγνέ-

88 930 214 980 σθω
236 933 350 988 τοῖς
367 922 670 978 τοιούτοισι
687 919 984 991 στρατηγοὶ
1002 921 1094 975 καὶ
1112 922 1390 1037 ταξίαρχοι
1419 920 1702 991 φύλαρχοί
1722 939 1782 975 τε

68 1007 180 1062 ’καὶ
195 1007 476 1074 ἵππαρχοι.

227 1089 379 1142 xvu,
417 1083 606 1156 Νόμοι
622 1086 699 1154 δέ,
721 1079 795 1148 ὥς
821 1086 1018 1154 ἔοικεν,
1040 1086 1099 1139 οἱ
1120 1083 1224 1154 μὲν
1253 1087 1367 1139 τῶν
1391 1088 1648 1155 χρηστῶν
1677 1080 1781 1139 ἆν-

87 1166 340 1237 &oniam
355 1168 522 1223 ἕνεκα
538 1174 843 1237 γίγνονται,
865 1167 1087 1236 διδαχῆς
1106 1165 1269 1237 χάριν
1286 1171 1390 1221 τοῦ
1416 1170 1540 1222 τίνα
1567 1164 1782 1233 τρόπον

89 1243 415 1317 ὁμιλοῦντες
441 1245 702 1319 ἀλλήλοις
738 1242 813 1313 ἂν
842 1246 1202 1318 φιλοφρόνως
1230 1252 1455 1319 οἰκοῖεν,
1482 1244 1633 1303 οῖ’δὲ
1667 1252 1782 1304 τῶν
1811 1256 1844 1308 Ε,

86 1328 191 1401 τὴν
226 1333 495 1394 παιδείαν,
529 1329 950 1401 διαφυγόντων,
993 1327 1295 1400 ἀτεράμονι
1336 1332 1642 1401 χρωμένων
1674 1331 1784 1386 τινὶ

86 1411 258 1482 φύσει
291 1413 385 1467 καὶ
418 1409 594 1482 μηδὲν
632 1411 996 1481 τεγχθέντων,
1035 1409 1177 1466 ὥστε
1211 1408 1286 1481 μὴ
1326 1409 1431 1467 οὐκ
1468 1413 1557 1467 ἐπὶ
1594 1416 1784 1468 πᾶσαν

86 1493 228 1551 ἰέναι
255 1492 451 1565 κάκην.
507 1483 664 1548 οὗτοι
697 1489 831 1558 τούς
859 1494 1160 1563 μέλλοντας
1190 1491 1396 1562 λόγους
1427 1492 1783 1564 ῥηθήσεσθαι

32 1576 44 1583 “
87 1574 447 1646 πεποιηκότες
466 1570 540 1630 ἂν
559 1572 696 1630 εἷεν·
727 1567 808 1638 οἷς
827 1570 894 1644 δὴ
914 1571 1047 1638 τούς
1063 1572 1274 1644 νόμους
1291 1574 1346 1639 ἐξ
1366 1571 1612 1646 άνάγκης
1630 1571 1660 1630 ὁ
1682 1596 1783 1630 νο-

14 1678 17 1703 1
85 1658 327 1728 μοθέτης
339 1677 413 1712 αν
424 1662 741 1725 νομοθετοῖ,
754 1654 1097 1726 βουλόμενος
1107 1675 1297 1711 αυτων
1307 1658 1579 1730 μηδέποτε
1591 1659 1783 1727 χρείαν

86 1745 397 1810 γίγνεσθαι.
437 1735 646 1806 πατρὸς
663 1732 772 1806 γαρ
791 1731 830 1807 ἦ
846 1735 1054 1807 μητρὸς
1069 1731 1107 1807 ἢ
1127 1736 1346 1794 τούτων
1376 1741 1455 1794 ἔτι
1482 1737 1783 1808 προγόνων

86 1819 238 1886 ὅστις
254 1818 516 1891 τολμήσει
528 1816 789 1884 ἅψασθαί
807 1838 941 1875 ποτε
957 1808 1283 1891 βιαζόμενος
1310 1823 1462 1893 αἰκία
1489 1824 1615 1891 τινί,
1645 1818 1782 1892 μήτε

24 1911 34 1919 “
84 1922 201 1958 των
216 1922 336 1957 ανω
357 1904 543 1966 δείσας
566 1905 723 1956 θεων
740 1904 911 1971 μῆνιν
935 1899 1072 1972 μήτε
1104 1922 1220 1957 των
1245 1897 1356 1959 ὑπὸ
1375 1906 1477 1972 γῆς
1503 1921 1782 1972 τιμωριων

84 1986 422 2056 λεγομένων,
442 1979 586 2041 ἄλλα
605 2004 682 2048 ως
699 1974 912 2048 είδως
888 2006 923 2039 α
950 1986 1214 2055 μηδαμῶς
1239 1981 1372 2055 οἶδε,
1403 2004 1779 2054 καταφρονων
1808 1997 1897 2044 881

85 2072 203 2123 τόν
235 2069 490 2121 παλαιῶν
525 2065 618 2120 καὶ
658 2060 769 2120 ὑπὸ
806 2064 1036 2120 πάντων
1077 2068 1412 2138 εἰρημένων,
1452 2076 1797 2138 παρανομεῖ,

48 2146 71 2160 ’
83 2146 265 2218 τούτῳ
287 2148 377 2201 δεῖ
385 2142 536 2211 τινὸς
553 2142 873 2218 ἀποτροπῆς
890 2146 1132 2218 ἐσχάτης.
1162 2147 1411 2214 θάνατος
1428 2149 1532 2219 μὲν
1549 2140 1656 2204 οὖν
1674 2169 1781 2204 ουκ

84 2233 238 2285 ἔστιν
267 2233 516 2299 ἔσχατον,
547 2231 606 2284 οἱ
624 2229 684 2285 δὲ
713 2230 776 2284 έν
796 2226 993 2285 ’Ἅιδου
1019 2228 1262 2287 τούτοισι
1294 2229 1587 2302 λεγόμενοι
1613 2229 1782 2286 πόνοι

83 2314 164 2368 ἔτι
182 2332 241 2367 τε
258 2309 476 2367 τούτων
495 2312 599 2368 εἰσὶ
615 2316 829 2383 μᾶλλον
847 2314 910 2369 ἐν
924 2311 1187 2384 ἐσχάτοις,
1206 2313 1298 2370 καὶ
1317 2310 1668 2385 ἀληθέστατα
1689 2314 1782 2370 λέ·-

0 2407 1 2420 ’
82 2414 277 2464 γοντες
294 2390 466 2451 οὐδὲν
483 2392 756 2451 ἀνύτουσι
773 2407 890 2461 ταῖς
905 2396 1187 2463 τοιαύταις
1206 2406 1406 2468 ψυχαῖς
1434 2394 1753 2468 ἀποτροπῆς
1765 2418 1778 2430 ·

85 2472 158 2532 οὗ
184 2473 293 2545 γὰρ
322 2469 396 2532 ἄν
421 2476 708 2547 ἐγίγνοντό
737 2498 871 2536 ποτε
888 2485 1220 2552 μητραλοῖαί
1241 2501 1300 2536 τε
1328 2481 1420 2535 καὶ
1449 2484 1565 2536 ταῖν
1592 2477 1780 2535 ἄλλων

87 2554 439 2628 γεννητόρων
466 2554 684 2615 ἀνόσιοι
712 2566 944 2632 πληγων
977 2561 1327 2632 τόλμαι·δεῖ
1354 2560 1421 2633 δὴ
1443 2559 1542 2626 τὰς
1571 2559 1778 2616 ἐνθάδε

87 2633 344 2703 κολάσεις
370 2639 495 2709 περὶ
524 2662 592 2698 τα
621 2645 851 2698 τοιαῦτα
876 2641 1123 2699 τούτοισι
1147 2643 1245 2707 τὰς
1274 2644 1334 2698 ἐν
1368 2646 1447 2716 τῷ
1481 2647 1578 2713 ζῇν
1604 2641 1780 2714 μηδὲν
1809 2662 1842 2703 13

87 2737 204 2772 των
221 2719 285 2774 ἐν
305 2715 500 2775 ’Ἅιδου
516 2726 806 2780 λείπεσθαι
823 2746 964 2794 κατα
986 2723 1242 2794 δύναμιν.
1283 2726 1421 2779 ἔστω
1452 2722 1520 2794 δὴ
1547 2722 1781 2794 λεγόμε-

87 2819 193 2854 νον
212 2799 274 2855 τὸ
291 2798 427 2871 μετὰ
444 2806 606 2861 τοῦτο
625 2808 781 2878 τῇδε·
819 2803 883 2873 ὃς
897 2827 972 2862 αν
1001 2804 1250 2877 τολμήσῃ
1269 2807 1474 2877 πατέρα
1503 2800 1540 2875 ἦ
1569 2806 1777 2876 μητέρα
