1976 3172
749 132 1070 181 ΝοΜῼΝ
1099 127 1159 196 β.
1497 113 1506 115 ’
1720 92 1798 187 51]

7 268 11 277 ’
103 269 195 324 καὶ
214 269 414 339 λόγοις.
453 271 504 323 εἰ
527 265 578 322 δ’
602 258 708 320 οὖν
725 264 868 336 ἄλλῃ
885 284 963 336 πῃ
990 267 1147 319 δοκεῖ
1163 262 1199 334 ἢ
1227 263 1418 337 ταύτῃ,
1447 265 1588 335 πρὸς
1616 275 1788 341 ταῦτα

9 360 11 385 ἵ
104 348 288 417 οὐδεὶς
311 350 531 421 φθόνος
549 346 960 420 ἀμφισβητῆσαι
977 353 1057 420 τῷ
1073 345 1239 418 λόγῳ.

244 440 364 490 ΚΛ.
390 429 536 488 Ἀλλ’
567 429 640 486 οὔ
655 451 751 501 μοι
771 435 1026 501 φαίνεται
1053 428 1195 502 πρός
1222 450 1285 499 γε
1312 435 1486 485 ταῦτα
1505 432 1789 491 δύνασθαι
1823 442 1857 484 Β

101 513 261 587 ἡμῶν
279 512 698 589 ἀμφισβητῆσαί
709 510 832 568 ποτ’
853 535 926 568 αν
951 509 1257 582 οὐδέτερος.
1606 563 1609 569 ,,

233 602 359 652 ΑΘ.
406 593 481 651 Τὸ
502 595 637 667 μετὰ
656 602 821 651 τοῦτο
840 596 1036 651 τοίνυν
1057 594 1194 666 ε’μόν
1212 591 1286 670 οἶν
1304 603 1387 666 εἴη
1407 599 1603 665 λέγειν.
1648 598 1789 666 φημὶ

98 699 208 750 γαρ
245 676 494 741 ἅπαντας
532 681 651 733 δεῖν
661 667 905 750 ἐπᾴδειν
933 688 1077 749 τρεῖς
1104 674 1268 742 ὄντας
1302 674 1434 742 τούς
1470 676 1673 748 χοροὺς
1710 681 1789 732 ἔτι

99 762 250 824 νέαις
286 756 481 823 οὔσαις
510 770 629 824 ταῖς
659 770 859 831 ψυχαῖς
893 760 986 815 καὶ
1022 756 1260 825 ἁπαλαῖς
1296 765 1412 814 τῶν
1446 760 1682 828 παίδων,
1719 758 1787 814 τά

97 863 157 897 τε
176 839 318 898 αλλα
346 839 490 897 καλὰ
516 845 779 912 λέγοντας
805 839 1006 912 πάντα,
1038 838 1141 896 ὅσα
1169 840 1578 912 διεληλύθαμέν
1605 861 1665 896 τε
1695 842 1787 895 καὶ

98 927 178 979 ἔτι
198 925 520 995 διέλθοιμεν
546 922 637 996 ἄν,
665 923 727 981 τὸ
767 923 828 981 δὲ
855 924 1170 997 κεφάλαιον
1198 922 1385 980 αὐτῶν
1418 929 1605 979 τοῦτο·
1618 928 1782 979 ἔστω·

96 1003 198 1061 τὸν
234 1002 409 1073 αὐτὸν
442 1003 674 1076 ἥδιστόν
711 1028 772 1062 τε
808 1009 901 1063 καὶ
936 1005 1165 1075 ἄριστον
1198 1003 1307 1061 ὑπὸ
1345 1011 1500 1061 θεῶν
1527 1010 1655 1076 βίον
1691 1007 1786 1060 λε’-

13 1123 15 1162 3
98 1094 301 1155 γεσθαι
331 1086 642 1157 φάσκοντες
672 1086 1018 1159 ἀληθέστατα
1045 1091 1285 1158 ἐροῦμεν
1313 1087 1426 1157 ἅμα
1457 1089 1781 1157 καὶμᾶλλον
1821 1099 1852 1141 G

99 1173 364 1239 πείσομεν
381 1164 481 1234 οὓς
501 1172 590 1225 δεῖ
598 1174 835 1239 πείθειν,
864 1167 901 1241 ἦ
921 1167 1020 1225 ἐὰν
1046 1169 1225 1234 ἄλλως
1255 1189 1371 1233 πως
1399 1169 1786 1240 φθεγγώμεθα

46 1302 50 1306 .
97 1250 363 1319 λέγοντες.

15 1336 17 1347 “
235 1334 354 1385 ΚΛ.
392 1331 800 1399 Συγχωρητέον
819 1330 856 1384 ἃ
874 1331 1063 1399 λέγεις.

236 1415 355 1466 ΑΘ.
390 1414 629 1481 Πρῶτον
646 1410 751 1481 μὲν
770 1416 964 1466 τοίνυν
982 1407 1012 1465 ὁ
1030 1416 1286 1466 Μουσῶν
1303 1409 1469 1482 χορὸς·
1487 1408 1516 1466 ὁ
1533 1410 1785 1476 παιδικὸς

16 1501 45 1551 ’,
94 1489 360 1562 ὀρθότατ’
386 1487 460 1547 ἂν
478 1496 637 1548 εἰσίοι
656 1499 873 1562 πρῶτος
889 1491 957 1549 τὰ
976 1498 1206 1549 τοιαῦτα
1236 1491 1403 1559 εἰς,τὸ
1440 1495 1613 1563 μέσον
1645 1491 1785 1567 ᾀσό-
1884 1544 1887 1546 .

16 1612 19 1644 3
95 1593 265 1644 μενος
297 1571 488 1646 ἁπάσῃ
523 1580 741 1648 σπουδῇ
779 1578 871 1631 καὶ
909 1574 1012 1648 ὅλῃ
1047 1583 1117 1649 τῇ
1152 1575 1330 1647 πόλει,
1363 1575 1622 1646 δεύτερος
1650 1573 1710 1630 δὲ
1754 1574 1782 1630 ὁ

94 1658 253 1726 μέχρι
271 1654 567 1725 τριάκοντα
585 1659 743 1729 ἐτῶν,
762 1658 865 1714 τόν
881 1680 941 1714 τε
958 1665 1180 1715 Παιᾶνα
1201 1658 1634 1730 ἐπικαλούμενος
1651 1656 1785 1728 μάρ-

93 1759 236 1806 τυρα
252 1743 368 1793 τῶν
385 1740 703 1809 λεγομένων
730 1738 997 1813 ἀληθείας
1024 1743 1151 1812 πέρι
1179 1744 1272 1798 καὶ
1298 1753 1414 1807 τοῖς
1439 1742 1588 1806 νέοις
1615 1742 1786 1796 ἵλεων

30 1872 34 1875 .
81 1819 230 1892 μετὰ
259 1827 495 1886 πευθοῦς
523 1826 817 1892 γίγνεσθαι
851 1823 1235 1897 ἐπευχόμενος,
1266 1828 1353 1880 δεῖ
1385 1826 1444 1880 δὲ
1475 1821 1543 1894 δὴ
1573 1824 1666 1878 καὶ
1701 1825 1779 1877 ἔτι
1806 1829 1840 1868 D

91 1907 313 1971 τρίτους
329 1902 461 1969 τούς
478 1901 620 1977 ὑπὲρ
639 1905 938 1978 τριάκοντα
965 1910 1057 1978 ἔτη
1078 1909 1234 1978 μέχρι
1259 1913 1374 1962 τῶν
1402 1904 1664 1976 ἑξήκοντα
1690 1924 1787 1973 γε-

92 1985 329 2052 γονότας
345 1983 528 2059 ᾅδειν·
565 1985 700 2052 τοὺς
734 1988 795 2043 δὲ
822 1986 956 2058 μετὰ
986 1993 1180 2058 ταῦτα,
1211 1985 1282 2043 οὐ
1310 1984 1418 2057 γὰρ
1449 1990 1526 2042 ἔτι
1556 1986 1786 2041 δυνατοὶ

94 2067 287 2135 φέρειν
305 2065 469 2140 ᾠδάς,
486 2068 846 2139 μυθολόγους
857 2070 983 2140 περὶ
994 2076 1106 2125 τῶν
1127 2066 1315 2125 αὐτῶν
1333 2066 1496 2140 ἠθῶν
1516 2065 1608 2122 διὰ
1627 2070 1787 2130 θείας

20 2191 22 2195 -
95 2147 281 2220 φήμης
297 2157 742 2222 καταλελεῖφθαι.

234 2235 353 2286 ΚΛ.
387 2233 582 2302 Λέγεις
608 2235 686 2302 δέ,
721 2227 768 2288 αἶ
797 2236 934 2303 ξένε,
968 2239 1121 2298 τίνας
1156 2232 1390 2299 τούτους
1417 2231 1549 2297 τούς
1581 2228 1785 2303 χορούς

22 2376 24 2383 y
91 2310 226 2378 τούς
234 2316 480 2382 τρίτους;
504 2313 574 2369 οὐ
591 2313 699 2385 γὰρ
719 2314 871 2371 πάνυ
883 2318 1139 2386 ξυνίεμεν
1157 2321 1367 2386 σαφῶς,
1381 2312 1417 2370 δ’
1433 2319 1490 2369 τί
1503 2333 1637 2369 ποτε
1653 2310 1783 2384 βού-

23 2419 25 2430 ¹
93 2402 176 2450 λει
196 2394 427 2466 φράζειν
444 2393 632 2453 αὐτῶν
650 2400 791 2465 πέρι.
894 2459 899 2466 ,

233 2483 349 2534 ΑΘ.
394 2479 499 2535 Καὶ
517 2476 631 2551 μὴν
655 2483 765 2535 εἰσί
783 2501 847 2551 γε
877 2471 1032 2535 οὗτοι
1052 2477 1252 2550 σχεδὸν
1273 2471 1353 2535 ῶν
1370 2476 1534 2549 χάριν
1555 2480 1612 2532 οἰ
1626 2481 1784 2532 πλεῖ-

96 2576 216 2614 στοι
233 2566 345 2617 τῶν
362 2565 685 2633 ἔμπροσθεν
701 2561 1025 2635 ἐρρήθησαν
1047 2562 1247 2633 λόγων.

233 2646 356 2699 ΚΑ.
395 2643 571 2701 Ουπω
581 2646 1004 2718 μεμαθηκαμεν,
1018 2643 1143 2702 αλλ
1163 2649 1242 2702 ἔτι
1254 2626 1598 2729 σαφέστερον
1611 2648 1780 2713 πειρῶ
1812 2643 1844 2683 Ε

97 2724 343 2795 φράζειν.

241 2811 320 2862 IX.
360 2814 476 2864 Ao.
511 2814 842 2882 Εἰπομεν,εί
857 2811 1206 2883 μεμνήμεθα,
1227 2809 1349 2867 κάτ
1372 2829 1542 2932 gezone
1557 2811 1670 2862 τῶν
1687 2804 1787 2862 λό-
