<?xml version="1.0" encoding="UTF-8"?>
<!DOCTYPE html PUBLIC "-//W3C//DTD XHTML 1.0 Transitional//EN"
    "http://www.w3.org/TR/xhtml1/DTD/xhtml1-transitional.dtd">
<html xmlns="http://www.w3.org/1999/xhtml" xml:lang="en" lang="en">
 <head>
  <title>
</title>
<meta http-equiv="Content-Type" content="text/html;charset=utf-8" />
  <meta name='ocr-system' content='tesseract 3.04.00' />
  <meta name='ocr-capabilities' content='ocr_page ocr_carea ocr_par ocr_line ocrx_word'/>
</head>
<body>
  <div class='ocr_page' id='page_1' title='image "./dialogisecumdumt05platuoft_0324.png"; bbox 0 0 1976 3172; ppageno 0'>
   <div class='ocr_carea' id='block_1_1' title="bbox 264 165 1364 235">
    <p class='ocr_par' dir='ltr' id='par_1_1' title="bbox 264 165 1364 235">
     <span class='ocr_line' id='line_1_1' title="bbox 264 165 1364 235; baseline -0.005 -17"><span class='ocrx_word' id='word_1_1' title='bbox 264 166 370 218; x_wconf 81' lang='lat'><strong><em>292</em></strong></span> <span class='ocrx_word' id='word_1_2' title='bbox 559 234 562 235; x_wconf 15' lang='lat'><em>⁷</em></span> <span class='ocrx_word' id='word_1_3' title='bbox 887 166 1062 213; x_wconf 81' lang='lat' dir='ltr'><strong><em>HAA</em></strong></span> <span class='ocrx_word' id='word_1_4' title='bbox 1081 165 1364 213; x_wconf 67' lang='lat' dir='ltr'><strong><em>Tszzvoz</em></strong></span> 
     </span>
    </p>
   </div>
   <div class='ocr_carea' id='block_1_2' title="bbox 134 293 1958 2904">
    <p class='ocr_par' dir='ltr' id='par_1_2' title="bbox 263 293 1954 373">
     <span class='ocr_line' id='line_1_2' title="bbox 263 293 1954 373; baseline 0.001 -18"><span class='ocrx_word' id='word_1_5' title='bbox 263 300 418 373; x_wconf 75' lang='grc' dir='ltr'><strong><em>γάνῳ</em></strong></span> <span class='ocrx_word' id='word_1_6' title='bbox 434 296 470 371; x_wconf 74' lang='grc' dir='ltr'><strong><em>ἦ</em></strong></span> <span class='ocrx_word' id='word_1_7' title='bbox 488 300 636 370; x_wconf 87' lang='grc' dir='ltr'><strong><em>βέλει</em></strong></span> <span class='ocrx_word' id='word_1_8' title='bbox 653 296 688 372; x_wconf 77' lang='grc' dir='ltr'><em>ἢ</em></span> <span class='ocrx_word' id='word_1_9' title='bbox 709 293 1012 371; x_wconf 73' lang='grc' dir='ltr'><strong><em>πώματοςῆ</em></strong></span> <span class='ocrx_word' id='word_1_10' title='bbox 1031 303 1192 354; x_wconf 88' lang='grc' dir='ltr'><strong><em>σίτου</em></strong></span> <span class='ocrx_word' id='word_1_11' title='bbox 1207 298 1364 354; x_wconf 81' lang='grc' dir='ltr'><em>δόσει</em></span> <span class='ocrx_word' id='word_1_12' title='bbox 1380 297 1416 370; x_wconf 79' lang='grc' dir='ltr'><em>ἢ</em></span> <span class='ocrx_word' id='word_1_13' title='bbox 1436 298 1613 368; x_wconf 84' lang='grc' dir='ltr'><strong><em>πυρὸς</em></strong></span> <span class='ocrx_word' id='word_1_14' title='bbox 1628 296 1666 370; x_wconf 76' lang='grc' dir='ltr'><em>ἢ</em></span> <span class='ocrx_word' id='word_1_15' title='bbox 1686 307 1954 371; x_wconf 73' lang='grc' dir='ltr'><strong><em>χειμῶνος</em></strong></span> 
     </span>
    </p>

    <p class='ocr_par' dir='ltr' id='par_1_3' title="bbox 203 373 1958 1023">
     <span class='ocr_line' id='line_1_3' title="bbox 203 373 1955 454; baseline 0 -17"><span class='ocrx_word' id='word_1_16' title='bbox 203 402 235 443; x_wconf 89' lang='lat' dir='ltr'>c</span> <span class='ocrx_word' id='word_1_17' title='bbox 264 386 552 454; x_wconf 81' lang='grc' dir='ltr'><strong><em>προσβολῇ</em></strong></span> <span class='ocrx_word' id='word_1_18' title='bbox 569 377 606 452; x_wconf 78' lang='grc' dir='ltr'><em>ἢ</em></span> <span class='ocrx_word' id='word_1_19' title='bbox 626 381 877 453; x_wconf 79' lang='grc' dir='ltr'><em>στερήσει</em></span> <span class='ocrx_word' id='word_1_20' title='bbox 890 380 1221 451; x_wconf 83' lang='grc' dir='ltr'><strong><em>πνεύματος,</em></strong></span> <span class='ocrx_word' id='word_1_21' title='bbox 1236 377 1403 445; x_wconf 82' lang='grc' dir='ltr'><strong><em>αὐτὸς</em></strong></span> <span class='ocrx_word' id='word_1_22' title='bbox 1420 387 1498 453; x_wconf 75' lang='grc' dir='ltr'><strong><em>τῷ</em></strong></span> <span class='ocrx_word' id='word_1_23' title='bbox 1519 373 1723 436; x_wconf 73' lang='grc' dir='ltr'><strong><em>ἑαυτοῦ</em></strong></span> <span class='ocrx_word' id='word_1_24' title='bbox 1742 381 1955 452; x_wconf 74' lang='grc' dir='ltr'><strong><em>σώματι</em></strong></span> 
     </span>
     <span class='ocr_line' id='line_1_4' title="bbox 262 459 1952 533; baseline 0 -16"><span class='ocrx_word' id='word_1_25' title='bbox 262 459 300 533; x_wconf 80' lang='grc' dir='ltr'><strong><em>ἦ</em></strong></span> <span class='ocrx_word' id='word_1_26' title='bbox 336 460 410 517; x_wconf 84' lang='grc' dir='ltr'><strong><em>δι’</em></strong></span> <span class='ocrx_word' id='word_1_27' title='bbox 451 462 655 532; x_wconf 79' lang='grc' dir='ltr'><strong><em>ἑτέρων</em></strong></span> <span class='ocrx_word' id='word_1_28' title='bbox 689 462 980 533; x_wconf 85' lang='grc' dir='ltr'><strong><em>σωμάτων,</em></strong></span> <span class='ocrx_word' id='word_1_29' title='bbox 1015 461 1235 526; x_wconf 90' lang='grc' dir='ltr'><strong><em>πάντως</em></strong></span> <span class='ocrx_word' id='word_1_30' title='bbox 1260 466 1399 517; x_wconf 81' lang='grc' dir='ltr'><strong><em>ἔστω</em></strong></span> <span class='ocrx_word' id='word_1_31' title='bbox 1433 463 1536 532; x_wconf 80' lang='grc' dir='ltr'><strong><em>μὲν</em></strong></span> <span class='ocrx_word' id='word_1_32' title='bbox 1568 459 1640 527; x_wconf 81' lang='grc' dir='ltr'><strong><em>ὡς</em></strong></span> <span class='ocrx_word' id='word_1_33' title='bbox 1677 459 1952 533; x_wconf 80' lang='grc' dir='ltr'><strong><em>αὐτόχειρ,</em></strong></span> 
     </span>
     <span class='ocr_line' id='line_1_5' title="bbox 263 543 1955 616; baseline 0.001 -17"><span class='ocrx_word' id='word_1_34' title='bbox 263 548 421 609; x_wconf 89' lang='grc' dir='ltr'><strong><em>δίκας</em></strong></span> <span class='ocrx_word' id='word_1_35' title='bbox 438 543 498 600; x_wconf 72' lang='grc' dir='ltr'><strong><em>δὲ</em></strong></span> <span class='ocrx_word' id='word_1_36' title='bbox 525 547 716 600; x_wconf 81' lang='grc' dir='ltr'><strong><em>τινέτω</em></strong></span> <span class='ocrx_word' id='word_1_37' title='bbox 735 543 1108 610; x_wconf 75' lang='grc' dir='ltr'><strong><em>ταςτοιάσδε·</em></strong></span> <span class='ocrx_word' id='word_1_38' title='bbox 1146 543 1244 600; x_wconf 81' lang='grc' dir='ltr'><strong><em>ἐὰν</em></strong></span> <span class='ocrx_word' id='word_1_39' title='bbox 1270 544 1373 615; x_wconf 74' lang='grc' dir='ltr'><strong><em>μὲν</em></strong></span> <span class='ocrx_word' id='word_1_40' title='bbox 1401 547 1609 599; x_wconf 85' lang='grc' dir='ltr'><strong><em>δοῦλον</em></strong></span> <span class='ocrx_word' id='word_1_41' title='bbox 1637 548 1825 616; x_wconf 82' lang='grc' dir='ltr'><strong><em>κτείνῃ</em></strong></span> <span class='ocrx_word' id='word_1_42' title='bbox 1854 566 1955 600; x_wconf 92' lang='grc' dir='ltr'><strong><em>νο-</em></strong></span> 
     </span>
     <span class='ocr_line' id='line_1_6' title="bbox 262 625 1955 698; baseline 0 -16"><span class='ocrx_word' id='word_1_43' title='bbox 262 630 434 698; x_wconf 84' lang='grc' dir='ltr'><em>μίζων</em></span> <span class='ocrx_word' id='word_1_44' title='bbox 468 626 569 682; x_wconf 91' lang='grc' dir='ltr'><strong><em>τὸν</em></strong></span> <span class='ocrx_word' id='word_1_45' title='bbox 607 628 812 683; x_wconf 80' lang='grc' dir='ltr'><strong><em>ἑαυτοῦ</em></strong></span> <span class='ocrx_word' id='word_1_46' title='bbox 849 626 1220 697; x_wconf 79' lang='grc' dir='ltr'><em>διειργάσθαι,</em></span> <span class='ocrx_word' id='word_1_47' title='bbox 1259 625 1361 682; x_wconf 80' lang='grc' dir='ltr'><strong><em>τὸν</em></strong></span> <span class='ocrx_word' id='word_1_48' title='bbox 1388 632 1492 682; x_wconf 86' lang='grc' dir='ltr'><strong><em>τοῦ</em></strong></span> <span class='ocrx_word' id='word_1_49' title='bbox 1526 626 1955 697; x_wconf 83' lang='grc' dir='ltr'><strong><em>τελευτήσαντος</em></strong></span> 
     </span>
     <span class='ocr_line' id='line_1_7' title="bbox 263 703 1954 780; baseline -0.001 -17"><span class='ocrx_word' id='word_1_50' title='bbox 263 707 541 779; x_wconf 77' lang='grc' dir='ltr'><strong><em>δεσπότην</em></strong></span> <span class='ocrx_word' id='word_1_51' title='bbox 561 705 777 780; x_wconf 80' lang='grc' dir='ltr'><em>ἀβλαβῆ</em></span> <span class='ocrx_word' id='word_1_52' title='bbox 794 711 1070 778; x_wconf 85' lang='grc' dir='ltr'><strong><em>παρεχέτω</em></strong></span> <span class='ocrx_word' id='word_1_53' title='bbox 1089 710 1182 763; x_wconf 85' lang='grc' dir='ltr'><strong><em>καὶ</em></strong></span> <span class='ocrx_word' id='word_1_54' title='bbox 1209 705 1456 779; x_wconf 79' lang='grc' dir='ltr'><strong><em>ἀζήμιον,</em></strong></span> <span class='ocrx_word' id='word_1_55' title='bbox 1486 703 1526 778; x_wconf 77' lang='grc' dir='ltr'><strong><em>ἦ</em></strong></span> <span class='ocrx_word' id='word_1_56' title='bbox 1551 710 1713 779; x_wconf 89' lang='grc' dir='ltr'><strong><em>δίκην</em></strong></span> <span class='ocrx_word' id='word_1_57' title='bbox 1744 712 1821 772; x_wconf 84' lang='grc' dir='ltr'><strong><em>εἰς</em></strong></span> <span class='ocrx_word' id='word_1_58' title='bbox 1850 707 1954 778; x_wconf 82' lang='grc' dir='ltr'><strong><em>τὴν</em></strong></span> 
     </span>
     <span class='ocr_line' id='line_1_8' title="bbox 264 787 1958 860; baseline -0.001 -17"><span class='ocrx_word' id='word_1_59' title='bbox 264 789 425 854; x_wconf 82' lang='grc' dir='ltr'><strong><em>άξίαν</em></strong></span> <span class='ocrx_word' id='word_1_60' title='bbox 444 795 548 843; x_wconf 80' lang='grc' dir='ltr'><strong><em>τοῦ</em></strong></span> <span class='ocrx_word' id='word_1_61' title='bbox 566 789 995 860; x_wconf 87' lang='grc' dir='ltr'><strong><em>τελευτήσαντος</em></strong></span> <span class='ocrx_word' id='word_1_62' title='bbox 1013 788 1254 860; x_wconf 80' lang='grc' dir='ltr'><strong><em>ὑπεχέτω</em></strong></span> <span class='ocrx_word' id='word_1_63' title='bbox 1274 793 1475 860; x_wconf 84' lang='grc' dir='ltr'><strong><em>διπλῆν</em></strong></span> <span class='ocrx_word' id='word_1_64' title='bbox 1487 810 1498 822; x_wconf 88' lang='grc'><em>·</em></span> <span class='ocrx_word' id='word_1_65' title='bbox 1536 795 1632 860; x_wconf 83' lang='grc' dir='ltr'><strong><em>τῆς</em></strong></span> <span class='ocrx_word' id='word_1_66' title='bbox 1651 788 1712 844; x_wconf 78' lang='grc' dir='ltr'><strong><em>δὲ</em></strong></span> <span class='ocrx_word' id='word_1_67' title='bbox 1727 787 1881 854; x_wconf 76' lang='grc' dir='ltr'><strong><em>ἀξίας</em></strong></span> <span class='ocrx_word' id='word_1_68' title='bbox 1901 791 1958 842; x_wconf 76' lang='grc' dir='ltr'><strong><em>οὗ</em></strong></span> 
     </span>
     <span class='ocr_line' id='line_1_9' title="bbox 240 869 1954 941; baseline -0.001 -17"><span class='ocrx_word' id='word_1_69' title='bbox 240 869 514 924; x_wconf 51' lang='grc' dir='ltr'><strong><em>’δικασταὶ</em></strong></span> <span class='ocrx_word' id='word_1_70' title='bbox 534 869 839 938; x_wconf 88' lang='grc' dir='ltr'><strong><em>διάγνωσιν</em></strong></span> <span class='ocrx_word' id='word_1_71' title='bbox 869 875 1275 925; x_wconf 83' lang='grc' dir='ltr'><em>ποιείσθωσαν·</em></span> <span class='ocrx_word' id='word_1_72' title='bbox 1312 879 1624 941; x_wconf 75' lang='grc' dir='ltr'><strong><em>καθαρμοῖς</em></strong></span> <span class='ocrx_word' id='word_1_73' title='bbox 1653 873 1712 926; x_wconf 81' lang='grc' dir='ltr'><strong><em>δὲ</em></strong></span> <span class='ocrx_word' id='word_1_74' title='bbox 1744 870 1954 941; x_wconf 88' lang='grc' dir='ltr'><strong><em>χρήσα-</em></strong></span> 
     </span>
     <span class='ocr_line' id='line_1_10' title="bbox 262 946 1955 1023; baseline -0.001 -16"><span class='ocrx_word' id='word_1_75' title='bbox 262 959 398 1008; x_wconf 90' lang='grc' dir='ltr'><strong><em>σθαι</em></strong></span> <span class='ocrx_word' id='word_1_76' title='bbox 417 955 626 1023; x_wconf 82' lang='grc' dir='ltr'><strong><em>μείζοσί</em></strong></span> <span class='ocrx_word' id='word_1_77' title='bbox 638 971 697 1007; x_wconf 90' lang='grc' dir='ltr'><strong><em>τε</em></strong></span> <span class='ocrx_word' id='word_1_78' title='bbox 715 952 809 1007; x_wconf 87' lang='grc' dir='ltr'><strong><em>καὶ</em></strong></span> <span class='ocrx_word' id='word_1_79' title='bbox 827 956 1041 1008; x_wconf 90' lang='grc' dir='ltr'><strong><em>πλείοσι</em></strong></span> <span class='ocrx_word' id='word_1_80' title='bbox 1059 973 1172 1007; x_wconf 92' lang='grc' dir='ltr'><strong><em>των</em></strong></span> <span class='ocrx_word' id='word_1_81' title='bbox 1190 954 1314 1020; x_wconf 86' lang='grc' dir='ltr'><strong><em>περὶ</em></strong></span> <span class='ocrx_word' id='word_1_82' title='bbox 1332 951 1399 1006; x_wconf 81' lang='grc' dir='ltr'><strong><em>τὰ</em></strong></span> <span class='ocrx_word' id='word_1_83' title='bbox 1417 946 1567 1008; x_wconf 76' lang='grc' dir='ltr'><strong><em>ἆθλα</em></strong></span> <span class='ocrx_word' id='word_1_84' title='bbox 1586 950 1955 1009; x_wconf 80' lang='grc' dir='ltr'><strong><em>ἀποκτεινάν-</em></strong></span> 
     </span>
    </p>

    <p class='ocr_par' dir='ltr' id='par_1_4' title="bbox 134 1028 1956 2904">
     <span class='ocr_line' id='line_1_11' title="bbox 195 1028 1956 1115; baseline -0.004 -22"><span class='ocrx_word' id='word_1_85' title='bbox 195 1051 232 1093; x_wconf 88' lang='lat' dir='ltr'>D</span> <span class='ocrx_word' id='word_1_86' title='bbox 264 1054 400 1089; x_wconf 89' lang='grc' dir='ltr'><strong><em>των·</em></strong></span> <span class='ocrx_word' id='word_1_87' title='bbox 438 1032 654 1089; x_wconf 90' lang='grc' dir='ltr'><strong><em>τούτων</em></strong></span> <span class='ocrx_word' id='word_1_88' title='bbox 692 1031 741 1088; x_wconf 90' lang='grc' dir='ltr'><strong><em>δ’</em></strong></span> <span class='ocrx_word' id='word_1_89' title='bbox 782 1032 1042 1105; x_wconf 80' lang='grc' dir='ltr'><strong><em>ἐξηγητὰς</em></strong></span> <span class='ocrx_word' id='word_1_90' title='bbox 1079 1031 1219 1088; x_wconf 84' lang='grc' dir='ltr'><strong><em>εἶναι</em></strong></span> <span class='ocrx_word' id='word_1_91' title='bbox 1254 1037 1484 1115; x_wconf 80' lang='grc' dir='ltr'><strong><em>κυρίους</em></strong></span> <span class='ocrx_word' id='word_1_92' title='bbox 1521 1030 1620 1097; x_wconf 82' lang='grc' dir='ltr'><strong><em>οὓς</em></strong></span> <span class='ocrx_word' id='word_1_93' title='bbox 1649 1028 1722 1086; x_wconf 73' lang='grc' dir='ltr'><strong><em>ἄν</em></strong></span> <span class='ocrx_word' id='word_1_94' title='bbox 1757 1028 1787 1087; x_wconf 87' lang='grc' dir='ltr'><strong>ὁ</strong></span> <span class='ocrx_word' id='word_1_95' title='bbox 1821 1033 1956 1097; x_wconf 82' lang='grc' dir='ltr'><strong><em>θεὸς</em></strong></span> 
     </span>
     <span class='ocr_line' id='line_1_12' title="bbox 261 1102 1954 1187; baseline -0.002 -16"><span class='ocrx_word' id='word_1_96' title='bbox 261 1113 453 1187; x_wconf 78' lang='grc' dir='ltr'><strong><em>ἀνέλῃ·</em></strong></span> <span class='ocrx_word' id='word_1_97' title='bbox 475 1114 575 1171; x_wconf 79' lang='grc' dir='ltr'><strong><em>ἐὰν</em></strong></span> <span class='ocrx_word' id='word_1_98' title='bbox 591 1113 651 1170; x_wconf 92' lang='grc' dir='ltr'><strong><em>δε</em></strong></span> <span class='ocrx_word' id='word_1_99' title='bbox 666 1113 843 1170; x_wconf 84' lang='grc' dir='ltr'><strong><em>αὑτοῦ</em></strong></span> <span class='ocrx_word' id='word_1_100' title='bbox 863 1118 1090 1186; x_wconf 80' lang='grc' dir='ltr'><strong><em>δοῦλον,</em></strong></span> <span class='ocrx_word' id='word_1_101' title='bbox 1111 1102 1504 1187; x_wconf 80' lang='grc' dir='ltr'><strong><em>καθηράμενος</em></strong></span> <span class='ocrx_word' id='word_1_102' title='bbox 1522 1112 1954 1169; x_wconf 80' lang='grc' dir='ltr'><strong><em>ἀπαλλαττέσθω</em></strong></span> 
     </span>
     <span class='ocr_line' id='line_1_13' title="bbox 259 1193 1953 1269; baseline -0.001 -17"><span class='ocrx_word' id='word_1_103' title='bbox 259 1203 362 1253; x_wconf 82' lang='grc' dir='ltr'><strong><em>τοῦ</em></strong></span> <span class='ocrx_word' id='word_1_104' title='bbox 382 1196 566 1268; x_wconf 93' lang='grc' dir='ltr'><strong><em>φόνου</em></strong></span> <span class='ocrx_word' id='word_1_105' title='bbox 585 1196 725 1253; x_wconf 80' lang='grc' dir='ltr'><strong><em>κατὰ</em></strong></span> <span class='ocrx_word' id='word_1_106' title='bbox 746 1197 940 1269; x_wconf 93' lang='grc' dir='ltr'><strong><em>νόμον.</em></strong></span> <span class='ocrx_word' id='word_1_107' title='bbox 977 1195 1077 1253; x_wconf 78' lang='grc' dir='ltr'><strong><em>ἐὰν</em></strong></span> <span class='ocrx_word' id='word_1_108' title='bbox 1099 1199 1164 1253; x_wconf 89' lang='grc' dir='ltr'><strong><em>δέ</em></strong></span> <span class='ocrx_word' id='word_1_109' title='bbox 1186 1219 1266 1263; x_wconf 89' lang='grc' dir='ltr'><strong><em>τις</em></strong></span> <span class='ocrx_word' id='word_1_110' title='bbox 1293 1195 1653 1268; x_wconf 76' lang='grc' dir='ltr'><strong><em>έλεύθερον’</em></strong></span> <span class='ocrx_word' id='word_1_111' title='bbox 1628 1197 1783 1253; x_wconf 90' lang='grc' dir='ltr'><strong><em>α’κων</em></strong></span> <span class='ocrx_word' id='word_1_112' title='bbox 1812 1193 1953 1251; x_wconf 85' lang='grc' dir='ltr'><strong><em>άπο-</em></strong></span> 
     </span>
     <span class='ocr_line' id='line_1_14' title="bbox 259 1276 1952 1352; baseline -0.002 -18"><span class='ocrx_word' id='word_1_113' title='bbox 259 1284 464 1352; x_wconf 74' lang='grc' dir='ltr'><strong><em>κτείνῃ,</em></strong></span> <span class='ocrx_word' id='word_1_114' title='bbox 485 1279 618 1344; x_wconf 82' lang='grc' dir='ltr'><strong><em>τοὺς</em></strong></span> <span class='ocrx_word' id='word_1_115' title='bbox 637 1279 741 1349; x_wconf 74' lang='grc' dir='ltr'><strong><em>μὲν</em></strong></span> <span class='ocrx_word' id='word_1_116' title='bbox 759 1277 1090 1350; x_wconf 80' lang='grc' dir='ltr'><strong><em>καθαρμοὺς</em></strong></span> <span class='ocrx_word' id='word_1_117' title='bbox 1116 1276 1248 1344; x_wconf 78' lang='grc' dir='ltr'><strong><em>τοὺς</em></strong></span> <span class='ocrx_word' id='word_1_118' title='bbox 1266 1278 1470 1344; x_wconf 81' lang='grc' dir='ltr'><strong><em>αὐτοὺς</em></strong></span> <span class='ocrx_word' id='word_1_119' title='bbox 1497 1277 1847 1349; x_wconf 80' lang='grc' dir='ltr'><strong><em>καθαρθήτω</em></strong></span> <span class='ocrx_word' id='word_1_120' title='bbox 1876 1284 1952 1350; x_wconf 78' lang='grc' dir='ltr'><strong><em>τῷ</em></strong></span> 
     </span>
     <span class='ocr_line' id='line_1_15' title="bbox 259 1358 1953 1431; baseline -0.003 -14"><span class='ocrx_word' id='word_1_121' title='bbox 259 1362 359 1417; x_wconf 85' lang='grc' dir='ltr'><strong><em>τὸν</em></strong></span> <span class='ocrx_word' id='word_1_122' title='bbox 385 1365 592 1417; x_wconf 84' lang='grc' dir='ltr'><strong><em>δοῦλον</em></strong></span> <span class='ocrx_word' id='word_1_123' title='bbox 623 1358 1026 1431; x_wconf 77' lang='grc' dir='ltr'><strong><em>ἀποκτείναντι,</em></strong></span> <span class='ocrx_word' id='word_1_124' title='bbox 1057 1359 1301 1416; x_wconf 85' lang='grc' dir='ltr'><strong><em>παλαιὸν</em></strong></span> <span class='ocrx_word' id='word_1_125' title='bbox 1325 1362 1389 1416; x_wconf 92' lang='grc' dir='ltr'><strong><em>δέ</em></strong></span> <span class='ocrx_word' id='word_1_126' title='bbox 1412 1382 1536 1416; x_wconf 91' lang='grc' dir='ltr'><strong><em>τινα</em></strong></span> <span class='ocrx_word' id='word_1_127' title='bbox 1568 1365 1683 1416; x_wconf 76' lang='grc' dir='ltr'><strong><em>τῶν</em></strong></span> <span class='ocrx_word' id='word_1_128' title='bbox 1709 1358 1953 1430; x_wconf 78' lang='grc' dir='ltr'><strong><em>ἀρχαίων</em></strong></span> 
     </span>
     <span class='ocr_line' id='line_1_16' title="bbox 258 1437 1952 1513; baseline -0.002 -17"><span class='ocrx_word' id='word_1_129' title='bbox 258 1442 464 1513; x_wconf 85' lang='grc' dir='ltr'><strong><em>μύθων</em></strong></span> <span class='ocrx_word' id='word_1_130' title='bbox 485 1441 791 1512; x_wconf 86' lang='grc' dir='ltr'><strong><em>λεγόμενον</em></strong></span> <span class='ocrx_word' id='word_1_131' title='bbox 808 1441 880 1512; x_wconf 76' lang='grc' dir='ltr'><strong><em>μὴ</em></strong></span> <span class='ocrx_word' id='word_1_132' title='bbox 904 1440 1215 1512; x_wconf 74' lang='grc' dir='ltr'><strong><em>ἀτιμαζέτω.</em></strong></span> <span class='ocrx_word' id='word_1_133' title='bbox 1259 1444 1473 1511; x_wconf 86' lang='grc' dir='ltr'><strong><em>λέγεται</em></strong></span> <span class='ocrx_word' id='word_1_134' title='bbox 1493 1443 1571 1509; x_wconf 91' lang='grc' dir='ltr'><strong><em>δέ,</em></strong></span> <span class='ocrx_word' id='word_1_135' title='bbox 1603 1438 1677 1505; x_wconf 79' lang='grc' dir='ltr'><strong><em>ὦς</em></strong></span> <span class='ocrx_word' id='word_1_136' title='bbox 1705 1437 1735 1494; x_wconf 89' lang='grc' dir='ltr'>ὁ</span> <span class='ocrx_word' id='word_1_137' title='bbox 1765 1447 1952 1494; x_wconf 90' lang='grc' dir='ltr'><strong><em>θανα-</em></strong></span> 
     </span>
     <span class='ocr_line' id='line_1_17' title="bbox 256 1520 1948 1595; baseline -0.003 -15"><span class='ocrx_word' id='word_1_138' title='bbox 256 1527 456 1588; x_wconf 83' lang='grc' dir='ltr'><strong><em>τωθεὶς</em></strong></span> <span class='ocrx_word' id='word_1_139' title='bbox 490 1523 599 1595; x_wconf 71' lang='grc' dir='ltr'><strong><em>ἄρα</em></strong></span> <span class='ocrx_word' id='word_1_140' title='bbox 635 1529 846 1595; x_wconf 87' lang='grc' dir='ltr'><strong><em>βιαίως,</em></strong></span> <span class='ocrx_word' id='word_1_141' title='bbox 885 1525 946 1578; x_wconf 90' lang='grc' dir='ltr'><strong><em>έν</em></strong></span> <span class='ocrx_word' id='word_1_142' title='bbox 977 1526 1253 1595; x_wconf 80' lang='grc' dir='ltr'><strong><em>ἐλευθέρῳ</em></strong></span> <span class='ocrx_word' id='word_1_143' title='bbox 1292 1522 1609 1593; x_wconf 85' lang='grc' dir='ltr'><strong><em>φρονήματι</em></strong></span> <span class='ocrx_word' id='word_1_144' title='bbox 1649 1520 1948 1592; x_wconf 67' lang='grc' dir='ltr'><strong><em>βεβιωκώς,</em></strong></span> 
     </span>
     <span class='ocr_line' id='line_1_18' title="bbox 196 1603 1951 1679; baseline -0.003 -15"><span class='ocrx_word' id='word_1_145' title='bbox 196 1624 233 1666; x_wconf 87' lang='grc' dir='ltr'><strong>Ε</strong></span> <span class='ocrx_word' id='word_1_146' title='bbox 262 1612 549 1678; x_wconf 85' lang='grc' dir='ltr'><strong><em>θυμοῦταί</em></strong></span> <span class='ocrx_word' id='word_1_147' title='bbox 561 1627 620 1661; x_wconf 90' lang='grc' dir='ltr'><strong><em>τε</em></strong></span> <span class='ocrx_word' id='word_1_148' title='bbox 637 1612 715 1679; x_wconf 75' lang='grc' dir='ltr'><strong><em>τῷ</em></strong></span> <span class='ocrx_word' id='word_1_149' title='bbox 734 1606 1001 1674; x_wconf 89' lang='grc' dir='ltr'><strong><em>δράσαντι</em></strong></span> <span class='ocrx_word' id='word_1_150' title='bbox 1018 1603 1261 1676; x_wconf 82' lang='grc' dir='ltr'><strong><em>νεοθνὴς</em></strong></span> <span class='ocrx_word' id='word_1_151' title='bbox 1281 1603 1377 1675; x_wconf 80' lang='grc' dir='ltr'><strong><em>ὤν,</em></strong></span> <span class='ocrx_word' id='word_1_152' title='bbox 1404 1607 1497 1659; x_wconf 77' lang='grc' dir='ltr'><strong><em>καὶ</em></strong></span> <span class='ocrx_word' id='word_1_153' title='bbox 1524 1603 1710 1674; x_wconf 89' lang='grc' dir='ltr'><strong><em>φόβου</em></strong></span> <span class='ocrx_word' id='word_1_154' title='bbox 1729 1604 1819 1659; x_wconf 81' lang='grc' dir='ltr'><strong><em>καὶ</em></strong></span> <span class='ocrx_word' id='word_1_155' title='bbox 1840 1607 1951 1658; x_wconf 89' lang='grc' dir='ltr'><strong><em>δεί-</em></strong></span> 
     </span>
     <span class='ocr_line' id='line_1_19' title="bbox 237 1684 1946 1760; baseline -0.002 -16"><span class='ocrx_word' id='word_1_156' title='bbox 237 1709 424 1760; x_wconf 83' lang='grc' dir='ltr'><strong><em>ματος</em></strong></span> <span class='ocrx_word' id='word_1_157' title='bbox 453 1686 566 1759; x_wconf 77' lang='grc' dir='ltr'><strong><em>ἅμα</em></strong></span> <span class='ocrx_word' id='word_1_158' title='bbox 598 1686 685 1742; x_wconf 76' lang='grc' dir='ltr'><strong><em>διὰ</em></strong></span> <span class='ocrx_word' id='word_1_159' title='bbox 712 1685 815 1757; x_wconf 80' lang='grc' dir='ltr'><strong><em>τὴν</em></strong></span> <span class='ocrx_word' id='word_1_160' title='bbox 850 1692 1034 1758; x_wconf 84' lang='grc' dir='ltr'><strong><em>βίαιον</em></strong></span> <span class='ocrx_word' id='word_1_161' title='bbox 1067 1687 1262 1758; x_wconf 80' lang='grc' dir='ltr'><strong><em>πάθην</em></strong></span> <span class='ocrx_word' id='word_1_162' title='bbox 1299 1684 1467 1751; x_wconf 81' lang='grc' dir='ltr'><strong><em>αὐτὸς</em></strong></span> <span class='ocrx_word' id='word_1_163' title='bbox 1501 1688 1946 1758; x_wconf 81' lang='grc' dir='ltr'><strong><em>πεπληρωμένος,</em></strong></span> 
     </span>
     <span class='ocr_line' id='line_1_20' title="bbox 255 1766 1951 1841; baseline -0.003 -14"><span class='ocrx_word' id='word_1_164' title='bbox 255 1768 407 1841; x_wconf 77' lang='grc' dir='ltr'><strong><em>ὁρῶν</em></strong></span> <span class='ocrx_word' id='word_1_165' title='bbox 425 1791 483 1825; x_wconf 91' lang='grc' dir='ltr'><strong><em>τε</em></strong></span> <span class='ocrx_word' id='word_1_166' title='bbox 502 1769 602 1825; x_wconf 85' lang='grc' dir='ltr'><strong><em>τὸν</em></strong></span> <span class='ocrx_word' id='word_1_167' title='bbox 629 1770 835 1825; x_wconf 82' lang='grc' dir='ltr'><strong><em>ἑαυτοῦ</em></strong></span> <span class='ocrx_word' id='word_1_168' title='bbox 854 1771 1032 1840; x_wconf 86' lang='grc' dir='ltr'><strong><em>φονέα</em></strong></span> <span class='ocrx_word' id='word_1_169' title='bbox 1057 1771 1119 1824; x_wconf 83' lang='grc' dir='ltr'><strong><em>ἐν</em></strong></span> <span class='ocrx_word' id='word_1_170' title='bbox 1148 1766 1261 1833; x_wconf 78' lang='grc' dir='ltr'><strong><em>τοῖς</em></strong></span> <span class='ocrx_word' id='word_1_171' title='bbox 1294 1767 1461 1840; x_wconf 87' lang='grc' dir='ltr'><em>ἤθεσι</em></span> <span class='ocrx_word' id='word_1_172' title='bbox 1488 1780 1600 1833; x_wconf 82' lang='grc' dir='ltr'><strong><em>τοῖς</em></strong></span> <span class='ocrx_word' id='word_1_173' title='bbox 1622 1774 1718 1838; x_wconf 81' lang='grc' dir='ltr'><strong><em>τῆς</em></strong></span> <span class='ocrx_word' id='word_1_174' title='bbox 1747 1768 1951 1823; x_wconf 80' lang='grc' dir='ltr'><strong><em>ἑαυτοῦ</em></strong></span> 
     </span>
     <span class='ocr_line' id='line_1_21' title="bbox 255 1848 1945 1923; baseline -0.003 -15"><span class='ocrx_word' id='word_1_175' title='bbox 255 1858 559 1923; x_wconf 78' lang='grc' dir='ltr'><strong><em>συνηθείας</em></strong></span> <span class='ocrx_word' id='word_1_176' title='bbox 581 1848 1074 1922; x_wconf 79' lang='grc' dir='ltr'><strong><em>ἀναστρεφόμενον</em></strong></span> <span class='ocrx_word' id='word_1_177' title='bbox 1105 1855 1388 1922; x_wconf 89' lang='grc' dir='ltr'><strong><em>δειμαίνει,</em></strong></span> <span class='ocrx_word' id='word_1_178' title='bbox 1419 1851 1512 1906; x_wconf 87' lang='grc' dir='ltr'><strong><em>καὶ</em></strong></span> <span class='ocrx_word' id='word_1_179' title='bbox 1543 1849 1945 1919; x_wconf 87' lang='grc' dir='ltr'><strong><em>ταραττόμενος</em></strong></span> 
     </span>
     <span class='ocr_line' id='line_1_22' title="bbox 254 1929 1944 2006; baseline -0.002 -17"><span class='ocrx_word' id='word_1_180' title='bbox 254 1930 423 1999; x_wconf 79' lang='grc' dir='ltr'><strong><em>αὐτὸς</em></strong></span> <span class='ocrx_word' id='word_1_181' title='bbox 439 1932 692 2006; x_wconf 80' lang='grc' dir='ltr'><strong><em>ταράττει</em></strong></span> <span class='ocrx_word' id='word_1_182' title='bbox 709 1931 849 1988; x_wconf 75' lang='grc' dir='ltr'><strong><em>κατὰ</em></strong></span> <span class='ocrx_word' id='word_1_183' title='bbox 869 1932 1110 2003; x_wconf 89' lang='grc' dir='ltr'><strong><em>δύναμιν</em></strong></span> <span class='ocrx_word' id='word_1_184' title='bbox 1129 1940 1318 1989; x_wconf 77' lang='grc' dir='ltr'><strong><em>πᾶσαν</em></strong></span> <span class='ocrx_word' id='word_1_185' title='bbox 1343 1931 1443 1988; x_wconf 85' lang='grc' dir='ltr'><strong><em>τὸν</em></strong></span> <span class='ocrx_word' id='word_1_186' title='bbox 1469 1931 1768 2003; x_wconf 87' lang='grc' dir='ltr'><strong><em>δράσαντα,</em></strong></span> <span class='ocrx_word' id='word_1_187' title='bbox 1799 1929 1944 2001; x_wconf 91' lang='grc' dir='ltr'><strong><em>μνή-</em></strong></span> 
     </span>
     <span class='ocr_line' id='line_1_23' title="bbox 252 2009 1938 2086; baseline -0.002 -16"><span class='ocrx_word' id='word_1_188' title='bbox 252 2037 364 2086; x_wconf 90' lang='grc' dir='ltr'><strong><em>μην</em></strong></span> <span class='ocrx_word' id='word_1_189' title='bbox 382 2012 668 2085; x_wconf 77' lang='grc' dir='ltr'><strong><em>ξύμμαχον</em></strong></span> <span class='ocrx_word' id='word_1_190' title='bbox 689 2019 848 2086; x_wconf 81' lang='grc' dir='ltr'><strong><em>ἒχων,</em></strong></span> <span class='ocrx_word' id='word_1_191' title='bbox 869 2013 1042 2072; x_wconf 89' lang='grc' dir='ltr'><strong><em>αύτόν</em></strong></span> <span class='ocrx_word' id='word_1_192' title='bbox 1058 2023 1117 2071; x_wconf 92' lang='grc' dir='ltr'><strong><em>τέ</em></strong></span> <span class='ocrx_word' id='word_1_193' title='bbox 1136 2017 1228 2071; x_wconf 87' lang='grc' dir='ltr'><strong><em>καὶ</em></strong></span> <span class='ocrx_word' id='word_1_194' title='bbox 1250 2012 1347 2079; x_wconf 76' lang='grc' dir='ltr'><strong><em>τὰς</em></strong></span> <span class='ocrx_word' id='word_1_195' title='bbox 1362 2014 1584 2086; x_wconf 83' lang='grc' dir='ltr'><strong><em>πράξεις</em></strong></span> <span class='ocrx_word' id='word_1_196' title='bbox 1613 2011 1813 2068; x_wconf 81' lang='grc' dir='ltr'><strong><em>αὐτοῦ·</em></strong></span> <span class='ocrx_word' id='word_1_197' title='bbox 1853 2009 1938 2066; x_wconf 85' lang='grc' dir='ltr'><strong><em>διὸ</em></strong></span> 
     </span>
     <span class='ocr_line' id='line_1_24' title="bbox 253 2092 1941 2170; baseline -0.004 -17"><span class='ocrx_word' id='word_1_198' title='bbox 253 2095 319 2168; x_wconf 84' lang='grc' dir='ltr'><strong><em>δὴ</em></strong></span> <span class='ocrx_word' id='word_1_199' title='bbox 340 2096 523 2168; x_wconf 70' lang='grc' dir='ltr'><strong><em>χρεών</em></strong></span> <span class='ocrx_word' id='word_1_200' title='bbox 541 2099 692 2152; x_wconf 82' lang='grc' dir='ltr'><strong><em>ἐστιν</em></strong></span> <span class='ocrx_word' id='word_1_201' title='bbox 711 2096 820 2168; x_wconf 71' lang='grc' dir='ltr'><strong><em>ἄρα</em></strong></span> <span class='ocrx_word' id='word_1_202' title='bbox 838 2095 1164 2163; x_wconf 82' lang='grc' dir='ltr'><strong><em>ὑπεξελθεῖν</em></strong></span> <span class='ocrx_word' id='word_1_203' title='bbox 1183 2103 1262 2170; x_wconf 77' lang='grc' dir='ltr'><strong><em>τῷ</em></strong></span> <span class='ocrx_word' id='word_1_204' title='bbox 1274 2095 1518 2164; x_wconf 78' lang='grc' dir='ltr'><strong><em>παθόντι</em></strong></span> <span class='ocrx_word' id='word_1_205' title='bbox 1539 2093 1640 2156; x_wconf 80' lang='grc' dir='ltr'><strong><em>τὸν</em></strong></span> <span class='ocrx_word' id='word_1_206' title='bbox 1658 2092 1941 2165; x_wconf 88' lang='grc' dir='ltr'><strong><em>δράσαντα</em></strong></span> 
     </span>
     <span class='ocr_line' id='line_1_25' title="bbox 251 2171 1943 2250; baseline -0.002 -19"><span class='ocrx_word' id='word_1_207' title='bbox 251 2176 347 2243; x_wconf 81' lang='grc' dir='ltr'><strong><em>τὰς</em></strong></span> <span class='ocrx_word' id='word_1_208' title='bbox 367 2176 515 2250; x_wconf 72' lang='grc' dir='ltr'><strong><em>ὥρας</em></strong></span> <span class='ocrx_word' id='word_1_209' title='bbox 533 2178 714 2245; x_wconf 85' lang='grc' dir='ltr'><strong><em>πάσας</em></strong></span> <span class='ocrx_word' id='word_1_210' title='bbox 731 2185 835 2235; x_wconf 83' lang='grc' dir='ltr'><strong><em>τοῦ</em></strong></span> <span class='ocrx_word' id='word_1_211' title='bbox 862 2181 1122 2235; x_wconf 83' lang='grc' dir='ltr'><strong><em>ἐνιαυτοῦ</em></strong></span> <span class='ocrx_word' id='word_1_212' title='bbox 1145 2179 1237 2234; x_wconf 88' lang='grc' dir='ltr'><strong><em>καὶ</em></strong></span> <span class='ocrx_word' id='word_1_213' title='bbox 1266 2181 1544 2250; x_wconf 77' lang='grc' dir='ltr'><strong><em>ἐρημῶσαι</em></strong></span> <span class='ocrx_word' id='word_1_214' title='bbox 1570 2176 1782 2240; x_wconf 80' lang='grc' dir='ltr'><strong><em>πάντας</em></strong></span> <span class='ocrx_word' id='word_1_215' title='bbox 1811 2171 1943 2237; x_wconf 82' lang='grc' dir='ltr'><strong><em>τούς</em></strong></span> 
     </span>
     <span class='ocr_line' id='line_1_26' title="bbox 251 2253 1940 2332; baseline -0.001 -21"><span class='ocrx_word' id='word_1_216' title='bbox 251 2261 487 2322; x_wconf 85' lang='grc' dir='ltr'><strong><em>οἰκείους</em></strong></span> <span class='ocrx_word' id='word_1_217' title='bbox 503 2260 711 2325; x_wconf 91' lang='grc' dir='ltr'><strong><em>τόπους</em></strong></span> <span class='ocrx_word' id='word_1_218' title='bbox 742 2260 1027 2331; x_wconf 86' lang='grc' dir='ltr'><strong><em>ξυμπάσης</em></strong></span> <span class='ocrx_word' id='word_1_219' title='bbox 1057 2266 1155 2332; x_wconf 84' lang='grc' dir='ltr'><strong><em>τῆς</em></strong></span> <span class='ocrx_word' id='word_1_220' title='bbox 1181 2262 1468 2332; x_wconf 86' lang='grc' dir='ltr'><strong><em>πατρίδος·</em></strong></span> <span class='ocrx_word' id='word_1_221' title='bbox 1507 2258 1607 2315; x_wconf 80' lang='grc' dir='ltr'><strong><em>ε’ἀν</em></strong></span> <span class='ocrx_word' id='word_1_222' title='bbox 1636 2257 1696 2314; x_wconf 77' lang='grc' dir='ltr'><strong><em>δὲ</em></strong></span> <span class='ocrx_word' id='word_1_223' title='bbox 1726 2259 1879 2323; x_wconf 83' lang='grc' dir='ltr'><strong><em>ξένος</em></strong></span> <span class='ocrx_word' id='word_1_224' title='bbox 1911 2253 1940 2310; x_wconf 88' lang='grc' dir='ltr'>ὁ</span> 
     </span>
     <span class='ocr_line' id='line_1_27' title="bbox 134 2335 1941 2442; baseline -0.002 -46"><span class='ocrx_word' id='word_1_225' title='bbox 134 2351 221 2398; x_wconf 91' lang='grc'><strong><em>866</em></strong></span> <span class='ocrx_word' id='word_1_226' title='bbox 248 2339 577 2410; x_wconf 85' lang='grc' dir='ltr'><strong><em>τελευτήσας</em></strong></span> <span class='ocrx_word' id='word_1_227' title='bbox 596 2336 650 2412; x_wconf 82' lang='grc' dir='ltr'><strong><em>ᾗ,</em></strong></span> <span class='ocrx_word' id='word_1_228' title='bbox 666 2343 758 2396; x_wconf 87' lang='grc' dir='ltr'><strong><em>καὶ</em></strong></span> <span class='ocrx_word' id='word_1_229' title='bbox 777 2349 873 2412; x_wconf 83' lang='grc' dir='ltr'><strong><em>τῆς</em></strong></span> <span class='ocrx_word' id='word_1_230' title='bbox 891 2349 992 2398; x_wconf 82' lang='grc' dir='ltr'><strong><em>τοῦ</em></strong></span> <span class='ocrx_word' id='word_1_231' title='bbox 1013 2346 1176 2408; x_wconf 79' lang='grc' dir='ltr'><strong><em>ξένου</em></strong></span> <span class='ocrx_word' id='word_1_232' title='bbox 1193 2342 1374 2414; x_wconf 77' lang='grc' dir='ltr'><strong><em>χώρας</em></strong></span> <span class='ocrx_word' id='word_1_233' title='bbox 1395 2343 1666 2442; x_wconf 81' lang='grc' dir='ltr'><strong><em>εἰργέσθω</em></strong></span> <span class='ocrx_word' id='word_1_234' title='bbox 1685 2362 1814 2403; x_wconf 90' lang='grc' dir='ltr'><strong><em>τους</em></strong></span> <span class='ocrx_word' id='word_1_235' title='bbox 1835 2335 1941 2392; x_wconf 85' lang='grc' dir='ltr'><strong><em>αύ-</em></strong></span> 
     </span>
     <span class='ocr_line' id='line_1_28' title="bbox 247 2419 1942 2493; baseline -0.003 -16"><span class='ocrx_word' id='word_1_236' title='bbox 247 2419 380 2485; x_wconf 81' lang='grc' dir='ltr'><strong><em>τοὺς</em></strong></span> <span class='ocrx_word' id='word_1_237' title='bbox 402 2420 654 2491; x_wconf 87' lang='grc' dir='ltr'><strong><em>χρόνους.</em></strong></span> <span class='ocrx_word' id='word_1_238' title='bbox 692 2422 872 2476; x_wconf 91' lang='grc' dir='ltr'><strong><em>τούτω</em></strong></span> <span class='ocrx_word' id='word_1_239' title='bbox 892 2423 960 2493; x_wconf 85' lang='grc' dir='ltr'><strong><em>δὴ</em></strong></span> <span class='ocrx_word' id='word_1_240' title='bbox 978 2445 1053 2477; x_wconf 91' lang='grc' dir='ltr'><strong><em>τω</em></strong></span> <span class='ocrx_word' id='word_1_241' title='bbox 1072 2423 1228 2493; x_wconf 81' lang='grc' dir='ltr'><strong><em>νόμω</em></strong></span> <span class='ocrx_word' id='word_1_242' title='bbox 1247 2421 1348 2476; x_wconf 85' lang='grc' dir='ltr'><strong><em>εἀν</em></strong></span> <span class='ocrx_word' id='word_1_243' title='bbox 1375 2443 1478 2490; x_wconf 90' lang='grc' dir='ltr'><strong><em>μεν</em></strong></span> <span class='ocrx_word' id='word_1_244' title='bbox 1507 2441 1652 2474; x_wconf 89' lang='grc' dir='ltr'><strong><em>εκων</em></strong></span> <span class='ocrx_word' id='word_1_245' title='bbox 1679 2423 1942 2489; x_wconf 89' lang='grc' dir='ltr'><strong><em>πείθηταί</em></strong></span> 
     </span>
     <span class='ocr_line' id='line_1_29' title="bbox 247 2495 1937 2574; baseline -0.002 -17"><span class='ocrx_word' id='word_1_246' title='bbox 247 2524 344 2570; x_wconf 88' lang='grc' dir='ltr'><strong><em>τις,</em></strong></span> <span class='ocrx_word' id='word_1_247' title='bbox 378 2499 407 2557; x_wconf 85' lang='grc' dir='ltr'>ὁ</span> <span class='ocrx_word' id='word_1_248' title='bbox 446 2508 550 2557; x_wconf 83' lang='grc' dir='ltr'><strong><em>τοῦ</em></strong></span> <span class='ocrx_word' id='word_1_249' title='bbox 585 2500 1015 2574; x_wconf 89' lang='grc' dir='ltr'><strong><em>τελευτήσαντος</em></strong></span> <span class='ocrx_word' id='word_1_250' title='bbox 1040 2505 1189 2572; x_wconf 91' lang='grc' dir='ltr'><strong><em>γένει</em></strong></span> <span class='ocrx_word' id='word_1_251' title='bbox 1225 2501 1510 2572; x_wconf 77' lang='grc' dir='ltr'><strong><em>ἐγγύτατα,</em></strong></span> <span class='ocrx_word' id='word_1_252' title='bbox 1531 2502 1824 2564; x_wconf 84' lang='grc' dir='ltr'><strong><em>ἐπίσκοπος</em></strong></span> <span class='ocrx_word' id='word_1_253' title='bbox 1855 2495 1937 2554; x_wconf 84' lang='grc' dir='ltr'><strong><em>ω“ν</em></strong></span> 
     </span>
     <span class='ocr_line' id='line_1_30' title="bbox 247 2580 1935 2655; baseline -0.002 -16"><span class='ocrx_word' id='word_1_254' title='bbox 247 2583 464 2639; x_wconf 89' lang='grc' dir='ltr'><strong><em>τούτων</em></strong></span> <span class='ocrx_word' id='word_1_255' title='bbox 482 2581 710 2639; x_wconf 87' lang='grc' dir='ltr'><strong><em>πάντων</em></strong></span> <span class='ocrx_word' id='word_1_256' title='bbox 722 2587 1056 2655; x_wconf 76' lang='grc' dir='ltr'><strong><em>γενομένων,</em></strong></span> <span class='ocrx_word' id='word_1_257' title='bbox 1069 2586 1230 2655; x_wconf 85' lang='grc' dir='ltr'><strong><em>ἐχέτω</em></strong></span> <span class='ocrx_word' id='word_1_258' title='bbox 1245 2584 1581 2654; x_wconf 73' lang='grc' dir='ltr'><strong><em>συγγνώμην</em></strong></span> <span class='ocrx_word' id='word_1_259' title='bbox 1592 2603 1651 2638; x_wconf 90' lang='grc' dir='ltr'><strong><em>τε</em></strong></span> <span class='ocrx_word' id='word_1_260' title='bbox 1669 2583 1762 2638; x_wconf 90' lang='grc' dir='ltr'><strong><em>καὶ</em></strong></span> <span class='ocrx_word' id='word_1_261' title='bbox 1781 2580 1935 2651; x_wconf 79' lang='grc' dir='ltr'><strong><em>ἄγων</em></strong></span> 
     </span>
     <span class='ocr_line' id='line_1_31' title="bbox 247 2662 1936 2738; baseline -0.001 -19"><span class='ocrx_word' id='word_1_262' title='bbox 247 2664 592 2733; x_wconf 75' lang='grc' dir='ltr'><strong><em>πρὸςαύτὸν</em></strong></span> <span class='ocrx_word' id='word_1_263' title='bbox 623 2666 850 2738; x_wconf 80' lang='grc' dir='ltr'><strong><em>εἰρήνην</em></strong></span> <span class='ocrx_word' id='word_1_264' title='bbox 874 2670 1090 2738; x_wconf 89' lang='grc' dir='ltr'><strong><em>μέτριος</em></strong></span> <span class='ocrx_word' id='word_1_265' title='bbox 1125 2662 1198 2721; x_wconf 72' lang='grc' dir='ltr'><strong><em>ἂν</em></strong></span> <span class='ocrx_word' id='word_1_266' title='bbox 1226 2673 1309 2736; x_wconf 74' lang='grc' dir='ltr'><strong><em>εἴη</em></strong></span> <span class='ocrx_word' id='word_1_267' title='bbox 1346 2665 1594 2730; x_wconf 90' lang='grc' dir='ltr'><strong><em>πάντως·</em></strong></span> <span class='ocrx_word' id='word_1_268' title='bbox 1630 2662 1729 2721; x_wconf 78' lang='grc' dir='ltr'><strong><em>ἐὰν</em></strong></span> <span class='ocrx_word' id='word_1_269' title='bbox 1759 2663 1821 2719; x_wconf 90' lang='grc' dir='ltr'><strong><em>δέ</em></strong></span> <span class='ocrx_word' id='word_1_270' title='bbox 1856 2684 1936 2728; x_wconf 90' lang='grc' dir='ltr'><strong><em>τις</em></strong></span> 
     </span>
     <span class='ocr_line' id='line_1_32' title="bbox 246 2743 1936 2824; baseline -0.002 -22"><span class='ocrx_word' id='word_1_271' title='bbox 246 2745 457 2820; x_wconf 82' lang='grc' dir='ltr'><strong><em>άπειθῇ</em></strong></span> <span class='ocrx_word' id='word_1_272' title='bbox 482 2749 574 2805; x_wconf 86' lang='grc' dir='ltr'><strong><em>καὶ</em></strong></span> <span class='ocrx_word' id='word_1_273' title='bbox 593 2754 818 2824; x_wconf 71' lang='grc' dir='ltr'><strong><em>πρῶτον</em></strong></span> <span class='ocrx_word' id='word_1_274' title='bbox 841 2749 944 2820; x_wconf 75' lang='grc' dir='ltr'><strong><em>μὲν</em></strong></span> <span class='ocrx_word' id='word_1_275' title='bbox 962 2746 1279 2819; x_wconf 76' lang='grc' dir='ltr'><strong><em>ἀκάθαρτος</em></strong></span> <span class='ocrx_word' id='word_1_276' title='bbox 1301 2743 1382 2803; x_wconf 72' lang='grc' dir='ltr'><strong><em>α’)’ν</em></strong></span> <span class='ocrx_word' id='word_1_277' title='bbox 1411 2752 1487 2812; x_wconf 84' lang='grc' dir='ltr'><strong><em>εἰς</em></strong></span> <span class='ocrx_word' id='word_1_278' title='bbox 1514 2745 1581 2802; x_wconf 78' lang='grc' dir='ltr'><strong><em>τά</em></strong></span> <span class='ocrx_word' id='word_1_279' title='bbox 1611 2743 1731 2815; x_wconf 72' lang='grc' dir='ltr'><strong><em>ἱερά</em></strong></span> <span class='ocrx_word' id='word_1_280' title='bbox 1761 2750 1936 2816; x_wconf 76' lang='grc' dir='ltr'><strong><em>τολμᾷ</em></strong></span> 
     </span>
     <span class='ocr_line' id='line_1_33' title="bbox 245 2825 1931 2904; baseline -0.002 -19"><span class='ocrx_word' id='word_1_281' title='bbox 245 2830 588 2899; x_wconf 88' lang='grc' dir='ltr'><strong><em>πορεύεσθαι</em></strong></span> <span class='ocrx_word' id='word_1_282' title='bbox 606 2833 700 2887; x_wconf 81' lang='grc' dir='ltr'><strong><em>καὶ</em></strong></span> <span class='ocrx_word' id='word_1_283' title='bbox 720 2830 904 2904; x_wconf 84' lang='grc' dir='ltr'><strong><em>θύειν,</em></strong></span> <span class='ocrx_word' id='word_1_284' title='bbox 926 2834 1003 2888; x_wconf 84' lang='grc' dir='ltr'><strong><em>ἔτι</em></strong></span> <span class='ocrx_word' id='word_1_285' title='bbox 1021 2834 1080 2887; x_wconf 82' lang='grc' dir='ltr'><strong><em>δὲ</em></strong></span> <span class='ocrx_word' id='word_1_286' title='bbox 1097 2828 1226 2895; x_wconf 74' lang='grc' dir='ltr'><strong><em>τοὺς</em></strong></span> <span class='ocrx_word' id='word_1_287' title='bbox 1245 2829 1484 2901; x_wconf 89' lang='grc' dir='ltr'><strong><em>χρόνους</em></strong></span> <span class='ocrx_word' id='word_1_288' title='bbox 1502 2825 1575 2899; x_wconf 83' lang='grc' dir='ltr'><strong><em>μὴ</em></strong></span> <span class='ocrx_word' id='word_1_289' title='bbox 1604 2829 1769 2899; x_wconf 81' lang='grc' dir='ltr'><strong><em>ἐθέλῃ</em></strong></span> <span class='ocrx_word' id='word_1_290' title='bbox 1790 2832 1931 2897; x_wconf 90' lang='grc' dir='ltr'><strong><em>πλη-</em></strong></span> 
     </span>
    </p>
   </div>
  </div>
 </body>
</html>
