1976 3172
1670 50 1693 62 s

229 69 334 121 408
842 68 1329 118 ΠΛΑΤΩΝΟΣ

231 200 583 269 τινα-τρόπον
604 204 688 257 δεῖ
717 212 1004 272 μετασχεῖν
1032 201 1237 257 τούτου
1267 203 1358 257 καὶ
1383 220 1462 268 τις
1493 201 1643 277 αὐτῷ
1673 212 1852 271 καλῶς
1880 205 1916 277 ἢ

143 342 146 344 ,
232 280 305 352 μὴ
328 282 717 354 συμβουλεύει,
749 289 862 339 τῶν
893 283 1086 354 νόμων
1113 281 1310 347 αὐτῶν,
1331 290 1573 355 πρῶτον,
1603 280 1787 350 ἔπειτα
1815 283 1918 342 ἀν-

170 453 202 496 G

117 2743 204 2789 963

230 362 508 431 θρώπων·
550 367 600 418 εἰ
618 362 669 418 δ’
695 367 847 419 ἔσται
865 368 968 419 τοῦ
996 365 1254 421 τοιούτου
1282 365 1415 437 κενή
1438 387 1518 431 τις
1547 367 1721 438 πόλις,
1753 363 1918 422 οὐδὲν

236 444 584 515 θαυμαστόν,
605 443 779 510 ἄνους
799 439 940 501 οὖσα
958 448 1050 502 καὶ
1061 444 1399 518 ἀναίσθητος
1411 451 1463 504 εἰ
1479 448 1674 518 πράξει
1684 448 1745 504 τό
1760 467 1917 520 προς·
1973 446 1976 455 ’

232 525 402 596 τυχὸν
420 526 678 583 ἑκάστοτε
698 529 759 582 ἐν
778 527 1030 594 ἑκάσταις
1046 535 1158 584 τῶν
1177 528 1445 598 πράξεων.

372 611 492 664 ΚΛ.
526 604 734 678 Ἀληθῆ
752 610 965 679 λέγεις.-

371 694 490 743 ΛΘ.
530 693 662 743 Νῦν
682 683 788 744 οὖν
806 687 940 760 ἡμῖν
959 691 1020 745 ἐν
1039 694 1146 746 τίνι
1166 693 1296 746 ποτὲ
1325 697 1439 745 τῶν
1457 697 1553 761 τῆς
1582 689 1793 754 πόλεως
1820 710 1920 760 με-

234 773 349 840 ρῶν
366 766 402 838 ἢ
419 769 867 838 ἐπιτηδευμάτων
886 774 1036 824 ἔστιν
1054 771 1252 826 ἰκανὸν
1270 774 1784 842 κατεσκευασμένον
1804 768 1920 825 ὁτι-

233 854 339 903 οῦν
366 849 1052 920 τοιοῦτον-φυλακτήριον;
1087 851 1284 920 ’ἔχομεν
1304 850 1558 920 φράζειν;
1582 896 1608 920 4

372 935 490 986 KA.
536 927 622 985 013
642 933 796 1002 δῆτα,
819 923 865 986 ὦ
883 933 1020 1001 ξένε,
1041 937 1235 1002 σαφῶς
1255 952 1318 1002 γε
1334 951 1345 964 ·
1386 936 1436 987 εἰ
1461 931 1514 987 δ’
1549 925 1652 987 οὖν
1668 931 1920 998 τοπάζειν

232 1015 330 1083 δεῖ,
354 1015 508 1068 δοκεῖ
524 1033 619 1083 μοι
639 1017 844 1069 τείνειν
869 1011 898 1068 ὁ
918 1013 1083 1085 λόγος
1101 1005 1264 1080 οὗτος
1294 1018 1370 1079 είς
1397 1013 1496 1070 τὸν
1525 1014 1822 1085 σύλλογον,
1853 1011 1921 1068 ὃν

232 1093 376 1160 εἶπες
397 1103 507 1151 ν’ῦν
527 1093 595 1166 δὴ
615 1095 839 1166 νύκτωρ
861 1099 979 1152 δεῖν
999 1099 1257 1162 ξυνιέναι.

370 1183 489 1233 ΑΘ.
526 1175 805 1236 Κάλλισθῗ
828 1175 1114 1250 ὑπέλαβες,
1136 1200 1177 1233 ω
1200 1178 1447 1250 Κλεινία,
1469 1181 1559 1235 καὶ
1579 1182 1664 1235 δεῖ
1690 1177 1757 1249 δὴ
1785 1184 1919 1233 τοῦ-

229 1279 346 1329 τον,
370 1256 442 1324 ὡς
462 1255 490 1313 ὁ
515 1264 625 1314 νῦν
638 1257 995 1358 παρεστηκώς
1013 1256 1144 1331 ἡμῖν
1164 1261 1329 1331 λόγος
1347 1262 1564 1332 μηνύει,
1586 1267 1772 1318 πᾶσαν
1791 1257 1921 1329 ἀρε-

229 1338 332 1412 τὴν
350 1343 522 1410 ἔχειν·
557 1332 624 1410 ἧς
652 1339 808 1410 ἄρχει
826 1338 887 1396 τό
913 1341 987 1411 μὴ
1010 1348 1332 1397 πλανᾶσθαι
1360 1343 1501 1413 πρὸς
1521 1340 1698 1398 πολλὰ
1723 1356 1919 1410 στοχα-

230 1421 480 1492 ζόμενον,
513 1417 639 1475 ἀλλ’
669 1424 744 1484 εἰς
774 1423 835 1475 ἓν
870 1422 1146 1491 βλτποντα
1179 1419 1317 1490 πρὸς
1338 1428 1501 1514 τοῦτο
1529 1421 1614 1477 ἀεὶ
1641 1443 1708 1476 τα
1740 1419 1919 1475 πάντα

230 1499 353 1557 οἷον
358 1505 504 1572 βέλη
525 1498 763 1571 ἀφιέναι.

372 1588 490 1637 ΚΛ.
531 1582 864 1637 Παντάπασι
883 1585 986 1652 μὲν
1006 1604 1126 1638 ουν.

371 1670 489 1720 ΛΘ.
537 1669 669 1719 Νῦν
716 1665 783 1735 δὴ
821 1663 1196 1735 μαθησόμεθα
1210 1706 1226 1736 ,
1266 1662 1352 1720 ὅτι
1386 1662 1716 1734 θαυμαστὸν
1753 1662 1920 1720 οὐδὲν

229 1755 555 1804 πλανᾶσθαι
584 1746 651 1803 τὰ
681 1753 796 1803 ταῖν
817 1748 1290 1821 πόλεωννόμιμα,
1322 1746 1408 1804 ὅτι
1442 1745 1582 1817 πρὸς
1611 1747 1746 1804 ἄλλο
1780 1747 1918 1818 ἄλλη

230 1831 421 1899 βλέπει
447 1835 562 1885 τῶν
591 1836 946 1900 νομοθεσιῶν
969 1833 1033 1886 ἐν
1057 1837 1128 1903 τῇ
1156 1829 1315 1887 πόλει
1336 1828 1552 1901 ἑκάστῃ.
1599 1831 1692 1885 καὶ
1720 1827 1787 1884 τὰ
1817 1829 1921 1899 μὲν

230 1909 406 1967 πολλὰ
428 1908 598 1967 οὐδὲν
616 1909 950 1981 θαυμαστὸν
979 1910 1040 1968 τό
1073 1922 1186 1977 τοῖς
1211 1909 1313 1982 μὲν
1340 1909 1439 1966 τόν
1471 1909 1610 1980 ὅρον
1639 1908 1781 1966 εἶναι
1807 1917 1921 1965 τῶν

231 1997 479 2062 δικαίων,
494 1990 643 2058 ὅπως
662 1992 897 2064 ἄρξουσί
907 2015 1052 2059 τινες
1070 1996 1131 2050 ἐν
1149 2000 1217 2066 τῇ
1235 1992 1409 2063 πόλει,
1431 1990 1519 2048 εἴτ’
1541 1985 1647 2047 οὖν
1666 1996 1919 2063 βελτίους

230 2083 336 2130 εἴτε
368 2079 586 2147 χείρους
615 2076 991 2146 τυγχάνουσιν
1020 2075 1199 2140 ὅντες·
1239 2085 1352 2140 τοῖς
1379 2072 1454 2145 δ’,
1491 2070 1642 2138 ὅπως
1674 2073 1919 2142 πλουτή-

231 2172 447 2227 σουσιν,
468 2154 570 2212 εἴτ’
604 2150 710 2231 οὖν
739 2161 937 2214 δοῦλοί
957 2155 1302 2222 τινωνὸντες
1330 2163 1438 2212 εἴτε
1460 2156 1554 2212 καὶ
1583 2153 1686 2227 μή·
1723 2160 1838 2210 τῶν
1862 2151 1916 2209 δ’

230 2234 264 2306 ἡ
286 2242 577 2307 προθυμία
596 2237 738 2309 πρὸς
755 2236 858 2294 τόν
881 2238 1185 2309 ἐλεύθερον
1206 2237 1275 2308 δὴ
1295 2242 1421 2309 βίον
1441 2234 1733 2308 ὡρμημένη
1748 2257 1759 2268 ·
1787 2238 1843 2291 οἰ
1859 2235 1920 2290 δὲ

232 2321 322 2374 καὶ
342 2316 551 2384 ξύνδυο
572 2325 1030 2389 νομοθετοῦνται,
1063 2317 1201 2387 πρὸς
1230 2319 1399 2389 ἄμφω
1420 2319 1732 2389 βλέποντες,
1760 2314 1921 2370 ἐλεύ-

231 2405 398 2472 θεροί
411 2421 471 2456 τε
490 2398 640 2465 ὅπως
659 2398 846 2456 ἄλλων
874 2420 934 2455 τε
963 2400 1181 2454 πόλεων
1211 2404 1431 2454 ἔσονται
1461 2397 1749 2452 δεσπόται·
1787 2399 1844 2451 οἱ
1859 2396 1920 2452 δὲ

232 2481 565 2554 σοφώτατοι,
579 2480 653 2547 ὥς
674 2489 902 2553 οἴονται,
922 2479 1062 2551 πρὸς
1077 2479 1253 2536 ταῦτά
1271 2501 1330 2535 τε
1347 2478 1524 2535 καὶτὰ
1542 2483 1769 2534 τοιαῦτα
1789 2477 1917 2549 ξύμ-

232 2585 431 2634 παντα,
452 2567 528 2628 εἰς
547 2565 609 2618 ἓν
629 2565 707 2632 δέ,
738 2560 905 2618 οὐδὲν
929 2561 1307 2633 διαφερόντως
1329 2563 1686 2632 τετιμημένον
1705 2562 1920 2629 ἔχοντες

232 2644 480 2717 φράζειν,
502 2649 578 2709 εἰς
598 2641 628 2700 ὃ
647 2638 805 2701 τᾶλλ’
825 2642 1014 2709 αὐτοῖς
1032 2648 1116 2699 δεῖ
1134 2646 1372 2713 βλέπειν.

371 2732 489 2782 ΚΛ.
532 2723 759 2782 Οὐκοῦν
777 2726 840 2782 τό
866 2725 925 2796 γ’
946 2723 1228 2797 ἡμέτερον,
1265 2717 1309 2778 ὦ
1338 2726 1474 2795 ξένε,
1507 2721 1695 2794 ὀρθῶς
1731 2717 1803 2776 ἄν
1834 2727 1917 2791 εἴη
