1976 3172
237 137 339 190 132
839 138 1013 184 HAA
1034 138 1315 186 ΤΩΝΟΣ

234 270 340 341 γὰρ
362 273 506 325 νέων
532 269 873 343 διαφέρουσά
891 272 1039 325 ἐστιν
1066 268 1178 340 ἅμα
1205 271 1296 326 καὶ
1316 266 1503 326 αὐτῶν
1523 267 1593 325 οὗ
1621 269 1681 326 τὸ
1702 279 1911 327 νουθε-

235 363 366 422 τεῖν,
389 350 511 408 ἀλλ’
535 350 675 426 ἅπερ
703 348 776 408 ἂν
804 349 974 407 ἄλλον
992 358 1283 408 νουθετων
1310 359 1451 407 εἴποι
1480 373 1578 423 τις,
1610 358 1912 423 φαίνεσθαι

233 439 408 488 ταῦτα
438 431 613 489 αὐτὸν
644 437 863 513 δρωντα
899 430 990 487 διὰ
1028 437 1169 504 βίον.
1208 436 1527 503 ξυγγένειαν
1555 436 1614 489 δὲ
1648 435 1738 489 καὶ
1777 431 1911 504 ὁμο-
1972 495 1976 502 ,

233 519 406 584 γνίων
441 520 598 571 θεῶν
631 511 932 572 κοινωνίαν
964 512 1186 571 ἅπασαν
1228 512 1436 571 ταύτοῦ
1479 516 1652 587 φύσιν
1689 519 1910 587 αι’ματος

234 598 471 665 ἔχουσαν
497 615 672 667 τιμων
695 617 776 662 τις
808 597 901 652 καὶ
930 596 1227 669 σεβόμενος
1255 596 1455 662 εὔνους
1484 592 1556 653 ἀν
1585 601 1911 668 γενεθλίους

231 674 404 742 θεους
433 681 508 742 εἰς
539 681 753 733 παίδων
778 676 956 734 αὑτοῦ
982 677 1200 750 σπορὰν
1234 686 1376 750 ἴσχοι
1410 701 1550 735 κατα
1586 677 1822 750 λόγον·
1821 678 1913 733 καὶ

166 767 200 807 D
234 757 347 830 μὴν
366 759 429 815 τό
447 782 511 830 γε
530 767 710 831 φίλων
727 762 821 818 καὶ
848 763 1079 831 ἑταίρων
1098 760 1236 834 πρὸς
1259 760 1355 827 τὰς
1373 764 1434 817 ἐν
1458 766 1561 836 βίω
1583 759 1797 832 ὁμιλίας
1816 758 1910 815 εὐ-
1968 764 1976 827 j

231 852 413 910 μενειζς
429 840 502 895 ἄν
519 862 599 906 τις
616 850 792 912 κτῷτο
813 849 1028 912 μείζους
1044 845 1144 913 μὲν
1163 846 1254 899 καὶ
1284 847 1613 915 σεμνοτέρας
1645 841 1742 911 τὰς
1769 844 1911 897 ἐκεί-

233 942 352 976 νων
382 918 685 992 ὑπηρεσίας
709 927 784 987 είς
813 921 989 978 αὑτὸν
1015 922 1326 994 ἡγούμενος
1352 921 1390 995 ἦ
1414 924 1625 994 ’κεῖνοι,
1649 924 1911 987 ἐλάττους

233 1003 285 1064 δ’
318 999 392 1060 αὖ
427 1004 523 1070 τάς
559 1003 734 1062 αὑτοῦ
757 1007 1157 1077 διανοούμενος
1199 1010 1273 1071 είς
1306 1005 1438 1070 τοὺς
1466 1012 1662 1076 φίλους
1689 1006 1911 1079 χάριτας
1974 1043 1976 1046 <

230 1086 419 1143 αὐτῶν
438 1093 554 1143 τῶν
573 1093 755 1158 φίλων
772 1109 829 1144 τε
856 1090 948 1144 καὶ
976 1088 1221 1159 ἑταίρων.
1262 1091 1338 1152 εἰς
1355 1084 1466 1160 μὴν
1495 1089 1657 1145 πόλιν
1687 1093 1778 1143 καὶ
1808 1109 1912 1143 πο-
1974 1134 1976 1138 ⁴

228 1175 376 1233 λίτας
396 1175 592 1245 μακρῷ
611 1170 850 1242 ἄριστος,
872 1169 1019 1236 ὅστις
1038 1168 1145 1243 πρὸ
1166 1175 1267 1227 τοῦ
1283 1167 1604 1242 Ὀλυμπίασι
1622 1171 1712 1226 καὶ
1733 1167 1913 1225 ἁπάν-

227 1271 341 1306 των
363 1248 602 1320 ἀγιόνων
636 1259 953 1323 πολεμικῶν
991 1274 1050 1309 τε
1074 1255 1165 1309 καὶ
1191 1258 1487 1325 εἰρηνικῶν
1514 1259 1679 1327 νικᾷν
1711 1250 1906 1319 δέξαιτ’

229 1328 300 1387 ἀν
321 1331 453 1405 δόξῃ
472 1330 775 1405 ὑπηρεσίας
791 1339 906 1389 ταῖν
925 1341 1067 1390 οἴκοι
1083 1334 1293 1404 νόμων,
1311 1334 1384 1400 ὡς
1403 1332 1757 1406 ὑπηρετηκὼς
1776 1334 1910 1390 πάν-

168 1423 201 1464 Ε
229 1435 341 1469 των
372 1414 622 1471 κάλλιστ’
662 1413 986 1484 ἀνθρώπων
1021 1414 1207 1479 αὐτοῖς
1237 1417 1297 1471 ε’ν
1324 1422 1404 1490 τςὸ
1423 1422 1558 1490 βίῳ.
1597 1416 1734 1487 πρὸς
1763 1415 1815 1470 δ’
1838 1409 1911 1469 αὗ

229 1495 359 1560 τοὺς
394 1499 585 1561 ξένους
616 1499 939 1568 διανοητέον
977 1494 1049 1562 ὥς
1087 1493 1359 1567 ἁγιώτατα
1407 1497 1713 1569 ξυμβόλαια
1751 1495 1909 1550 ὄντα·

230 1574 429 1646 σχεδὸν
445 1575 554 1647 γὰρ
580 1577 747 1633 πάντ’
775 1580 887 1634 ἐστὶ
916 1577 984 1633 τὰ
1003 1584 1117 1634 τῶν
1136 1581 1310 1644 ξένων
1339 1581 1431 1634 καὶ
1462 1584 1538 1642 εἰς
1571 1576 1702 1651 τοὺς
1722 1578 1912 1641 ξένους

229 1655 589 1729 ἁμαρτήματα
619 1659 769 1729 παρὰ
797 1655 865 1714 τὰ
890 1666 1002 1715 τῶν
1029 1666 1272 1715 πολιτῶν
1302 1663 1379 1724 είς
1405 1656 1546 1714 θεὸν
1566 1656 1913 1729 ἀνηρτημένα

225 1738 470 1809 τιμωρὸν
489 1745 724 1810 μᾶλλον·
765 1743 963 1813 ἕρημος
987 1740 1094 1814 γὰρ
1117 1737 1199 1796 οόν
1228 1739 1257 1798 ὁ
1292 1745 1444 1808 ξένος
1472 1742 1702 1811 ἑταίρων
1730 1760 1790 1794 τε
1820 1738 1913 1793 καὶ

227 1823 510 1891 ξυγγενων
529 1822 891 1895 ἐλεεινότερος
910 1821 1235 1894 ἀνθρώποις
1252 1825 1343 1878 καὶ
1361 1832 1528 1887 θεοις.
1550 1820 1579 1877 ὁ
1601 1820 1912 1891 δυνάμενος

227 1924 333 1957 ουν
353 1914 612 1974 τιμωρεῖν
639 1909 853 1974 μᾶλλον
878 1911 1080 1977 βοηθεῖ
1104 1904 1558 1980 προθυμότερον·
1599 1903 1831 1958 δύναται
1853 1901 1913 1956 δε

110 1996 199 2043 730
231 1983 654 2054 διαφερόντως’
630 2007 657 2040 ο
681 1990 854 2052 ξένιος
873 1986 1122 2043 ἑκάστων
1142 1989 1354 2056 δαίμων
1383 1988 1474 2041 καὶ
1493 1979 1628 2050 θεὸς
1655 2006 1729 2058 τω
1752 1987 1909 2054 ξενίω

228 2067 602 2138 συνεπόμενοι
621 2073 745 2123 Διί·
775 2075 980 2139 πολλῆς
1009 2091 1116 2124 ουν
1145 2067 1449 2140 εὐλαβείας,
1482 2089 1524 2141 ῳ
1551 2068 1643 2122 καὶ
1674 2061 1910 2136 σμικρὸν
1966 2103 1967 2106 ¹

228 2156 572 2222 προμηθείας
589 2154 687 2222 ἔνι,
713 2150 885 2223 μηδὲν
904 2150 1195 2224 ἁμάρτημα
1222 2153 1348 2224 περὶ
1378 2153 1568 2218 ξένους
1598 2147 1911 2222 ἁμαρτόντα

228 2235 288 2288 ἐν
326 2239 402 2306 τῷ
434 2237 539 2307 βίῳ
563 2232 701 2304 πρὸς
728 2234 790 2289 τὸ
821 2237 973 2299 τέλος
996 2232 1173 2290 αὐτοῦ
1200 2239 1564 2306 πορευθῆναι.
1604 2236 1834 2300 ξενικῶν
1854 2229 1906 2286 δ’

229 2308 302 2370 αὖ
322 2316 413 2370 καὶ
431 2317 738 2388 ἐπιχωρίων
767 2313 1174 2387 ἁμαρτημάτων
1201 2316 1262 2371 τὸ
1302 2317 1426 2386 περὶ
1452 2314 1583 2380 τούς
1615 2318 1793 2379 ἱκέτας
1812 2314 1910 2384 με’-

227 2411 421 2467 γιστον
438 2393 732 2467 γίγνεται”
702 2394 994 2469 ἀμάρτημα
1015 2397 1287 2461 εκάστοις·
1327 2393 1457 2466 μεθ’
1480 2417 1549 2450 ου
1569 2393 1676 2465 γάρ
1697 2394 1909 2448 ἱκετεύ-

229 2495 330 2544 σας
365 2477 645 2550 μάρτυρος
684 2476 712 2534 ὁ
735 2481 928 2550 ἱκέτης
964 2485 1108 2534 θεοῦ
1142 2482 1331 2547 ἔτυχεν
1367 2472 1694 2546 ὁμολογιων,
1727 2476 1908 2545 φύλαξ

231 2563 514 2632 διαφέρων
535 2553 698 2627 οὗτος
715 2562 816 2617 τοῦ
837 2561 1390 2631 παθόντοςγίγνεται,
1407 2556 1536 2614 ὥστ’
1561 2555 1664 2613 οὐκ
1686 2556 1757 2612 άν
1776 2577 1908 2613 ποτε

230 2639 568 2714 ἀτιμώρητος
588 2641 805 2701 πάθοι’
783 2666 812 2700 ο
831 2665 1013 2715 τυχων
1038 2664 1116 2698 ων
1135 2645 1324 2698 ἔπαθε.

167 2743 198 2784 Β
369 2728 452 2779 ΙΙΙ.
497 2723 577 2780 Τὰ
613 2727 715 2796 μὲν
752 2719 858 2782 οὖν
887 2727 1012 2796 περὶ
1043 2727 1238 2795 γονέας
1271 2745 1329 2780 τε
1363 2724 1455 2779 καὶ
1486 2720 1686 2778 ἑαυτὸν
1711 2722 1802 2777 καὶ
1837 2717 1902 2775 τὰ

231 2809 449 2878 ἑαυτοῦ,
472 2809 595 2879 περὶ
614 2806 776 2863 πόλιν
795 2828 852 2864 τε
869 2809 959 2864 καὶ
981 2804 1178 2879 φίλους
1195 2807 1284 2862 καὶ
1306 2808 1625 2876 ξυγγένειαν
1645 2799 1830 2871 ξενικά
1848 2822 1905 2856 τε
1948 2806 1950 2812 ’
