1976 3172
229 101 298 154 14
848 99 1323 148 ΠΛΑΤΩΝΟΣ

225 235 560 303 τεταγμένον
577 233 638 288 ἐν
654 241 768 296 τοῖς
786 230 1006 302 νόμοις;
1040 234 1308 302 λεγέσθω,
1326 238 1381 288 τί
1403 231 1557 288 τοῦτ’
1583 234 1746 305 ἐστίν,
1768 231 1799 289 ὃ
1819 237 1910 291 καὶ

223 314 584 387 ἀπεργάζεται
617 311 751 384 ὑμῖν
786 310 988 384 ὁμοίως
1033 314 1172 384 πρός
1221 335 1280 370 τε
1315 313 1628 387 ἀλγηδόνας
1659 317 1751 371 καὶ
1775 317 1911 387 πρὸς
1968 339 1976 391 ⁴.

221 395 432 470 ἡδονας
465 395 597 460 τοὺς
633 392 840 460 αὐτοὺς
870 393 1164 466 ἀνδρείους
1183 396 1457 462 νικῶντάς
1484 418 1542 452 τε
1573 394 1608 454 ὁὶ
1640 401 1726 453 δεῖ
1746 403 1911 471 νικᾷν
1969 398 1976 454 ’.

212 481 312 536 ’καὶ
332 475 590 549 οὐδαμῶς
618 475 816 548 ἥττους
843 481 1120 548 πολεμίων
1147 483 1262 534 τῶν
1285 478 1556 549 ἐγγύτατα
1584 481 1806 537 ἑαυτῶν.
1820 480 1912 534 καὶ
1971 465 1976 532 f

221 559 638 633 χαλεπωτάτων.

365 647 496 697 ΜΕ.
538 638 701 698 Οὕτω
731 641 834 711 μὲν
863 643 1074 710 τοίνυν,
1115 663 1158 695 ω
1194 643 1331 710 ξένε,
1361 640 1621 711 καθάπερ
1651 638 1788 712 πρὸς
1817 639 1912 705 τὰς

222 721 535 794 ἀλγηδόνας
555 721 702 792 εἶχον
721 722 930 792 νόμους
946 719 1437 793 ἀντιτεταγμένους
1454 720 1694 786 πολλοὺς
1722 726 1910 786 εἰπεῖν,

223 803 328 861 οὐκ
365 801 437 860 ἂν
467 812 598 869 ἴσως
629 801 1097 878 εὐποροίηνκατὰ
1134 803 1342 874 μεγάλα
1373 804 1510 874 μέρη
1540 805 1630 858 καὶ
1669 805 1912 872 διαφανῆ

165 892 195 934 C
226 887 404 954 λέγων
441 886 566 955 περὶ
600 890 714 939 τῶν
757 881 980 955 ἡδονῶν
994 905 1006 917 ·
1057 883 1197 940 κατὰ
1236 882 1295 940 δὲ
1332 880 1534 954 σμικρὰ
1575 890 1707 948 ἴσως
1743 881 1914 939 εὐπο-

225 972 385 1037 ροίην
405 963 492 1020 ἄν.

245 1111 255 1123 ,
365 1053 484 1103 KA.
529 1045 614 1103 Οὐ
637 1047 750 1117 μὴν
772 1042 897 1100 οὐδ’
919 1041 992 1100 ἂν
1012 1043 1180 1109 αὐτὸς
1198 1049 1370 1114 ἔγωγε
1390 1046 1451 1100 ἐν
1471 1056 1584 1110 τοῖς
1599 1043 1738 1101 κατὰ
1756 1045 1915 1116 Κρή-

223 1150 326 1199 την
346 1128 539 1197 νόμοις
558 1131 734 1196 ἔχοιμι
754 1126 994 1195 ἐμφανὲς
1016 1122 1219 1194 ὁμοίως
1237 1135 1417 1180 ποιεῖν
1440 1124 1503 1180 τὸ
1523 1131 1795 1180 τοιοῦτον.

366 1217 486 1266 ΑΘ.
516 1202 582 1264 Ὦ
603 1207 821 1279 ἄριστοι
845 1210 1037 1278 ξένων,
1057 1228 1150 1262 και
1132 1204 1332 1262 οὐδέν
1347 1228 1412 1277 γε
1430 1208 1776 1278 θαυμαστόν·
1799 1206 1911 1266 ἀλλ’

226 1290 298 1348 ἂν
315 1290 424 1361 άρα
441 1313 522 1356 τις
538 1289 698 1362 ἡμῶν
716 1292 842 1389 περὶ
868 1309 1000 1352 τους
1030 1287 1278 1343 ἑκάστων
1303 1295 1448 1344 οἴκοι
1463 1289 1673 1360 νόμους
1691 1294 1825 1362 ψέξῃ
1844 1313 1913 1359 τι,

227 1373 570 1446 βουλόμενος
589 1376 728 1428 ἰδεῖν
745 1372 810 1433 τό
836 1392 894 1426 τε
917 1368 1124 1440 ἄληθες
1151 1367 1266 1441 ἅμα
1293 1372 1386 1426 καὶ
1415 1369 1475 1425 τὸ
1508 1373 1809 1442 βέλτιστον,
1840 1394 1912 1442 μη

226 1459 477 1526 χαλεπῶς
495 1452 635 1510 ἀλλὰ
657 1453 847 1525 πράως
865 1450 1267 1523 ἀποδεχώμεθα
1286 1449 1558 1524 ἀλλήλων.

369 1541 486 1592 ΚΛ.
521 1534 754 1605 Ὀρθῶς,
776 1558 819 1590 ω
840 1538 959 1601 ξένε
983 1532 1258 1606 Ἀθηναῖε,
1279 1542 1518 1606 εἴρηκας,
1537 1538 1626 1590 καὶ
1648 1537 1914 1612 πειστέον.

158 1625 194 1666 D
368 1625 486 1674 ΑΘ.
529 1615 617 1673 Οὐ
630 1615 742 1688 γὰρ
762 1616 851 1688 άν,
866 1611 912 1672 ῶ
930 1622 1176 1687 Κλεινία,
1199 1620 1508 1688 τηλικοῖσδε
1528 1616 1764 1688 ἀνδράσι
1782 1617 1915 1686 πρέ-

226 1718 323 1758 ποι
339 1700 400 1756 τό
420 1705 694 1756 τοιοῦτον.

367 1787 486 1838 ΚΛ.
529 1779 615 1837 Οὐ
632 1802 740 1854 γαρ
762 1773 880 1837 οὖν.

370 1871 487 1920 ΑΘ.
524 1868 597 1920 Εἰ
613 1864 716 1935 μὲν
733 1868 926 1919 τοίνυν
945 1861 1132 1934 ὀρθῶς
1151 1858 1186 1934 ἢ
1204 1864 1280 1935 μή
1299 1885 1379 1928 τις
1398 1866 1615 1935 ἐπιτιμᾷ
1634 1867 1703 1934 τῇ
1722 1869 1918 1919 τε’Λα-

230 1952 443 2017 κωνικῇ
461 1948 553 2001 καὶ
567 1952 636 2017 τῇ
654 1949 904 2017 Κρητικῇ
921 1950 1185 2018 πολιτεία,
1208 1943 1237 2001 ὁ
1255 1945 1420 2015 λόγος
1444 1941 1515 2006 ἄν
1535 1946 1718 2013 ἕτερος
1730 1953 1829 2016 εἴη·
1851 1946 1918 1999 τοὶ

233 2025 283 2082 δ’
310 2022 415 2083 οὖν
432 2027 704 2098 λεγόμενα
722 2028 860 2099 πρὸς
877 2034 990 2082 τῶν
1008 2034 1232 2084 πολλῶν
1252 2035 1382 2092 ἴσως
1402 2025 1507 2098 ἐγώ
1528 2033 1741 2098 μᾶλλον
1754 2022 1915 2096 ἔχοιμ’

232 2105 304 2166 ὂὶν
322 2105 483 2178 ὑμῶν
504 2107 834 2180 ἀμφοτέρων
852 2111 1048 2179 λέγειν.
1086 2106 1221 2180 ὑμῖν
1238 2111 1340 2180 μὲν
1357 2109 1483 2180 γάρ,
1516 2115 1668 2179 εἴπερ
1698 2109 1788 2164 καὶ
1820 2127 1920 2178 με·-

231 2193 394 2258 τρίως
415 2189 846 2245 κατεσκεύασται
862 2187 929 2246 τὰ
950 2196 1065 2246 τῶν
1082 2189 1290 2262 νόμων,
1305 2186 1380 2256 εἷς
1398 2198 1510 2246 τῶν
1521 2194 1828 2245 καλλίστων
1847 2184 1920 2243 ἄν

170 2282 205 2323 Ε
238 2280 321 2342 εἴη
351 2271 543 2343 νόμων
580 2272 653 2342 μὴ
684 2277 860 2342 ζητεῖν
883 2279 997 2328 τῶν
1025 2277 1170 2328 νέων
1198 2276 1409 2342 μηδένα
1439 2275 1557 2344 έᾷν,
1578 2282 1708 2326 ποῖα
1738 2277 1920 2334 καλῶς

234 2350 423 2409 αὐτῶν
441 2348 478 2423 ἦ
495 2350 568 2424 μὴ
591 2358 772 2417 καλῶς
792 2356 916 2423 ἔχει,
937 2359 1036 2425 μιᾷ
1056 2355 1115 2408 δὲ
1135 2358 1299 2424 φωνῇ
1318 2354 1411 2408 καὶ
1430 2355 1484 2418 ἐξ
1504 2351 1626 2415 ἑνὸς
1651 2351 1918 2421 στόματος

233 2436 445 2501 πάντας
465 2446 806 2507 συμφωνεῖν,
828 2432 899 2500 ῶς
919 2435 1099 2492 πάντα
1117 2441 1299 2500 καλῶς
1317 2446 1488 2490 κεῖται
1503 2436 1726 2490 θέντων
1743 2439 1914 2504 θεῶν,

231 2520 325 2575 καὶ
342 2519 442 2574 ε’άν
461 2540 540 2583 τις
560 2516 738 2583 ἄλλως
755 2518 905 2590 λέγῃ,
931 2516 1005 2590 μὴ
1036 2515 1331 2588 ἀνέχεσθαι
1358 2515 1418 2573 τό
1453 2515 1717 2586 παράπαν
1743 2513 1919 2570 ἀκού-

233 2622 421 2667 οντας·
457 2601 639 2673 γέρων
668 2603 728 2657 δὲ
765 2607 818 2656 εἰ
853 2605 933 2665 τίς
961 2622 1013 2656 τι
1042 2604 1267 2666 ξυννοεῖ
1296 2603 1414 2656 τῶν
1442 2596 1572 2667 παρ’
1604 2595 1756 2669 ὑμῖν,
1778 2593 1918 2666 πρὸς

233 2682 476 2755 αρχοντά
512 2706 570 2740 τε
608 2685 700 2741 καὶ
736 2682 876 2753 πρὸς
912 2681 1210 2754 ἡλικιώτην
1237 2680 1473 2767 μηδενὸς
1504 2684 1755 2737 ἐναντίον
1784 2681 1917 2734 νέου

233 2775 512 2824 ποιεῖσθαι
530 2765 662 2832 τοὺς
680 2765 968 2831 τοιούτους
986 2766 1202 2836 λόγους.
