1976 3172
26 749 71 793 aaa

245 116 353 171 374
858 114 1036 162 xHAA
1053 113 1219 160 ΤΩΝ
1235 113 1337 161 οΣ

245 245 313 307 εὖ
329 248 477 322 μάλα
507 250 755 319 φοβεροί.
794 252 902 311 πᾶς
928 244 996 317 δὴ
1028 245 1234 315 τιμάτω
1263 245 1464 310 πάσαις
1490 256 1669 316 τιμαῖς
1694 255 1811 311 ταῖς
1838 249 1933 304 ἐν-

245 332 440 403 νόμοις
457 330 588 394 τούς
615 326 790 385 αὑτοῦ
809 327 1144 400 γεννήτορας
1170 338 1284 392 τοῖς
1312 333 1422 383 νῦν
1446 330 1694 394 πεισθεὶς
1723 327 1931 399 λόγοις·

246 418 300 470 εἰ
317 411 367 470 δ’
393 407 502 468 οὖν
527 410 653 468 τινὰ
677 412 894 482 κατέχοι
921 410 1076 482 φήμη
1103 408 1265 481 κωφὴ
1296 415 1412 466 τῶν
1437 409 1711 466 τοιούτων
1739 429 1935 482 προοι-

246 500 408 566 μίων,
429 493 601 566 νόμος
620 492 716 550 ὅδε
738 495 827 550 ἐπὶ
845 492 1062 560 τούτοις
1089 490 1277 565 ὀρθῶς
1306 498 1557 564 κείμενος
1583 488 1655 549 ἀν
1687 499 1799 564 εἴη·
1836 493 1936 548 ἐάν

245 599 327 643 τις
345 581 407 635 έν
423 581 553 651 τῇδε
569 583 640 650 τῇ
656 576 813 633 πόλει
839 576 1054 646 γονέων
1071 574 1435 646 ἀμελέστερον
1453 579 1548 648 ἔχῃ
1573 580 1675 631 τοῦ
1695 578 1935 643 δέοντος,

182 677 216 719 Β
247 662 341 717 καὶ
375 659 450 731 μὴ
487 665 602 716 τῶν
628 662 798 715 υἱέων
823 661 916 715 καὶ
945 659 1172 715 πάντων
1206 664 1320 714 τῶν
1354 658 1606 728 ἐκγόνων
1634 655 1811 713 αὑτοῦ
1844 658 1937 712 καὶ

246 741 452 797 ἑαυτοῦ
478 739 740 809 μειζόνως
768 744 846 803 εἰς
881 738 1099 795 ἅπαντα
1134 742 1443 810 ἐπιτρέπων
1467 741 1560 796 καὶ
1596 738 1937 809 ἀποπληρῶν

244 815 283 894 ᾖ
301 820 399 885 τάς
421 820 732 892 βουλήσεις,
754 822 1242 890 έξαγγελλέτωμὲν
1270 819 1301 875 ὁ
1326 821 1556 892 πάσχων
1581 843 1634 877 τι
1659 826 1934 889 τοιοῦτον,

245 911 354 960 εἴτε
382 900 551 967 αὐτὸς
583 909 691 958 εἴτε
718 899 843 958 τινὰ
873 904 1123 973 πέμπων,
1154 899 1296 971 πρὸς
1323 913 1468 971 τρεῖς
1497 901 1599 971 μὲν
1625 908 1737 956 τῶν
1764 923 1938 974 νομο-

244 984 518 1055 φυλάκων
543 982 676 1049 τούς
712 983 1146 1055 πρεσβυτάτους,
1175 993 1321 1053 τρεῖς
1353 979 1405 1038 δ’
1439 976 1516 1037 αὖ
1543 988 1657 1038 τῶν
1679 984 1805 1051 περὶ
1831 982 1938 1052 γά-

245 1087 388 1137 μους
415 1071 704 1136 γυναικῶν
729 1065 1206 1135 ἐπιμελουμένων·
1257 1067 1316 1119 οἱ
1348 1060 1404 1119 δ’
1442 1067 1935 1135 ἐπιμελείσθωσαν,

244 1147 570 1214 κολάζοντες
586 1145 719 1212 τούς
732 1145 1072 1212 ἀδικοῦντας
1089 1148 1252 1212 νέους
1279 1144 1383 1217 μὲν
1403 1145 1568 1211 ὄντας
1600 1150 1678 1202 ἔτι
1706 1153 1940 1217 πληγαῖς

245 1231 338 1286 καὶ
372 1234 609 1301 δεσμοῖς,
646 1230 907 1300 μέχριπερ
937 1224 1009 1284 ἀν
1045 1230 1186 1284 ε’τῶν
1223 1226 1426 1299 ἄνδρες
1453 1227 1555 1300 μὲν
1588 1228 1961 1299 τυγχάνωσιν

245 1310 404 1377 ὄντες
432 1310 747 1382 τριάκοντα,
780 1320 1042 1380 γυναῖκες
1061 1310 1122 1366 δὲ
1157 1312 1290 1365 δέκα
1318 1314 1570 1366 πλείοσιν
1599 1314 1742 1365 ἔτεσι
1767 1315 1939 1365 κολα-

244 1398 534 1460 ζέσθωσαν
550 1402 668 1456 ταῖς
687 1390 878 1455 αύταῖς
894 1391 1190 1458 κολάσεσιν
1203 1411 1215 1423 ·
1248 1389 1347 1446 ἐὰν
1373 1392 1433 1447 δὲ
1451 1393 1785 1461 πορρωτέρω
1805 1389 1939 1445 τού-

243 1496 358 1541 των
374 1478 490 1529 τῶν
509 1474 649 1528 ἐτῶν
669 1471 703 1527 ὅ
709 1493 829 1536 ντες
845 1477 960 1527 τῶν
979 1470 1168 1527 αὐτῶν
1186 1470 1458 1542 ἀμελειῶν
1484 1475 1610 1544 περὶ
1638 1477 1835 1541 γονέας
1863 1472 1936 1542 μὴ

244 1554 607 1626 ἀφιστῶνται,
628 1558 840 1608 κακῶσι
866 1554 931 1608 δέ
953 1553 1107 1618 τινάς
1122 1573 1286 1624 τινες,
1318 1558 1394 1619 είς
1415 1554 1770 1625 δικαστήριον
1788 1556 1939 1629 elwa,-

242 1634 467 1708 γόντων
491 1634 699 1699 αὐτούς
731 1639 808 1700 εἰς
835 1635 937 1690 ἕνα
963 1636 1055 1690 καὶ
1081 1633 1281 1692 ἑκατὸν
1307 1640 1422 1692 τῶν
1450 1643 1710 1707 πολιτῶν,
1743 1639 1940 1701 οἵτινες

243 1714 318 1773 ἀν
337 1710 439 1772 οἷσι
460 1714 828 1788 πρεσβύτατοι
847 1712 1113 1772 ἁπάντων
1126 1739 1137 1749 ·
1178 1713 1251 1772 ἂν
1278 1718 1342 1773 δέ
1357 1739 1439 1783 τις
1465 1716 1630 1790 ὄφλῃ,
1648 1717 1856 1790 τιμάτω
1875 1717 1935 1773 τό

245 1797 604 1869 δικαστήριον
621 1796 655 1853 δ’
672 1819 723 1853 τι
749 1797 852 1869 χρὴ
875 1802 1053 1854 τίνειν
1072 1797 1110 1869 ἢ
1139 1799 1387 1871 πάσχειν,
1418 1797 1738 1871 ἀπόρρητον
1765 1800 1938 1870 μηδὲν

215 1879 571 1950 ’ποιούμενοι
605 1878 760 1936 ὅσων
796 1880 1036 1946 δυνατὸς
1070 1878 1373 1952 ἅνθρωπος
1409 1881 1640 1952 πάσχειν
1675 1877 1712 1952 ἦ
1749 1886 1935 1936 τίνειν.

186 1980 222 2021 D
252 1961 354 2017 ἐὰν
376 1961 440 2016 δέ
474 1980 556 2025 τις
592 1959 842 2035 ἀδυνατῇ
876 1962 1223 2033 κακούμενος
1259 1962 1506 2034 φράζειν,
1546 1960 1576 2018 ὁ
1613 1961 1938 2033 πυθόμενος

177 2711 211 2751 Ε

244 2047 359 2097 τῶν
378 2045 695 2114 ἐλευθέρων
713 2045 1074 2114 ἐξαγγελλέτω
1098 2053 1211 2109 τοῖς
1235 2042 1505 2114 άρχουσιν
1532 2039 1569 2115 ἢ
1598 2043 1767 2109 κακὸς
1798 2047 1936 2100 ἐστω

244 2124 338 2179 καὶ
357 2121 624 2190 ὑπόδικος
641 2131 720 2199 τῷ
737 2126 992 2182 ἐθέλοντι
1009 2124 1244 2197 βλάβης·
1274 2123 1375 2182 ἐὰν
1394 2124 1454 2182 δὲ
1473 2129 1675 2192 δοῦλος
1692 2125 1935 2198 μηνύσῃ,

244 2204 545 2275 ἐλεύθερος
572 2209 729 2276 ἔστω,
766 2208 859 2263 καὶ
887 2206 986 2263 ἐὰν
1015 2207 1118 2279 μεν
1144 2214 1259 2264 τῶν
1286 2207 1618 2264 κακούντων
1653 2203 1690 2278 ἢ
1727 2228 1938 2264 κακου-

234 2286 432 2355 μένων
453 2288 672 2356 δοῦλος,
697 2285 808 2342 υπὸ
830 2293 926 2359 τῆς
943 2286 1115 2359 ἀρχῆς
1144 2287 1417 2360 ἀφείσθω,
1450 2287 1549 2343 εἀν
1570 2291 1635 2344 δέ
1659 2310 1807 2352 τινος
1834 2287 1936 2341 ἄλ-

242 2372 349 2421 λου
385 2371 499 2421 τῶν
534 2373 803 2436 πολιτῶν,
842 2367 903 2423 τὸ
945 2369 1214 2439 δημόσιον
1254 2368 1396 2436 ὑπὲρ
1436 2367 1616 2422 αὐτοῦ
1658 2366 1822 2438 τιμὴν
1857 2375 1935 2439 τῷ

243 2447 562 2520 κεκτημένῳ
581 2449 989 2520 καταβαλλέτω·
1026 2459 1139 2513 τοῖς
1158 2447 1388 2519 ἄρχουσι
1415 2450 1474 2503 δὲ
1503 2448 1748 2519 ἐπιμελὲς
1775 2452 1930 2519 ἔστω,
1972 2456 1976 2463 '

245 2528 324 2598 μή
353 2547 434 2591 τις
464 2525 630 2600 ἀδικῇ
663 2528 765 2585 τὸν
794 2536 1050 2585 τοιοῦτον
1074 2529 1487 2600 τιμωρούμενος
1519 2536 1614 2602 τῆς
1643 2531 1932 2603 μηνύσεως

245 2629 428 2664 ενεκα.

389 2693 498 2745 XII.
526 2688 665 2747 Ὅσα
691 2712 772 2757 τις
801 2691 967 2758 ἄλλος
1002 2690 1175 2749 ἄλλον
1202 2697 1461 2764 πημαίνει
1497 2692 1826 2766 φαρμάκοις,
1865 2692 1932 2748 τά

243 2773 346 2841 μὲν
364 2773 650 2846 θανάσιμα
672 2772 859 2831 αὐτῶν
889 2779 1167 2847 διείρηται,
1199 2780 1312 2831 τῶν
1342 2773 1393 2831 δ’
1427 2774 1613 2834 ἄλλων
1641 2779 1766 2849 πέρι
1792 2774 1933 2848 βλά-
