1976 3172
236 138 342 192 378
856 138 1331 186 ΠΛΑΤΩΝΟΣ

238 286 346 328 τισι
366 272 686 340 δημοτελέσι
705 273 948 340 θυσίαις,
969 267 1100 341 μηδ’
1122 263 1196 325 αὖ
1213 272 1274 326 ἐν
1300 270 1497 337 ἄθλοις
1513 271 1645 343 μηδ’
1665 275 1726 328 ἐν
1746 270 1925 346 ἀγορᾷ

236 349 367 424 μηδ’
389 355 450 408 ἐν
469 355 801 426 δικαστηρίῳ
823 348 950 422 μηδ’
974 354 1037 408 ἐν
1064 351 1311 424 ξυλλόγῳ
1332 358 1504 427 κοινςὸ
1523 357 1735 425 μηδενί,
1755 361 1927 411 κολα-

236 438 366 503 ζέτω
384 434 444 492 δὲ
462 432 492 491 6
514 433 730 490 τούτων
750 432 938 505 ἅρχων
967 434 1199 491 ἕκαστον
1228 434 1406 505 ἀνατί,
1438 431 1475 506 ἢ
1504 435 1771 507 μηδέποτ’
1802 435 1926 506 ἀρι-

237 521 436 573 στείων
464 519 590 586 πέρι
622 513 999 588 φιλονεικήσῃ,
1032 515 1223 586 νόμων
1251 513 1325 582 ὡς
1357 514 1428 572 ού
1457 516 1767 588 κηδόμενος
1794 516 1927 574 οὐδὲ

171 608 203 651 C
222 601 417 654 ’ποιεῖν
443 595 512 651 τὰ
540 598 959 668 προσταχθέντα
987 592 1096 652 ὑπὸ
1131 602 1233 652 τοῦ
1260 602 1590 669 νομοθέτου.
1627 599 1728 654 ἐὰν
1756 600 1819 655 δέ
1845 620 1926 663 τις

237 681 298 734 ἐν
317 676 505 743 ἅλλοις
519 677 707 742 τόποις
724 681 1000 749 λοιδορίας
1024 676 1213 749 ἅρχων
1229 675 1268 751 ἦ
1287 678 1636 750 ἀμυνόμενος
1663 676 1926 736 ὁστισοῦν
1972 683 1973 687 ’

237 758 311 830 μὴ
333 758 595 829 ἀπέχηται
612 762 727 814 τῶν
745 759 1016 814 τοιούτων
1032 759 1233 829 λόγων,
1265 758 1294 815 6
1328 761 1768 832 προστυγχάνων
1787 780 1924 832 πρε-

238 837 505 910 σβύτερος
534 835 616 894 ὢν
649 845 728 912 τῷ
762 839 918 913 νόμω
946 837 1219 910 ἀμυνέτω,
1247 847 1478 911 πληγαῖς
1505 844 1765 913 ἐξείργων
1793 840 1927 906 τοὺς

234 926 403 994 θυμῳ
431 921 596 994 ἑτέρω
614 926 767 993 κακῷ
793 923 1364 992 φιλοφρονουμένους,
1393 918 1430 1021 η’
1459 925 1733 992 ἐνεχέσθω
1750 931 1818 995 τῇ
1836 945 1927 980 τε·

236 1004 479 1094 ταγμένη
501 1006 675 1076 ζημία.
715 977 947 1073 λέγομεν
967 1001 1034 1073 δὴ
1056 1001 1123 1057 τὰ
1154 1008 1264 1058 νῦν
1293 1025 1367 1069 ως
1394 1000 1423 1059 6
1453 1007 1763 1076 λοιδορίαις
1782 1020 1907 1075 συμ-

238 1057 617 1153 πλεκόμενος’
594 1083 732 1139 άνευ
749 1089 851 1139 τοῦ
868 1090 1056 1154 γελοῖα
1075 1088 1253 1155 ζητεῖν
1268 1086 1452 1155 λέγειν
1469 1084 1539 1141 ού
1558 1085 1796 1151 δυνατός
1814 1088 1927 1142 ἐστι

169 1184 204 1224 D
237 1173 496 1239 χρῆσθαι,
517 1169 611 1223 καὶ
628 1174 792 1223 τοῦτο
814 1171 1196 1239 λοιδοροῦμεν,
1223 1164 1432 1224 ὁπόταν
1459 1174 1631 1244 θυμῷ
1661 1168 1926 1240 γιγνόμε-

238 1270 344 1304 νον
360 1242 425 1320 ᾗ·
447 1254 501 1305 τί
518 1251 578 1305 δὲ
599 1247 693 1320 δή·
680 1292 695 1316 ,
714 1248 819 1320 τὴν
834 1255 949 1306 τῶν
971 1253 1258 1323 κωμῳδων
1276 1255 1602 1322 προθυμίαν
1618 1257 1721 1306 τοῦ
1739 1256 1927 1321 γελοῖα

239 1336 317 1396 εἰς
347 1352 480 1396 τους
505 1329 847 1402 ἀνθρώπους
880 1334 1061 1401 λέγειν
1094 1334 1129 1402 ἡ
1153 1332 1620 1403 παραδεχώμεθα,
1656 1334 1755 1388 ἐὰν
1788 1333 1927 1388 ἄνευ

237 1418 432 1483 θυμοῦ
449 1410 510 1467 τό
539 1417 797 1466 τοιοῦτον
814 1409 947 1481 ἡμῖν
973 1433 1105 1476 τους
1134 1416 1358 1476 πολίτας
1385 1416 1694 1482 ἐπιχειρωσι
1725 1433 1927 1485 κωμῳ-

239 1497 470 1558 δοῦντες
485 1494 683 1568 λέγειν,
719 1515 753 1563 η
777 1492 1129 1563 διαλάβωμεν
1150 1496 1271 1563 δίχα
1288 1514 1363 1564 τῳ
1384 1498 1594 1559 παίζειν
1611 1496 1701 1548 καὶ
1721 1493 1816 1584 μή,
1835 1495 1927 1548 καὶ

239 1579 486 1641 παίζοντι
503 1596 606 1645 μεν
620 1576 815 1639 ἐξέστω
834 1575 940 1629 τινὶ
957 1579 1086 1643 περί
1099 1595 1201 1629 του
1219 1577 1399 1643 λέγειν
1415 1563 1680 1644 yel'oz'ov’
1656 1564 1794 1631 άνευ
1811 1582 1928 1631 θυ-

238 1662 366 1728 μοῦ,
391 1658 776 1729 συντεταμένῳ
797 1656 857 1710 δὲ
875 1657 967 1710 καὶ
988 1653 1123 1725 μετὰ
1152 1662 1365 1727 θυμοῦ,
1393 1657 1652 1728 καθάπερ
1678 1664 1924 1728 εἴπομεν,

176 1757 209 1796 E
240 1738 315 1811 μὴ
335 1742 529 1805 ἐξέστω
548 1742 747 1809 μηδενί
756 1761 771 1804 ;
807 1744 973 1794 τοῦτο
1001 1738 1105 1808 μὲν
1122 1731 1229 1793 οὖν
1258 1735 1518 1808 οὐδαμῶς
1536 1735 1859 1809 ἀναθετέον,
1880 1731 1928 1811 ᾦ

240 1817 295 1876 δ’
318 1823 512 1886 ἐξέστω
533 1822 624 1875 καὶ
640 1819 734 1890 μή,
753 1824 917 1874 τοῦτο
936 1819 1466 1890 νομοθετησώμεθα.
1503 1825 1700 1891 ποιητῇ
1724 1820 1790 1890 δὴ
1811 1841 1926 1876 κω-

238 1900 495 1975 μῳδίαςῆ
505 1923 654 1966 τινος
664 1901 880 1973 ἰάμβων
899 1896 944 1972 ἦ
952 1906 1181 1972 μουσῶν
1195 1904 1463 1972 μελῳδίας
1481 1899 1553 1971 μὴ
1577 1904 1771 1966 ἐξέστω
1789 1901 1926 1973 μήτε

238 1984 387 2057 λόγῳ
408 1983 545 2056 μήτε
576 1982 749 2039 εἰκόνι
777 1982 912 2055 μήτε
940 1988 1110 2056 θυμῷ
1128 1983 1264 2054 μήτε
1283 1981 1423 2038 ἄνευ
1451 1988 1644 2053 θυμοῦ
1663 1986 1928 2054 μηδαμῶς

238 2068 451 2137 μηδένα
467 2070 582 2122 τῶν
607 2072 850 2122 πολιτῶν
869 2069 1180 2140 κωμῳδεῖν·
1219 2062 1318 2120 ἐὰν
1346 2067 1409 2119 δέ
1431 2086 1513 2129 τις
1542 2061 1766 2148 ἀπειθῇ,
1796 2062 1928 2129 τούς

239 2145 555 2212 ἀθλοθέτας
581 2150 844 2218 ἐξείργειν
873 2149 933 2204 ἐκ
962 2154 1059 2218 τῆς
1081 2146 1263 2219 χώρας
1288 2145 1349 2203 τὸ
1379 2146 1643 2215 παράπαν
1673 2144 1927 2247 αὐθημε·

61 2272 63 2275 .
121 2238 210 2284 936
239 2227 362 2300 ρόν,
383 2225 420 2297 ἢ
441 2232 773 2298 ζημιοῦσθαι
791 2240 954 2299 μναῖς
971 2230 1149 2298 τρισὶν
1178 2232 1350 2299 ἱεραῖς
1367 2233 1470 2283 τοῦ
1498 2234 1660 2299 θεοῦ,
1691 2221 1763 2283 οῦ
1793 2224 1864 2283 ἀν
1894 2224 1922 2282 6

240 2306 397 2378 ἀγων
413 2311 475 2380 ᾖ
517 2304 598 2374 οἷς
617 2307 667 2364 δ’
703 2318 914 2381 εἴρηται
941 2311 1215 2380 πρότερον
1234 2311 1490 2374 ἐξουσίαν
1509 2308 1648 2365 εἶναι
1671 2312 1797 2377 περὶ
1822 2313 1928 2363 τοῦ

172 2408 179 2414 ·
239 2400 419 2446 ποιεῖν
438 2393 513 2454 είς
532 2387 821 2460 ἀλλήλους,
840 2391 1058 2453 τούτοις
1077 2388 1214 2444 ἄνευ
1231 2395 1427 2459 θυμοῦ
1437 2411 1555 2460 μεν
1557 2387 1694 2459 μετὰ
1705 2391 1932 2453 παιδιᾶς

239 2475 456 2542 ἐξέστω,
476 2473 692 2542 σπουδῇ
711 2469 812 2527 δὲ’
787 2470 898 2542 άμα
917 2472 1008 2526 καὶ
1026 2471 1433 2541 θυμουμένοισι
1458 2469 1531 2541 μὴ
1553 2473 1760 2536 ἐξέστω.
1791 2469 1926 2525 τού-

241 2574 344 2608 του
374 2552 769 2624 δὴδιάγνωσις
798 2551 1182 2622 ἐπιτετράφθω
1202 2557 1280 2625 τῷ
1301 2556 1397 2621 τῆς
1425 2550 1766 2615 παιδεύσεως
1795 2550 1926 2622 ὅλης

241 2637 538 2706 ἐπιμελητῇ
556 2640 670 2691 τῶν
691 2634 835 2691 νέων
849 2657 861 2668 ·
897 2637 989 2691 καὶ
1010 2635 1041 2690 ὃ
1058 2634 1158 2706 μὲν
1177 2630 1249 2689 ἂν
1268 2626 1432 2698 οὗτος
1449 2636 1693 2705 ἐγκρίνῃ,
1712 2635 1926 2704 προφέ-

243 2737 364 2788 ρειν
383 2720 460 2781 εἰς
475 2713 537 2772 τὸ
558 2718 730 2787 μέσον
749 2719 944 2783 ἐξέστω
962 2719 1042 2789 τῷ
1059 2715 1367 2786 ποιήσαντι,
1395 2711 1427 2770 ὃ
1458 2714 1510 2770 δ’
1541 2711 1615 2771 άν
1633 2713 1924 2786 ἀποκρίνῃ,

175 2809 208 2849 Β
242 2798 378 2868 μήτε
405 2795 573 2862 αὐτὸς
592 2797 996 2854 ἐπιδεικνύσθω
1016 2797 1208 2869 μηδενὶ
1227 2796 1364 2869 μήτε
1384 2794 1556 2853 ἄλλον
1567 2800 1773 2853 δοῦλον
1790 2797 1925 2867 μηδὲ
