1976 3172
690 134 1152 183 ΕΠΙΝΟΜΙΣ.
1670 125 1776 179 429

227 281 345 332 ΑΘ.
380 277 543 330 Ζῶον
559 269 663 339 μὲν
682 267 749 338 δὴ
775 265 838 322 τὸ
860 273 1117 321 τοιοῦτον
1143 272 1387 322 καλεῖται
1417 264 1767 330 δικαιότατα;
1800 283 1835 323 Β

229 364 348 414 ΚΛ.
383 361 513 412 Ναί.
542 391 553 402 ·

229 445 346 495 ΑΘ
382 433 596 507 Στερεὰ
626 434 688 491 δὲ
721 432 949 503 σώματα
980 434 1241 501 λέγεσθαι
1270 428 1370 502 χρὴ
1399 428 1538 486 κατὰ
1567 427 1668 485 τὸν
1698 433 1778 484 εἰ·

87 519 224 578 κᾶτα
243 520 413 590 λόγον
433 521 613 588 πέντε,
632 518 689 583 ἐξ
710 507 792 571 ὦν
810 513 1074 570 κάλλιστα
1085 511 1232 569 καὶ”
1195 512 1394 584 αριστά
1412 533 1494 577 τις
1512 507 1585 567 ἂν
1602 511 1778 567 πλάτ-

88 623 191 672 τοι,
210 600 272 658 τὸ
295 599 355 657 δὲ
366 599 505 656 ἄλλο
524 595 739 670 γένος”
702 616 853 652 απαν
871 599 979 666 ἔχει
995 591 1223 666 μορφὴν
1236 590 1483 663 μίαν·οὐ
1500 592 1609 663 γάρ
1627 595 1778 648 ε’στιν

88 682 388 754 ἀσώματον
414 681 449 736 6’
476 686 534 736 τί
563 675 688 735 ποτ’
716 675 853 733 ἄλλο
883 672 1115 747 γίγνοιτ’
1155 695 1228 729 αν
1264 675 1355 729 καὶ
1382 679 1576 744 χρῶμα
1610 671 1780 729 οὐδὲν

88 762 348 834 οὐδαμοῖς
366 759 624 818 οὐδέποτ’
648 764 793 831 ἔχον,
811 756 959 829 πλὴν
986 756 1048 813 τό
1079 755 1378 812 θειότατον
1398 754 1575 834 ὅντως
1602 760 1782 825 ψυχῆς

88 847 262 916 γένος.
302 849 468 900 τοῦτο
490 842 542 899 δ’
571 843 685 899 ἐστὶ
716 839 967 914 σχεδὸν
948 861 991 894 ω
1021 836 1176 911 μόνω
1206 837 1467 893 πλάττειν
1499 837 1591 892 καὶ
1620 839 1782 907 δημι-

90 938 318 998 ουργεῖν
333 924 617 998 προσήκει,
649 924 861 995 σώματι
880 924 960 992 δέ,
990 919 1023 976 ὁ
1042 924 1303 991 λέγομεν,
1328 918 1671 975 πλάττεσθαι
1688 920 1781 973 καὶ
1811 928 1842 970 C

91 1016 386 1082 γίγνεσθαι
405 1011 496 1064 καὶ
515 1007 761 1079 ὁρᾶσθαι
774 1030 786 1041 ·
822 1013 901 1079 τῷ
919 1007 983 1060 δέ
997 1035 1069 1049 -·
1086 1006 1333 1074 λέγωμεν
1353 999 1656 1057 πάλιν·οὐ
1672 998 1782 1071 γάρ

91 1091 236 1158 ἅπαξ
264 1094 549 1162 ρητέον-
571 1087 792 1162 ἀοράτῳ
821 1109 880 1144 τε
908 1085 1050 1142 εἶναι
1084 1087 1175 1141 καὶ
1202 1084 1572 1156 γιγνώσκοντι
1598 1090 1783 1155 νοητῷ

91 1195 169 1274 τε,
189 1173 406 1245 μνήμης
423 1172 793 1244 μεταλαβόντι
823 1174 1094 1240 λογισμοῦ
1121 1188 1179 1223 τε
1209 1169 1273 1224 ἐν
1302 1178 1575 1238 περιτταῖς
1601 1187 1661 1222 τε
1691 1166 1784 1221 καὶ

92 1253 304 1324 ἅρτίαις
328 1251 444 1324 ἅμα
463 1257 804 1324 μεταβολαῖς.
846 1253 1009 1306 πέντε
1029 1243 1138 1305 οὖν
1157 1247 1340 1306 ὄντων
1368 1271 1481 1306 των
1511 1248 1785 1320 σωμάτων

93 1344 209 1408 πῦρ
233 1335 335 1408 χρὴ
354 1337 532 1407 φάναι
556 1338 650 1391 καὶ
666 1333 821 1405 ὕδωρ
844 1332 986 1389 εἶναι
1012 1335 1104 1389 καὶ
1130 1336 1318 1402 τρίτον
1340 1329 1494 1403 ἀέρα,
1523 1332 1787 1401 τέταρτον

95 1423 156 1475 δὲ
195 1425 322 1491 γῆν,
361 1421 614 1490 πέμπτον
650 1417 711 1473 δὲ
747 1418 973 1487 αἰθέρα·
1020 1414 1237 1471 τούτων
1275 1412 1330 1470 δ’
1370 1418 1433 1470 ἐν
1467 1412 1788 1486 ἡγεμονίαις

94 1502 341 1558 ἑκάστων
359 1504 502 1567 ζῶον
513 1497 659 1556 πολὺ
677 1499 769 1554 καὶ
779 1496 1140 1554 παντοδαπὸν
1152 1494 1559 1552 ἀποτελεῖσθαι.
1582 1503 1788 1569 μαθεῖν

97 1585 157 1640 δὲ
176 1581 311 1640 καθ’
335 1585 399 1638 ἓν
422 1575 521 1637 οἷδ’
543 1585 657 1637 ἔστι
674 1581 867 1652 χρεών.
915 1582 1114 1652 γήϊνον
1138 1580 1241 1651 μεν
1267 1585 1517 1652 τιθῶμεν
1544 1579 1607 1636 τὸ
1630 1586 1850 1652 πρῶ-Ι)

98 1688 197 1723 τον
217 1665 352 1737 ἡμῖν
379 1666 460 1735 ἓν,
495 1665 708 1730 πάντας
726 1664 832 1735 μὲν
859 1661 1220 1732 ἀνθρώπους,
1251 1662 1433 1718 πάντα
1462 1664 1522 1717 δὲ
1551 1660 1656 1717 ὅσα
1682 1681 1788 1717 πο-

98 1749 315 1804 λύποδα
337 1749 429 1803 καὶ
450 1745 651 1816 ἄποδα,
679 1747 772 1801 καὶ
803 1744 911 1801 ὅσα
944 1744 1257 1815 πορεύσιμα
1293 1746 1386 1799 καὶ
1421 1740 1528 1799 ὅσα
1561 1743 1789 1815 μόνιμα,

98 1829 455 1900 διειλημμένα
474 1829 667 1899 ῥίζαις·
705 1826 768 1883 τό
793 1828 853 1884 δὲ
868 1830 931 1883 ἓν
950 1825 1127 1882 αὐτοῦ
1151 1825 1279 1881 τόδε
1312 1828 1555 1896 νομίζειν
1586 1828 1684 1896 δεῖ,
1718 1822 1791 1891 ὥς

97 1910 278 1976 πάντα
301 1910 405 1982 μὲν
416 1912 478 1978 ἐξ
497 1907 765 1966 ἁπάντων
782 1908 940 1966 ταῦτ’
965 1914 1079 1965 ἔστι
1107 1914 1221 1964 τών
1249 1913 1449 1978 γενῶν,
1471 1905 1535 1963 τὸ
1559 1905 1619 1963 δὲ
1642 1905 1788 1963 πολὺ

97 1992 304 2048 τούτου
320 1997 423 2064 γῆς
440 1993 554 2048 ἐστὶ
571 1994 665 2048 καὶ
685 1997 782 2063 τῆς
799 1995 1120 2062 στερεμνίας
1150 1990 1390 2060 φύσεως.
1429 1987 1564 2046 ἄλλο
1597 1991 1659 2046 δὲ
1685 1987 1786 2060 χ’ρη

98 2075 243 2144 ζώου
261 2077 423 2147 γένος
440 2082 629 2131 θεῖναι
656 2074 921 2144 δεύτερον
936 2074 1272 2146 γιγνόμενον
1293 2071 1407 2144 ἅμα
1433 2074 1524 2129 καὶ
1544 2070 1788 2128 δυνατὸν

97 2155 367 2233 ὁρᾶσθαιζ
405 2157 468 2213 τὸ
488 2156 596 2228 γὰρ
615 2163 875 2212 πλεῖστον
893 2155 1070 2225 πυρὸς
1094 2158 1218 2226 ἔχει,
1240 2158 1348 2226 ἔχει
1365 2153 1477 2227 μὴν
1494 2160 1596 2226 γῆς
1617 2175 1677 2210 τε
1697 2155 1789 2210 καὶ

98 2237 277 2311 ἀέρος,
299 2242 407 2309 ἔχει
426 2237 487 2294 δὲ
519 2239 611 2294 καὶ
635 2235 901 2295 ἁπάντων
927 2243 1042 2294 τῶν
1071 2237 1257 2294 ἄλλων
1277 2240 1484 2311 βραχέα
1512 2239 1668 2309 μέρη,
1701 2238 1786 2292 διὰ
1818 2244 1850 2284 Ε

100 2321 167 2392 δὴ
190 2321 299 2388 ζώά
322 2341 380 2376 τε
398 2322 452 2386 ἐξ
472 2318 661 2376 αὐτῶν
689 2319 1016 2378 παντοδαπὰ
1037 2323 1330 2392 γίγνεσθαι
1357 2320 1461 2392 χρὴ
1492 2319 1671 2391 φάναι
1699 2321 1791 2375 καὶ

99 2402 375 2475 ὁρώμενα,
397 2408 620 2474 νομίσαι
639 2405 699 2461 δὲ
720 2405 787 2476 δὴ
809 2409 896 2461 δεῖ
917 2405 1086 2461 πάλιν
1116 2404 1183 2460 τὰ
1213 2402 1334 2461 κατ’
1369 2401 1616 2475 οὐρανὸν
1636 2401 1791 2469 ζώων

101 2486 254 2555 γένη,
275 2482 309 2539 ὃ
326 2482 394 2556 δὴ
417 2489 533 2540 πᾶν
546 2484 649 2558 χρὴ
671 2485 848 2556 φάναι
865 2494 1027 2544 θετον
1043 2490 1204 2559 γένος
1232 2486 1453 2557 ἄστρων
1481 2488 1788 2555 γεγονέναι,

104 2564 357 2637 σώματος
377 2565 480 2636 μὲν
497 2567 667 2640 τυχὸν
684 2573 999 2640 καλλίστου,
1019 2576 1196 2640 ψυχῆς
1216 2571 1275 2624 δὲ
1294 2566 1791 2639 εὖδαιμονεστάτης

103 2670 159 2704 τε
197 2649 287 2704 καὶ
326 2644 563 2721 ἀρίστης.
599 2654 761 2708 δυοῖν
789 2655 849 2709 δὲ
874 2650 1062 2717 αὐτοῖς
1089 2657 1303 2723 μοιρῶν
1332 2649 1436 2722 τὴν
1467 2651 1659 2723 ἑτέραν
1672 2649 1787 2723 ·χρὴ

105 2730 237 2802 δόξῃ
254 2731 609 2809 μεταδιδόναι
628 2735 849 2806 σχεδόν·
888 2731 1047 2806 ἦγάρ
1069 2732 1400 2805 ἀνώλεθρόν
1429 2755 1487 2790 τε
1517 2735 1608 2790 καὶ
1637 2732 1789 2790 άθά-

106 2834 275 2868 νατον
293 2813 527 2870 ἕκαστον
545 2813 732 2873 αὐτῶν
751 2815 889 2874 εἶναι
910 2818 998 2873 καὶ
1018 2824 1179 2873 θετον
1197 2816 1257 2873 τὸ
1280 2816 1547 2887 παράπαν
1565 2818 1620 2883 ἐξ
1642 2814 1790 2874 ἁπά-
1821 2830 1905 2876 982
