1976 3172
215 153 320 205 266
811 154 1294 203 ΠΛΑΤῼΝΟΣ

217 290 408 344 κακῶν
418 286 644 358 γίγνοιτ’
666 285 756 356 ἄν,
768 287 1198 360 καταφρονήσας
1219 289 1279 345 δὲ
1301 292 1503 355 διτταῖς
1522 293 1698 356 δίκαις
1717 295 1905 364 ἔνοχος

217 374 374 440 ἔστω,
399 376 502 443 μιᾷ
519 371 623 441 μὲν
642 368 793 442 παρὰ
811 377 969 427 θεῶν
992 374 1084 428 καὶ
1102 371 1311 445 πρώτῃ,
1332 375 1565 447 δευτέρᾳ
1583 375 1644 430 δὲ
1673 371 1780 430 ὑπὸ
1804 376 1906 432 νό-

161 465 194 504 Β
224 475 348 524 μου.
386 455 576 524 μηδεὶς
610 451 717 525 γὰρ
749 452 895 510 ἑκών
931 459 1149 511 κινείτω
1178 462 1280 528 γῆς
1307 455 1434 528 ὅρια
1458 457 1741 528 γειτόνων·
1770 456 1831 522 ὃς
1845 453 1901 514 δ’

217 533 292 592 ἀν
315 536 533 608 κινήσῃ,
554 539 807 608 μηνυέτω
826 537 930 608 μὲν
958 536 988 592 ὁ
1011 537 1353 610 βουλόμενος
1379 551 1493 606 τοῖς
1511 540 1831 612 γεωμόροις,
1852 544 1911 596 οἱ

217 619 278 676 δὲ
297 623 374 685 εἰς
392 619 454 675 τὸ
474 619 831 691 δικαστήριον
850 618 1104 690 ἀγόντων
1117 645 1129 656 ·
1159 621 1233 694 ἤν
1251 626 1316 679 δέ
1329 646 1409 689 τις
1428 624 1578 697 ὄφλῃ
1593 623 1695 696 τὴν
1714 622 1906 679 τοιαύ-

215 723 318 773 την
335 705 512 773 δίκην,
535 700 608 766 ὡς
627 699 946 759 ἀνάδαστον
956 711 1063 774 γῆν
1075 704 1262 779 λάθρᾳ
1272 708 1363 762 καὶ
1374 712 1469 781 βία
1488 713 1784 772 ποιοῦντος
1803 712 1905 762 τοῦ

216 784 490 855 ὄφλοντος
516 784 721 854 τιμάτω
756 784 819 840 τὸ
859 787 1218 857 δικαστήριον
1245 786 1277 843 ὅ
1305 811 1357 844 τι
1384 786 1457 844 ἂν
1489 790 1586 861 δέῃ
1614 789 1847 859 πάσχειν
1867 783 1906 858 ἦ

214 865 499 923 ἀποτίνειν
518 863 957 936 τόνὴττηθέντα.
992 866 1054 921 τὸ
1085 871 1146 922 δὲ
1173 868 1309 937 μετὰ
1338 877 1503 924 τοῦτο
1532 870 1739 941 βλάβαι
1766 877 1902 925 πολ-

213 950 302 1005 λαὶ
341 949 433 1004 καὶ
472 948 697 1019 σμικραὶ
744 947 1015 1017 γειτόνων
1058 949 1386 1020 γιγνόμεναι
1422 949 1514 1006 διὰ
1549 949 1612 1006 τὸ
1647 954 1905 1022 θαμίζειν

155 1045 187 1087 G
216 1030 454 1103 ἔχθρας’
435 1030 606 1100 όγκον
623 1033 798 1101 μέγαν
817 1031 1164 1086 ἐντίκτουσαι
1181 1030 1426 1103 χαλεπὴν
1444 1034 1536 1088 καὶ
1560 1033 1782 1105 σφόδρα
1810 1053 1903 1089 πι-

211 1112 358 1187 κρὰν
387 1117 665 1184 γειτονίαν
683 1109 1110 1183 ἀπεργάζονται·
1150 1112 1236 1169 διὸ
1265 1114 1369 1186 χρὴ
1398 1116 1620 1182 πάντως
1651 1114 1904 1188 εὐλαβεῖ-

106 1227 121 1247 .
213 1205 350 1252 σθαι
367 1200 589 1266 γείτονα
614 1199 822 1265 γείτονι
840 1194 1014 1266 μηδὲν
1032 1207 1211 1252 ποιεῖν
1236 1198 1535 1269 διάφορον,
1564 1221 1678 1255 των
1710 1221 1770 1254 τε
1801 1197 1904 1254 ἀλ-

211 1286 328 1334 λων
348 1279 474 1350 πέρι
491 1279 584 1334 καὶ
603 1277 669 1348 δὴ
684 1278 776 1333 καὶ
791 1266 1120 1348 ἐπεργασίας
1138 1278 1427 1352 ξυμπάσης
1438 1280 1658 1354 σφόδρα
1679 1285 1903 1337 διευλα-

210 1362 516 1434 βούμενον·
555 1360 617 1416 τὸ
638 1383 742 1431 μεν
760 1359 868 1431 γὰρ
892 1361 1159 1432 βλάπτειν
1175 1359 1343 1418 οὐδεν
1367 1362 1611 1433 χαλεπὸν
1640 1362 1763 1419 ἀλλ’
1798 1363 1902 1419 ἀν-

208 1446 450 1516 θρώπου
467 1442 692 1513 παντός,
711 1441 773 1497 τὸ
809 1441 863 1496 δ’
891 1445 1200 1513 ἐπωφελεῖν
1220 1441 1441 1515 οὐδαμῇ
1463 1442 1720 1509 ἅπαντος.
1761 1442 1823 1509 ὃς
1843 1442 1895 1499 δ’

209 1525 284 1587 ἂν
299 1527 658 1600 ἐπεργάζηται
679 1523 747 1580 τὰ
769 1530 873 1580 τοῦ
889 1530 1137 1596 γείτονος
1164 1525 1523 1598 ὑπερβαίνων
1551 1526 1684 1591 τοὺς
1710 1525 1899 1596 ὅρους,

208 1610 270 1666 τὸ
293 1610 397 1681 μὲν
415 1609 623 1681 βλάβος
643 1607 965 1679 ἀποτινέτω,
988 1615 1085 1680 τῆς
1105 1609 1163 1666 δὲ
1189 1608 1470 1675 ἀναιδείας
1498 1607 1615 1680 ἅμα
1647 1611 1739 1664 καὶ
1768 1606 1900 1664 ἀνε-

142 1705 178 1747 D
210 1697 506 1763 λευθερίας
551 1692 712 1747 ἕνεκα
750 1691 1140 1763 ἰατρευόμενος
1178 1690 1470 1747 διπλάσιον
1505 1698 1611 1747 τοῦ
1652 1689 1900 1763 βλάβους

208 1775 343 1831 ἄλλο
372 1772 636 1830 ἐκτισάτω
670 1779 750 1847 τῷ
786 1777 1124 1845 βλαφθέντι·
1162 1774 1378 1830 τούτων
1414 1777 1475 1830 δὲ
1504 1777 1596 1830 καὶ
1632 1771 1898 1830 ἁπάντων

207 1864 321 1912 τῶν
356 1858 626 1913 τοιούτων
659 1857 1033 1928 ἐπιγνώμονές
1060 1879 1118 1913 τε
1148 1858 1241 1913 καὶ
1276 1858 1524 1912 δικασταὶ
1552 1857 1646 1912 καὶ
1680 1857 1898 1927 τιμηταὶ

207 1943 526 2011 γιγνέσθων
537 1937 863 2017 ἀγρονόμοι,
876 1945 991 1995 τῶν
1009 1942 1112 2010 μὲν
1129 1937 1414 2010 μειζόνων,
1425 1937 1684 2008 καθάπερ
1707 1938 1768 1992 ἐν
1784 1947 1897 2002 τοῖς

206 2021 464 2091 πρόσθεν
482 2028 709 2093 εἴρηται,
740 2020 943 2093 πᾶσαὴ
973 2027 1074 2077 τοῦ
1096 2025 1579 2092 δωδεκατημορίου
1596 2019 1760 2090 τάξις,
1782 2025 1897 2075 τῶν

121 2175 125 2178 v
207 2104 529 2162 ἐλαττόνων
542 2104 601 2161 δὲ
620 2107 678 2160 oc
692 2105 1040 2179 φρούραρχοι
1066 2103 1295 2160 τούτων.
1331 2105 1426 2160 καὶ
1449 2103 1550 2159 ἐάν
1578 2123 1657 2168 τις
1684 2102 1896 2174 βοσκή-

208 2208 352 2256 ματα
371 2190 617 2260 ἐπινέμῃ,
639 2187 737 2254 τάς
755 2188 967 2261 βλάβας
985 2185 1227 2259 ὁρῶντες
1246 2186 1558 2259 κρινόντων
1575 2186 1668 2241 καὶ
1686 2183 1895 2255 τιμών-

206 2289 337 2338 των,
376 2271 467 2324 καὶ
502 2271 601 2326 ε’ἀν
633 2271 836 2342 ἐσμοὺς
881 2270 1206 2344 ἀλλοτρίους
1240 2275 1527 2342 σφετερίζῃ
1563 2290 1644 2334 τις
1678 2274 1746 2339 τῇ
1781 2273 1895 2322 τῶν

142 2366 178 2408 Ε
209 2355 477 2422 μελιττῶν
494 2348 674 2421 ἡδονῇ
693 2352 1067 2423 ξυνεπόμενος
1087 2356 1180 2408 καὶ
1207 2352 1574 2422 κατακρούων
1601 2349 1778 2411 οὕτως
1806 2352 1891 2402 οἰ-

205 2438 444 2504 κειῶται,
468 2435 661 2488 τινέτω
681 2431 783 2502 τὴν
800 2434 1017 2504 βλάβην
1033 2456 1044 2466 ·
1077 2436 1168 2488 καὶ
1195 2432 1294 2488 ἐὰν
1319 2431 1584 2500 πυρεύων
1614 2428 1718 2499 τὴν
1746 2426 1892 2497 ὕλην

206 2513 279 2585 μὴ
318 2508 664 2586 διευλαβηθῇ
698 2519 813 2569 τῶν
848 2519 952 2569 τοῦ
979 2518 1242 2583 γείτονος,
1277 2510 1381 2583 τὴν
1418 2511 1658 2578 δόξασαν
1697 2514 1890 2581 ζημίαν

205 2607 321 2662 τοῖς
338 2595 570 2669 ἄρχουσι
589 2596 925 2668 ζημιούσθω,
946 2599 1038 2652 καὶ
1055 2596 1154 2652 ἐὰν
1167 2595 1430 2667 φυτεύων
1441 2594 1514 2666 μὴ
1536 2592 1807 2664 ἀπολείπῃ
1824 2590 1886 2647 τό

208 2680 411 2751 μέτρον
446 2684 560 2735 ταῖν
592 2685 696 2735 τοῦ
731 2683 980 2749 γείτονος
1005 2683 1240 2750 χωρίων,
1270 2677 1530 2747 καθάπερ
1561 2683 1770 2747 εἴρηται
1797 2674 1889 2730 καὶ

205 2766 432 2838 πολλοῖς
449 2766 780 2835 νομοθέταις
803 2764 1023 2832 ἱκανῶς,
1045 2754 1127 2816 οἷν
1143 2771 1255 2825 τοῖς
1276 2760 1467 2831 νόμοις
1484 2757 1888 2830 χρὴπροσχρῆ-
1963 2791 1966 2795 -

205 2853 341 2900 σθαι
359 2847 450 2901 καὶ
473 2843 546 2917 μὴ
568 2845 750 2901 πάντα
770 2842 965 2910 ἀξιοῦν
983 2843 1159 2899 πολλοὶ
1179 2844 1270 2899 καὶ
1299 2840 1501 2913 σμικροὶ
1520 2843 1610 2897 καὶ
1638 2845 1741 2895 τοῦ
1765 2841 1880 2894 ε’πι-
