1976 3172
157 109 265 139 xxlv
858 95 1271 141 PRAEFATIO.

152 223 221 258 τις
250 210 422 262 quidem
429 219 527 273 pro
554 204 638 258 τῆς
660 208 750 260 jam
779 207 925 253 Stallb.
955 210 1200 263 scripserat,
1231 211 1426 251 manebat
1450 216 1591 251 tamen
1619 212 1686 252 vel
1714 214 1774 253 sic
1795 220 1836 254 et
1862 216 1942 254 mi-

151 279 244 308 rum
277 266 386 307 illud
421 256 534 304 ἄνευ
565 263 791 317 μαντικῆς
829 261 951 306 εἶναι
985 274 1025 308 et
1053 281 1202 309 manca
1234 269 1420 321 proximi
1461 260 1630 308 ταύτὸν
1659 271 1829 321 relatio,
1871 273 1942 312 cui

152 337 264 365 nunc
304 324 475 363 demum
513 312 540 362 ὃ
572 329 683 363 recte
723 324 974 376 respondet:
1014 327 1127 378 quod
1161 325 1253 366 scil.
1301 326 1353 367 de
1385 339 1433 366 eo
1466 327 1737 371 constitutum
1777 336 1863 381 est,
1904 332 1944 370 si

152 385 244 451 guis
270 381 456 431 veneficii
479 381 684 421 convictus
705 380 865 435 fuerit,
894 383 1003 423 idem
1032 384 1084 424 de
1107 384 1184 424 Izoc
1203 386 1297 434 fiat.
1331 408 1390 416 —-
1419 384 1466 426 P.
1499 381 1584 424 933
1612 383 1646 423 Ε
1676 379 1832 439 ἕτερον
1862 398 1940 438 pro

151 450 306 491 ετερος
345 450 408 478 ex
430 437 628 504 plurimis
653 438 770 478 libris
799 440 965 492 recepi,
1007 453 1140 507 eoque
1167 440 1278 481 facto
1311 433 1450 480 ἄλλον
1478 446 1621 493 utpote
1653 442 1942 495 dittographia

153 503 290 538 ortum
321 495 654 563 circumscripsi;
693 507 746 536 ne
777 497 870 547 quis
903 497 1011 536 enim
1040 498 1164 551 jungi
1205 505 1430 549 utrumque
1458 510 1587 550 posse
1628 511 1680 540 ex
1715 512 1759 552 p.
1791 500 1876 541 875
1907 499 1941 539 D

153 553 343 607 colligat,
382 552 470 592 illic
502 543 660 603 ετερον
687 559 881 593 neutrum
913 560 998 601 est;
1041 555 1242 620 deinceps
1274 568 1373 595 vero
1406 555 1635 596 eorundem
1664 552 1848 610 vestig-ia
1878 569 1943 597 se-

151 617 272 653 cutus
310 622 397 650 non
437 611 632 676 equidem
666 603 716 650 δὲ
746 605 833 663 μή,
873 618 915 651 at
946 605 997 651 δὲ
1033 605 1093 663 δὴ
1131 604 1362 663 ζημιωσας
1393 613 1530 659 edidi,
1571 626 1676 663 quas
1711 613 1942 666 particulas

151 681 281 720 quum
310 667 414 708 alibi
443 668 604 720 passim
635 674 723 708 tum
754 668 882 721 paulo
914 675 1008 709 ante
1035 682 1079 723 p.
1108 669 1193 710 927
1225 669 1429 709 confundi
1456 642 1653 713 vid’imus.
1689 693 1747 700 —
1776 671 1822 714 P.
1858 670 1944 712 934

148 727 191 767 A
215 723 387 771 δειλοῖς
423 737 502 778 pro
535 722 708 772 δειλίας
743 739 842 767 vere
878 727 1055 779 conjecit
1096 727 1499 772 Winckelmannus;
1538 722 1683 766 δειλοὶ
1719 720 1860 781 φόβοι
1897 735 1945 768 ut

148 795 195 836 p.
237 783 324 825 870
358 788 625 835 opponuntur
660 784 721 832 ei,
762 796 887 835 quem
924 785 1118 837 superius
1159 797 1203 837 p.
1241 783 1326 826 699
1367 784 1484 824 Plato
1519 784 1844 825 commendavit.
1886 807 1938 815 —

148 841 196 884 P.
225 839 312 882 934
335 838 366 880 C
392 832 669 880 ἐπίστωνται
693 853 770 893 pro
795 831 1074 882 ἕπιστιόνται
1099 844 1302 895 scriptum
1327 847 1372 881 ut
1397 853 1492 893 sup.
1521 853 1565 894 p.
1587 840 1688 884 689.
1713 863 1770 870 —
1787 841 1832 885 P.
1859 840 1944 884 936

149 898 190 938 A
221 891 340 950 μηδὲ
368 910 446 951 pro
471 891 584 950 μήτε
615 899 881 940 scribendum
908 899 1028 940 docte
1054 901 1160 940 vidit
1189 899 1428 946 Bekkerus3
1459 911 1596 949 neque
1628 900 1740 940 enim
1767 911 1943 963 respon-

151 956 222 996 det
250 955 523 1023 praecedenti
549 948 687 1007 μήτε,
730 957 808 997 sed
837 956 935 996 huic
966 958 1049 1010 ipsi
1082 958 1301 1010 negationi
1333 957 1441 997 duae
1477 957 1670 996 notiones
1703 949 1873 997 δούλου
1905 962 1945 996 et

148 1004 397 1065 ἐλευθέρου
428 1013 720 1065 subjiciuntur.
746 1034 805 1043 —
831 1014 877 1057 P.
905 1012 989 1055 937
1017 1015 1050 1054 E
1081 1011 1258 1069 διέβαλε
1283 1014 1341 1062 Η,
1375 1006 1568 1068 διαβολὴ
1595 1013 1724 1062 VBS,
1758 1006 1943 1069 διαβάλ-

149 1069 217 1110 λει
247 1071 281 1110 Τ
312 1082 367 1110 ex
398 1083 507 1111 corr.
537 1068 603 1120 Ως
634 1070 711 1111 sed
740 1072 915 1135 propius
947 1072 1002 1116 ad
1032 1072 1147 1124 vulg.
1183 1071 1279 1111 lect.
1310 1078 1456 1111 nostra
1486 1072 1663 1112 accedit.
1725 1073 1945 1112 Praeterea

147 1121 287 1179 τέχνη
317 1139 395 1180 pro
427 1122 595 1178 τέχνην
628 1127 799 1179 scripsi,
832 1133 879 1166 ut
913 1128 1089 1168 haberet
1121 1141 1202 1179 quo
1240 1127 1498 1179 praecedens
1538 1123 1658 1178 κακὴ
1694 1127 1942 1171 resciretur:

147 1196 232 1225 non
258 1184 454 1234 equidem
479 1185 652 1236 ignarus
679 1185 887 1223 oratoriae
914 1184 1106 1226 facultati
1131 1184 1233 1225 alibi
1260 1196 1285 1223 a
1303 1183 1476 1224 Platone
1502 1196 1555 1226 ne
1580 1179 1745 1236 τέχνης
1772 1184 1944 1235 quidem

147 1253 301 1282 nomen
325 1240 519 1288 concedi,
551 1240 597 1280 id
627 1241 770 1292 ipsum
797 1246 938 1281 tamen
969 1241 1194 1282 discrimen
1221 1247 1366 1281 nostro
1396 1241 1488 1280 loco
1514 1253 1597 1281 non
1625 1242 1763 1294 magis
1790 1254 1943 1294 urgen-
1955 1281 1960 1285 ,

151 1300 252 1339 dum
281 1309 375 1338 esse
410 1304 556 1366 ratus,
582 1309 740 1363 mquam
753 1296 873 1338 Plato
908 1310 1008 1338 mox
1039 1305 1184 1365 urget,
1216 1299 1288 1338 ubi
1322 1298 1568 1350 ambiguum
1598 1298 1819 1364 relinquit,
1840 1273 1945 1338 εἴτ’

148 1367 236 1395 ουν
275 1351 414 1407 τέχνη
452 1349 544 1395 εἴτ’
574 1345 764 1406 ἄτεχνός
803 1346 902 1394 ἐστί
939 1367 1009 1402 τις
1039 1346 1279 1409 ἐμπειρία,
1315 1355 1429 1406 quod
1461 1367 1545 1395 non
1576 1356 1725 1407 opinor
1757 1354 1944 1403 fecisset,

148 1415 186 1454 si
217 1414 307 1478 jam
340 1418 463 1452 antea
495 1425 588 1453 eam
629 1411 827 1452 simulata
858 1413 1004 1465 potius
1041 1425 1168 1477 quam
1209 1425 1311 1454 vera
1341 1418 1431 1452 arte
1463 1413 1526 1451 uti
1559 1412 1750 1454 dixisset.
1810 1413 1942 1452 Immo

146 1463 292 1510 καλὸν
321 1459 470 1521 ὄνομα
500 1476 564 1510 est
595 1465 859 1519 συνδικεῖν,
897 1470 1018 1522 cujus
1055 1470 1196 1523 specie
1227 1463 1346 1522 κακὴ
1377 1462 1517 1521 τέχνη
1548 1468 1672 1517 latet3
1705 1481 1842 1521 neque
1871 1470 1943 1509 alii

145 1528 230 1568 loci
261 1528 436 1578 desunt,
475 1528 549 1568 ubi
584 1520 722 1578 τέχνη
762 1527 806 1567 in
836 1526 990 1568 malam
1023 1533 1186 1580 partem
1224 1528 1452 1596 accipitur,
1482 1533 1529 1566 ut
1561 1526 1687 1567 modo
1716 1539 1759 1580 p
1791 1525 1876 1568 936
1906 1527 1941 1567 D

147 1583 285 1639 κοινῇ
313 1582 396 1625 τοῦ
419 1556 688 1640 βλάψαντος
717 1578 854 1638 τέχνῃ
885 1579 966 1624 καὶ
991 1582 1073 1624 τοῦ
1103 1579 1366 1640 βλαβέντος.

262 1642 310 1682 L.
340 1641 432 1685 XII.
461 1655 508 1695 p.
535 1641 618 1683 941
652 1642 685 1682 Β
718 1641 1104 1695 πλημμελεῖν-Ρη
1134 1638 1413 1695 πλημμελῶν
1439 1654 1534 1683 cum
1564 1642 1732 1683 Baitero
1762 1654 1943 1707 moxque

147 1691 378 1752 ἐνεχέσθω
414 1712 491 1752 pro
528 1693 750 1752 μαχέσθω
793 1713 890 1740 cum
922 1701 1045 1741 Astio
1081 1701 1262 1741 scribere
1300 1711 1384 1740 non
1419 1700 1654 1746 dubitavi;,
1671 1698 1858 1739 solemne
1900 1700 1942 1738 in

146 1757 228 1798 hac
265 1769 312 1797 re
344 1759 519 1798 verbum
556 1758 759 1810 praebent
793 1758 956 1801 Andoc.
992 1758 1044 1798 de
1075 1758 1245 1811 Myster.
1287 1758 1331 1808 S.
1364 1755 1441 1806 94,
1481 1757 1630 1810 Lysias
1664 1757 1784 1799 caed.
1826 1756 1939 1796 Erat.

147 1816 191 1866 S.
220 1814 300 1867 32,
345 1814 546 1856 Aeschin.
577 1815 676 1858 adv.
713 1813 897 1880 Ctesiph.
927 1816 967 1865 S.
997 1815 1104 1864 121,
1139 1814 1358 1855 Demosth.
1392 1827 1428 1854 c.
1458 1815 1663 1855 Aristocr.
1697 1814 1738 1864 S.
1773 1813 1829 1855 38
1862 1819 1939 1854 etc.

146 1894 206 1902 —
234 1873 282 1912 P.
315 1870 402 1913 942
430 1872 465 1912 D
496 1864 582 1911 ὑπ’
606 1864 895 1924 ἀνθρώπους
925 1871 1053 1921 VBS,
1092 1865 1181 1912 ὑπ’
1207 1864 1486 1924 ἀνθρώποις
1523 1867 1681 1912 Τεἰιιε
1711 1870 1828 1911 libris
1865 1883 1943 1911 nec

146 1929 398 1970 necessitate
427 1936 626 1984 urgente3
659 1930 715 1970 cf.
743 1930 918 1970 Aristot.
946 1929 1041 1972 Eth.
1076 1930 1171 1972 Nic.
1201 1931 1268 1969 III.
1304 1929 1374 1979 12,
1406 1930 1455 1970 7:
1489 1921 1706 1974 εὐπειθές
1741 1923 1823 1968 καὶ
1849 1921 1942 1968 υπὸ

144 1981 198 2026 τὸ
229 1977 398 2053 ἄρχον,
428 1992 468 2027 et
497 1987 717 2030 Demosth.
747 1987 933 2040 Philipp
968 1988 1020 2027 ΙΙ.
1049 1988 1090 2037 S.
1127 1987 1202 2029 34:
1235 1981 1301 2033 εἰς
1330 1997 1440 2032 τους
1466 1978 1558 2024 υπὸ
1586 1986 1721 2038 χεῖρα
1749 1977 1946 2037 μάλιστα

147 2037 236 2096 τὴν
266 2036 414 2096 ὀργὴν
439 2037 680 2095 ἀφιέντας.
713 2065 772 2073 -
800 2045 908 2087 Ibid.
942 2042 1102 2084 σιτίων
1132 2044 1187 2094 Ρ,
1228 2041 1388 2084 σιτίων
1416 2054 1464 2082 τε
1487 2041 1650 2090 VBST;
1684 2050 1727 2083 at
1758 2041 1814 2082 ef.
1843 2043 1945 2082 Pro-

146 2108 234 2155 tag.
268 2113 304 2144 c.
341 2102 419 2150 21,
454 2101 581 2156 Gorg.
618 2115 653 2145 c.
687 2101 759 2142 45.
792 2122 849 2131 -—
887 2103 934 2142 Ρ.
962 2100 1049 2142 943
1075 2101 1111 2141 D
1142 2075 1205 2153 μὴ
1237 2102 1296 2154 Η,
1329 2092 1444 2153 μήτε
1472 2099 1638 2148 VBST,
1655 2102 1740 2139 cui
1773 2111 1850 2138 nec
1881 2112 1944 2139 re-

147 2159 328 2255 }pondet
367 2159 594 2227 quicquam
633 2171 712 2199 nec
750 2159 875 2199 video
914 2159 1016 2210 quid
1062 2159 1321 2211 respondere
1362 2158 1560 2211 potuerit.
1599 2177 1652 2186 —
1696 2156 1742 2196 P.
1781 2155 1868 2197 944
1907 2156 1945 2196 Α

168 2227 352 2268 μπνους
378 2216 504 2264 VBS,
535 2210 735 2261 ἔκπνους
767 2217 800 2256 Τ
829 2229 921 2257 cum
951 2214 997 2260 Ξ
1022 2222 1062 2256 et
1095 2229 1201 2260 corr.
1222 2213 1301 2264 Ω,
1334 2227 1417 2267 qua
1446 2215 1674 2262 sententia,
1707 2226 1791 2254 non
1824 2213 1944 2253 intel-

147 2273 262 2328 ligo,
299 2286 427 2325 quum
462 2274 520 2313 ita
558 2279 721 2314 tantum
762 2274 952 2314 accusari
991 2279 1191 2338 tanquam
1223 2247 1455 2324 §lz’paamg
1493 2270 1709 2310 Patroclus
1744 2271 1942 2322 potuerit,

147 2333 186 2372 si
217 2332 262 2371 in
296 2332 428 2371 vitam
463 2331 679 2374 rediisset.
706 2352 765 2361 —
795 2332 842 2372 P.
869 2330 956 2372 944
978 2330 1014 2370 D
1043 2323 1106 2382 μὴ
1139 2322 1361 2381 οὲμελείτω
1390 2328 1422 2367 Ρ
1458 2339 1555 2367 cum
1590 2326 1684 2365 aliis
1712 2326 1942 2379 plerisque,

147 2380 368 2441 ἀμελείτω
399 2387 563 2437 VBST,
605 2389 660 2428 ad
700 2401 873 2428 sensum
905 2388 1149 2435 verissime,
1187 2386 1264 2426 sed
1293 2391 1339 2425 ut
1370 2391 1529 2426 temere
1557 2382 1717 2423 illatam
1747 2386 1943 2436 negatio-

146 2459 242 2488 nem
278 2444 354 2488 vix
391 2446 567 2493 credas;
608 2447 730 2498 cujus
763 2446 896 2487 donec
936 2450 1050 2486 certa
1080 2443 1316 2484 emendatio
1355 2442 1637 2489 inveniretur,
1679 2442 1942 2481 circumscri-

145 2505 333 2546 bendam
358 2504 502 2568 potius
530 2516 655 2555 quam
682 2503 912 2544 tollendam
942 2502 1195 2543 existimavi.
1221 2523 1277 2530 —
1303 2499 1409 2543 Ibid.
1439 2490 1720 2538 τουναντίον
1753 2490 1815 2544 ὥς
1838 2496 1941 2538 VBS

148 2574 244 2610 cum
278 2561 422 2608 libris,
460 2573 525 2601 ων
557 2562 590 2602 Τ
623 2574 717 2602 cum
749 2562 896 2610 Asfio,
927 2572 1033 2612 quos
1059 2572 1112 2600 ne
1143 2570 1366 2610 sequerer,
1399 2557 1705 2610 prohibuerunt
1736 2554 1938 2595 Fritzsch.

148 2619 320 2668 Quaest.
351 2619 528 2664 Lucian.
562 2631 606 2671 p.
640 2617 696 2660 90
727 2625 767 2659 et
801 2618 1107 2659 Schneidewin.
1135 2614 1244 2658 Gott.
1274 2614 1362 2656 Gel.
1389 2616 1493 2655 Anz.
1522 2612 1650 2663 1843,
1682 2626 1728 2667 p.
1757 2613 1855 2657 117.
1885 2634 1944 2641 -—

145 2675 191 2717 P.
224 2665 312 2718 944
339 2675 374 2716 E
413 2674 540 2731 κακῷ
569 2676 627 2730 Η,
662 2668 805 2721 κακὸς
831 2675 999 2723 VBST;
1039 2681 1086 2715 at
1116 2675 1160 2713 in
1192 2679 1283 2726 opt,
1316 2672 1433 2714 libris
1465 2678 1528 2712 est
1565 2669 1742 2720 κακῶς,
1781 2671 1826 2710 in
1859 2682 1942 2719 quo

147 2734 280 2775 dativi
316 2734 499 2788 vestigia
539 2735 796 2775 remansisse
828 2734 1020 2773 arbitror.
1085 2731 1285 2796 Quamvis
1327 2731 1436 2771 enim
1477 2720 1660 2774 ὄνειδος
1690 2730 1830 2782 ipsum
1866 2727 1941 2766 ad-

145 2792 304 2845 jectivo
331 2803 415 2832 non
448 2799 595 2859 egeat,
626 2792 910 2832 nominativus
938 2797 1079 2831 tamen
1110 2801 1176 2828 ων
1217 2780 1360 2835 κακὸς
1390 2787 1711 2842 languidissime
1742 2784 1941 2851 praemit-

145 2850 269 2900 titur,
303 2861 429 2901 quem
455 2851 533 2890 etsi
564 2843 626 2896 ὥς
648 2861 724 2904 pro
751 2861 817 2888 ων
848 2848 1068 2890 scribendo
1099 2846 1430 2888 commodiorem
1454 2845 1630 2886 reddere
1656 2843 1812 2897 possiS,
1842 2853 1941 2894 pro-
