1976 3172
225 118 331 173 346
826 116 1304 168 HAATfflvoz

365 254 469 306 XV.
507 255 625 306 ΑΘ.
661 248 822 304 Μετὰ
841 247 903 307 τὰ
934 253 1228 320 προοίμιον
1254 252 1450 305 τοίνυν
1473 249 1657 321 λόγος,
1687 246 1800 316 οἷος
1832 247 1904 307 ἂν

223 339 336 389 τῶν
354 331 545 403 νόμων
563 329 832 402 ἑρμηνεὺς
851 328 1038 401 ὀρθῶς
1063 335 1307 401 γίγνοιτο
1325 328 1475 403 ἡμῖν,
1506 333 1906 403 προαγορεύων

222 418 540 481 ἐξίστασθαι
558 419 692 470 πᾶσι
709 423 822 477 τοῖς
839 409 1056 484 ἀσεβέσι
1074 412 1296 483 τρόπων
1314 417 1427 468 τῶν
1457 410 1645 470 αὑτῶν
1672 418 1748 478 εἰς
1775 414 1905 478 τούς

225 494 486 569 εὐσεβεῖς,
505 506 618 560 τοῖς
638 495 698 552 δὲ
726 495 800 566 μὴ
830 495 1183 567 πευθομένοις
1211 492 1464 566 ἀσεβείας
1490 494 1586 552 ὅδε
1615 499 1754 551 ἔστω
1781 499 1905 565 πέρι

225 578 422 649 νόμος·
459 575 560 632 ἐάν
596 597 677 641 τις
711 572 886 647 ἀσεβῇ
910 575 1100 647 λόγοις
1123 572 1223 633 εἴτ’
1262 579 1459 648 ἔργοις,
1490 574 1519 632 ὁ
1551 576 1906 647 παρατυγχά-

160 673 193 714 Ε
223 666 342 717 νων
360 657 614 731 ἀμυνέτω
634 664 918 730 σημαίνων
936 657 1075 728 πρὸς
1102 657 1387 729 ἄρχοντας,
1407 663 1524 714 τῶν
1541 658 1600 715 δὲ
1617 656 1907 728 ἀρχόντων

225 744 283 798 οἱ
297 747 506 812 πρῶτοι
524 739 841 812 πυθόμενοι
860 738 999 811 πρὸς
1026 739 1087 796 τὸ
1122 741 1248 807 περὶ
1275 739 1492 796 τούτων
1514 737 1905 810 ἀποδεδειγμέ-

224 843 327 878 νον
339 826 551 891 κρίνειν
564 820 922 890 δικαστήριον
941 820 1351 890 εἰσαγαγόντων
1369 818 1508 877 κατὰ
1527 819 1660 887 τούς
1675 821 1902 892 νόμους·

223 902 322 958 ἐὰν
342 905 406 957 δέ
430 923 510 967 τις
542 899 832 970 ἀκού-σασα
861 899 997 972 ἀρχὴ
1026 900 1100 972 μὴ
1127 904 1235 975 δρᾷ
1261 907 1453 972 ταῦτα,
1484 900 1622 972 αὐτὴ
1652 902 1907 973 ἀσεβείας

223 980 491 1048 ὑπόδικος
513 985 795 1053 γιγνέσθω
826 988 905 1058 τῷ
935 985 1186 1038 ἐθέλοντι
1213 992 1472 1054 τιμωρεῖν
1501 981 1641 1050 ὑπὲρ
1669 989 1783 1039 τῶν
1808 983 1907 1037 216-

223 1085 358 1135 μων.
397 1061 498 1119 ἐὰν
519 1066 582 1118 δέ
596 1085 677 1128 τις
702 1061 867 1135 ὄφλῃ,
891 1062 1095 1134 τιμάτω
1125 1060 1186 1119 τὸ
1218 1061 1576 1134 δικαστήριον
1605 1065 1668 1116 ἓν
1697 1062 1907 1136 ἑκάστῳ

108 1162 196 1208 908
222 1153 336 1202 τῶν
353 1143 487 1201 καθ’
509 1146 573 1200 ἓν
591 1142 953 1216 ἀσεβούντων
981 1149 1201 1215 τίμημα.
1237 1143 1439 1215 δεσμὸς
1463 1143 1565 1215 μὲν
1589 1136 1695 1200 οὖν
1722 1140 1906 1214 ὑπαρ-

221 1230 357 1298 χέτω
394 1233 554 1283 πᾶσι·
592 1230 994 1298 ’δεσμωτηρίων
1025 1228 1086 1283 δὲ
1110 1224 1292 1283 ὅντων
1327 1229 1390 1285 έν
1424 1232 1493 1297 τῇ
1529 1225 1684 1282 πόλει
1717 1231 1904 1296 τριῶν,

224 1307 348 1374 ἑνὸς
367 1308 469 1379 μὲν
499 1313 697 1364 κοινοῦ
741 1317 854 1372 τοῖς
889 1311 1164 1371 πλείστοις
1201 1308 1327 1376 περὶ
1364 1304 1598 1378 ἀγοράν,
1638 1310 1907 1378 σωτηρίας

224 1393 385 1446 ἕνεκα
404 1401 518 1454 τοῖς
543 1395 767 1453 πολλοῖς
802 1394 918 1444 τῶν
954 1387 1244 1459 σωμάτων,
1270 1385 1394 1452 ἕνός
1424 1388 1484 1443 δὲ
1511 1390 1636 1458 περὶ
1663 1386 1765 1446 τὸν
1793 1391 1906 1442 τῶν

226 1472 446 1542 νύκτωρ
465 1473 884 1540 συλλεγομένων
904 1469 1191 1539 ξύλλογον,
1205 1469 1686 1565 σωφρονιστήριον
1705 1470 1905 1531 §uovof

223 1552 552 1623 μαζόμενον,
573 1550 696 1614 ἑνὸς
715 1552 774 1605 δὲ
794 1552 866 1605 αὐ
886 1549 1026 1606 κατὰ
1049 1551 1224 1620 μέσην
1240 1548 1343 1619 τήν
1360 1548 1564 1619 χῶραν,
1598 1546 1812 1620 ὅπῃπερ
1834 1545 1905 1603 ἄν

223 1632 425 1706 ἔρημός
444 1653 502 1699 τε
526 1633 616 1686 καὶ
642 1628 713 1695 ὡς
731 1629 765 1686 ό
790 1652 842 1686 τι
863 1630 1098 1701 μάλιστα
1117 1627 1454 1702 ἀγριωτατος
1471 1622 1511 1701 ᾖ
1529 1628 1715 1699 τόπος,
1735 1649 1905 1700 τιμω-

224 1720 343 1787 ρίας
361 1717 500 1784 ἔχων
525 1714 846 1782 ἐπωνυμίαν
872 1712 1064 1783 φήμην
1091 1711 1242 1768 τινά·
1279 1712 1404 1782 περὶ
1430 1709 1688 1782 ἀσέβειαν
1713 1709 1824 1767 δὲ’
1805 1710 1904 1766 όν-

161 1820 193 1861 Β
223 1816 335 1851 των
354 1799 549 1856 αἰτίαις
568 1814 670 1863 μεν
694 1796 892 1863 τρισίν,
925 1788 1120 1863 αἷσπερ
1151 1794 1243 1848 καὶ
1272 1792 1595 1864 διήλθομεν,
1625 1791 1728 1847 δύο
1764 1791 1824 1847 δὲ
1852 1793 1906 1855 ἐξ

223 1876 452 1946 ἑκάστης
478 1880 576 1945 τῆς
594 1874 851 1945 τοιαύτης
876 1878 1050 1939 αἰτίας
1066 1875 1407 1978 γενομένων,
1429 1869 1545 1939 ἓξ
1509 1895 1582 1929 αν
1606 1876 1902 1942 γίγνοιντο,

221 1955 258 2015 ὁὶ
275 1959 367 2013 καὶ
385 1959 709 2025 διακρίσεως
727 1954 850 2021 αξια
877 1958 1010 2027 γένη
1039 1962 1154 2012 τῶν
1188 1957 1314 2027 περὶ
1342 1975 1410 2010 τα
1438 1962 1568 2010 θεῖα
1599 1956 1905 2053 ἐξαμαρτα-

221 2039 457 2108 υόντων,
477 2034 582 2093 οὐκ
617 2044 737 2108 ἴσης
761 2034 882 2093 οὐδ’
918 2034 1108 2108 ὁμοίας
1138 2041 1305 2108 δίκης
1322 2035 1573 2106 δεόμενα.
1610 2056 1652 2107 ω
1689 2031 1796 2104 γὰρ
1834 2028 1905 2088 ἀν

224 2119 298 2191 μὴ
318 2125 594 2191 νομίζοντι
610 2118 783 2184 θεους
802 2118 941 2176 εἶναι
959 2116 1024 2174 τὰ
1045 2118 1310 2189 παράπαν
1326 2109 1468 2189 ἦθος
1480 2115 1647 2188 φύσει
1667 2116 1906 2185 προσγέ-

224 2222 383 2270 νηται
413 2206 646 2272 δίκαιον,
677 2201 969 2273 μισοῦντές
995 2221 1053 2256 τε
1080 2204 1365 2270 γίγνονται
1393 2196 1524 2263 τούς
1558 2195 1785 2267 κακούς,
1814 2197 1905 2255 καὶ

223 2287 303 2354 τῷ
331 2284 713 2352 δυσχεραίνειν
732 2280 837 2353 τήν
856 2279 1078 2346 ἀδικίαν
1105 2281 1236 2338 οὔτε
1266 2280 1364 2347 τὰς
1397 2280 1657 2345 τοιαύτας
1683 2278 1906 2349 πράξεις

224 2366 544 2434 προσίενται
561 2362 840 2433 πράττειν,
859 2364 992 2428 τούς
1008 2385 1067 2418 τε
1087 2362 1160 2434 μὴ
1184 2367 1431 2426 δικαίους
1451 2368 1564 2416 τῶν
1583 2358 1903 2425 ἀνθρώπων

161 2463 193 2506 c
225 2443 500 2513 φεύγουσι
525 2445 616 2498 καὶ
642 2442 772 2507 τούς
804 2446 1053 2508 δικαίους
1078 2445 1430 2512 στέργουσιν·
1465 2435 1546 2504 οἷς
1575 2435 1627 2494 δ’
1663 2434 1735 2492 σ’ἱν
1764 2436 1903 2507 πρὸς

220 2529 289 2596 τῇ
314 2523 448 2596 δόξῃ
475 2530 543 2596 τῇ
559 2529 714 2580 θεῶν
732 2524 908 2595 ’ἔρημα
928 2521 1068 2579 εἶναι
1086 2523 1266 2579 πάντα
1285 2520 1571 2594 ἀκράτειαί
1590 2540 1649 2576 τε
1676 2517 1902 2590 ἡδονῶν

188 2623 194 2628 “
221 2606 312 2660 καὶ
331 2610 526 2661 λυπῶν
553 2607 922 2676 προσπέσωσι,
952 2609 1165 2676 μνῆμαί
1182 2626 1240 2659 τε
1269 2604 1486 2674 ἰσχυραὶ
1514 2603 1606 2657 καὶ
1631 2600 1902 2671 μαθήσεις

221 2684 389 2751 ὀξεῖαι
425 2692 657 2758 παρῶσι,
689 2683 750 2741 τὸ
781 2687 884 2757 μὲν
913 2684 988 2757 μὴ
1023 2690 1263 2757 νομίζειν
1298 2683 1471 2749 θεοὺς
1499 2681 1709 2760 ἀμφοῖν
1737 2677 1807 2736 ἄν
1838 2683 1901 2735 ἓν

221 2765 457 2837 ὑπάρχοι
475 2766 668 2823 κοινὸν
689 2767 889 2838 πάθος,
909 2774 975 2839 τῇ
996 2769 1054 2824 δὲ
1077 2774 1190 2823 τῶν
1208 2765 1393 2823 ἄλλων
1405 2764 1729 2837 ἀνθρώπων
1745 2761 1900 2834 λώβῃ
