1976 3172
58 417 363 483 λημμελῶς,
396 406 521 468 οἷον
549 410 829 468 τεκτόνων
854 412 917 466 ἐν
946 409 1387 482 οἰκοδομήμασιν
1413 412 1707 482 ἐρείσματα

43 514 78 549 κ
113 497 287 564 μέσον
324 490 691 563 ὑπορρέοντα,
729 496 1065 563 συμπίπτειν
1100 496 1178 557 είς
1211 489 1420 547 ταύτὸν
1456 503 1605 548 ποιεῖ
1639 492 1706 549 τὰ

45 574 305 645 ύμπαντα
322 578 550 630 κεῖσθαί
566 595 625 630 τε
642 571 784 630 ἄλλα
802 570 905 644 ὑφ’
940 573 1143 645 ἑτέρων
1161 570 1304 628 αὐτά
1330 593 1389 628 τε
1406 573 1583 628 καὶτὰ
1603 595 1708 629 κα-
1780 591 1784 597 ·

51 661 128 721 ὥς
145 653 386 726 ὕστερον
414 657 947 727 ἐποικοδομηθέντα,
976 660 1090 710 τῶν
1114 651 1362 724 ἀρχαίων
1389 651 1709 710 ὑποπεσόν-

48 756 141 791 ων.
179 733 218 791 ἃ
244 735 313 807 δὴ
340 739 780 809 διανοουμένους
807 733 967 808 ἡμᾶς,
1003 727 1050 791 ὦ
1082 737 1332 804 Κλεινία,
1371 737 1460 791 σοὶ
1497 739 1584 792 δεῖ
1605 737 1709 808 τὴν

75 817 181 874 ’λιν
198 815 403 891 καινὴν
421 811 600 875 οὖσαν
618 818 800 890 πάντη
819 821 1057 887 ξυνδεῖν,
1081 816 1217 889 μήτε
1243 819 1383 887 μέγα
1411 816 1550 889 μήτε
1582 833 1710 889 σμι-

97 895 152 955 ’ν
166 900 585 969 παραλιπόντας
603 904 679 967 εἰς
697 900 960 973 δύναμιν,
990 898 1097 956 ὅσα
1115 899 1326 970 νόμους
1352 893 1390 970 ἦ
1424 901 1531 970 ἔθη
1559 920 1641 964 τις
1671 894 1708 972 ἦ
1730 914 1766 956 D

81 982 417 1052 ιτηδεύματα
446 988 629 1037 καλεῖ·
664 987 802 1037 πᾶσι
828 981 936 1053 γὰρ
965 993 1079 1046 τοῖς
1101 979 1372 1046 τοιούτοις
1392 980 1554 1046 πόλις
1573 983 1709 1048 ξυν-

50 1071 204 1132 εῑται,
229 1061 369 1118 ἄνευ
387 1065 447 1119 δὲ
465 1060 765 1135 ἀλλήλων
736 1065 971 1143 εκάτερα
988 1062 1207 1120 τούτων
1224 1060 1330 1120 οὐκ
1350 1067 1464 1119 ἔστι
1476 1062 1706 1135 μόνιμα,

32 1138 155 1197 ”ote
174 1141 244 1197 οὐ
269 1145 373 1215 χρὴ
401 1145 727 1217 θαυμάζειν,
753 1144 902 1202 ἐὰν
875 1157 1008 1218 ημῖν
1033 1146 1211 1203 πολλα
1235 1167 1350 1218 αμα
1378 1147 1472 1203 καὶ
1504 1145 1729 1218 σμικρὰ

81 1229 293 1280 κοῦντα
311 1225 454 1282 εἶναι
471 1227 677 1298 νόμιμα
695 1251 730 1299 η
708 1223 843 1284 ’καὶ
862 1229 1132 1300 ἐθίσματα
1151 1230 1476 1300 ἐπιρρέοντα
1494 1248 1709 1300 μακρο-

60 1305 208 1374 ’ραυς
227 1313 361 1378 ποιῇ
377 1306 511 1372 τούς
527 1308 753 1379 νόμους.

32 1420 39 1425 ·
154 1392 272 1444 ΚΛ.
304 1385 448 1446 Ἀλλ’
468 1388 658 1461 ὀρθῶς
685 1390 760 1446 σύ
782 1411 842 1446 τε
860 1387 1083 1461 λέγεις’
1053 1401 1208 1461 ημεῖς
1224 1412 1283 1446 τε
1303 1388 1450 1446 οὕτω
1480 1394 1708 1463 διανοη-

12 1467 248 1560 σόμεθα.

155 1559 276 1610 ΛΘ.
312 1556 411 1619 Εἰς
428 1557 532 1626 μὲν
548 1560 744 1612 τοίνυν
765 1552 869 1626 τὴν
886 1560 991 1611 τοῦ
1006 1552 1114 1625 τρί’
1148 1559 1240 1627 ἔτη
1259 1554 1556 1627 γεγονότος
1585 1552 1707 1627 ἡλι-

104 1656 155 1705 ν,
175 1635 353 1708 κόρου
368 1637 462 1694 καὶ
480 1637 669 1710 κόρης,
686 1643 862 1694 ταῦτα
881 1645 934 1695 εἰ
947 1659 1029 1704 τις
1057 1636 1299 1711 ἀκριβως
1328 1635 1593 1694 ἀποτελοῖ
1613 1640 1704 1694 καὶ
1735 1648 1786 1689 E

31 1775 35 1778 .
70 1715 83 1732 “
106 1719 396 1790 παρέργως
415 1730 529 1786 τοῖς
549 1724 859 1792 εἰρημένοις
886 1727 1084 1795 χρῷτο,
1112 1718 1182 1776 οὐ
1212 1720 1417 1793 σμικρὰ
1450 1725 1527 1788 εἰς
1559 1718 1708 1792 ὠφέ-

74 1819 167 1854 ιαν
184 1798 418 1869 γίγνοιτ’
446 1797 520 1857 ἄν
546 1813 663 1867 τοῖς
680 1805 879 1859 νεωστὶ
908 1804 1294 1875 τρεφομένοις·
1333 1814 1536 1874 τριετεῖ
1558 1801 1618 1859 δὲ
1639 1802 1705 1873 δὴ

33 1877 39 1898 ”
121 1893 399 1950 τετραετεῖ
413 1884 506 1940 καὶ
523 1897 808 1942 πενταετεῖ
822 1885 917 1942 καὶ
933 1888 1013 1941 ἔτι
1031 1885 1201 1951 εξετεῖ
1221 1884 1354 1956 ἤθει
1373 1890 1552 1955 ψυχῆς
1576 1904 1706 1939 παι-

115 1983 152 2017 ν
171 1960 357 2019 odona*
319 1986 392 2021 αν
412 1973 525 2038 εἴη·
556 1974 774 2039 τρυφῆς
789 1965 842 2024 δ’
863 1966 970 2039 ἤδη
1000 1971 1351 2037 παραλυτέον
1380 1966 1703 2037 κολάζοντα,

55 2039 89 2111 ὴ
110 2038 333 2114 ἀτίμως,
353 2042 478 2102 ἀλλ’
497 2066 636 2117 οπερ
655 2051 744 2105 ἐπὶ
765 2054 881 2105 τῶν
907 2048 1132 2105 δούλων
1150 2069 1185 2119 γ
1192 2046 1506 2120 ’έλέγομεν,
1534 2046 1595 2104 τὸ
1629 2049 1704 2119 μὴ

22 2185 24 2188 .
56 2123 150 2181 εθ’
173 2123 388 2198 ὕβρεως
405 2130 740 2197 κολάζοντας
767 2128 946 2203 ὀργὴν
972 2133 1219 2202 ἐμποιεῖν
1249 2134 1368 2188 δεῖν
1397 2143 1510 2197 τοῖς
1534 2138 1706 2188 κολα-

46 2214 197 2264 θεῐσι
214 2207 344 2281 μηδ’
368 2208 710 2279 ἀκολάστους
726 2215 936 2281 ἐῶντας
951 2213 1193 2287 τρυφήν,
1206 2211 1413 2271 ταύτὸν
1433 2218 1705 2284 δραστέον
1736 2220 1841 2274 794‘

80 2290 179 2346 ῦτό
199 2311 263 2361 γε
283 2294 375 2348 καὶ
393 2290 480 2350 ἐπ’
502 2295 862 2366 ἐλευθέροισι.
883 2298 1095 2353 παιδιαὶ
1115 2294 1170 2352 δ’
1191 2297 1294 2353 εἰσὶ
1311 2307 1424 2363 τοῖς
1443 2296 1706 2369 τηλικού-

16 2390 124 2437 τοις
141 2369 443 2446 αὐτοφυεῖς
459 2374 672 2448 τινές,“
634 2399 700 2442 ας
718 2376 943 2435 ἐπειδᾶν
964 2380 1311 2445 ξυνέλθωσιν
1329 2377 1486 2436 αὐτοὶ
1507 2378 1706 2451 σχεδὸν

17 2451 430 2528 ἀνευρίσκουσι·
478 2465 721 2528 ξυνιέναι
749 2463 810 2520 δὲ
846 2468 922 2530 εἰς
958 2463 1027 2521 τά
1066 2462 1206 2521 κατὰ
1242 2464 1432 2536 κώμας
1467 2462 1588 2533 ίερα
1624 2467 1708 2521 δεῖ

18 2538 21 2546 “
56 2535 195 2595 α’ντα
210 2538 319 2613 ἤδη
344 2564 414 2599 τα
432 2550 733 2616 τηλικαῦτα
753 2551 960 2620 παιδία,
991 2545 1100 2604 άπὸ
1134 2554 1382 2618 τριετοῦς
1408 2549 1565 2620 μέχρι
1593 2555 1705 2605 τῶν

20 2620 71 2685 ἒξ
90 2621 247 2691 ἐτῶν,
265 2630 428 2696 κοινῇ
443 2624 511 2683 τὰ
530 2648 644 2685 των
661 2635 935 2702 κωμητῶν
952 2635 1030 2697 είς
1046 2627 1254 2688 ταύτὸν
1273 2630 1506 2686 ἕκαστα·
1527 2629 1624 2697 τὰς
1644 2632 1703 2687 δὲ

45 2698 262 2770 θθφῡῦς
286 2706 365 2759 ἔτι
391 2710 506 2762 τῶν
530 2710 874 2782 τηλικούτων
901 2710 1260 2784 κοσμιότητός
1292 2733 1351 2768 τε
1380 2714 1471 2770 καὶ
1500 2710 1702 2769 ἀκολα-

48 2785 135 2848 ίας
153 2786 545 2861 ἐπιμελεῖσθαι,
564 2798 680 2850 των
697 2795 757 2852 δὲ
774 2801 1003 2867 τροφῶν
1035 2792 1224 2851 αὐτων
1253 2794 1344 2851 καὶ
1375 2800 1471 2866 τῆς
1502 2793 1704 2867 ἀγέλης
1762 2821 1772 2831 «
