1976 3172
235 203 305 254 36
810 202 1285 265 ΠΛΑΤΩΝΟΣ

373 339 493 390 ΑΘ.
521 331 973 432 Ἀναμνησθῆναι
989 339 1182 390 τοίνυν
1200 338 1371 406 ἔγωγε
1388 334 1555 391 πάλιν
1568 337 1843 406 ἐπιθυμῶ,
1865 341 1922 391 τί

119 420 206 467 653
237 435 372 471 ποτε
390 417 623 487 λέγομεν
638 414 770 488 ἡμῖν
788 415 928 472 εἶναι
949 414 1054 487 τὴν
1067 414 1252 488 ὀρθὴν
1271 420 1539 472 παιδείαν.
1561 416 1768 472 τούτου
1786 418 1912 517 γάρ,

236 519 310 563 ως
325 519 362 568 γ
367 494 511 568 ’ἐγω
530 496 744 564 τοπάζω
764 495 831 552 τὰ
859 503 987 569 νῦν,
1014 501 1163 554 ἔστιν
1182 501 1243 554 ἐν
1270 505 1346 573 τῷ
1378 498 1763 570 ἐπιτηδεύματι
1784 500 1915 554 τού-

232 599 309 653 τω
328 585 511 643 καλῶς
531 581 967 653 κατορθουμένῳ
989 585 1244 650 σωτηρία.

373 665 494 715 KA.
533 663 700 730 Μέγα
720 662 908 731 λέγεις.

373 747 492 798 ΑΘ.
528 744 689 812 Λέγω
708 748 901 798 τοίνυν
919 747 1031 798 τῶν
1060 745 1274 798 παίδων
1305 743 1566 813 παιδικὴν
1596 742 1736 799 εἶναι
1759 744 1916 813 πρω’-·

233 844 336 894 την
351 830 616 894 αἴσθησιν
634 822 846 896 ἡδονὴν
866 827 958 881 καὶ
976 824 1178 896 λύπην,
1191 825 1356 880 καὶέν
1374 821 1455 890 οἷς
1474 822 1640 896 ἀρετὴ
1662 832 1810 896 ψυχῇ
1828 827 1918 879 καὶ

234 908 398 961 κακία
414 910 810 976 παραγίγνεται
829 913 1067 976 πρῶτον,
1085 903 1244 961 ταῦτ’.
1267 904 1404 962 εἶναι
1416 928 1427 939 ·
1453 905 1733 977 φρόνησιν
1753 905 1918 960 δὲκαὶ

235 986 462 1059 ἀληθεῖς
482 987 643 1053 δόξας
669 991 945 1060 βεβαίους,
975 985 1195 1058 εὐτυχὲς
1227 986 1336 1061 ὅτῳ
1366 989 1460 1044 καὶ
1487 986 1627 1059 πρὸς
1652 985 1713 1043 τό
1746 993 1920 1058 γῆρας

237 1070 593 1139 παρεγένετο·
632 1070 814 1134 τέλεος
833 1067 889 1123 δ’
922 1061 1029 1123 οὖν
1059 1065 1170 1122 ἔστ’
1204 1067 1505 1138 ἄνθρωπος
1531 1074 1704 1124 ταῦτα
1732 1070 1823 1124 καὶ
1852 1066 1919 1123 τὰ

176 1159 210 1201 Β
242 1152 303 1205 ἐν
330 1149 548 1213 τούτοις
582 1149 764 1210 πάντα
791 1152 1121 1220 κεκτημένος
1147 1146 1353 1219 ἀγαθά.
1400 1154 1654 1205 παιδείαν
1683 1150 1749 1220 δὴ
1780 1154 1919 1219 λέγω

235 1227 340 1300 τὴν
357 1232 844 1300 παραγιγνομένην
864 1250 1086 1300 πρωτον
1107 1232 1297 1286 παισιν
1315 1228 1534 1301 ἀρετήν
1553 1228 1729 1302 ἡδονὴ
1749 1233 1810 1286 δὲ
1829 1232 1921 1286 καὶ

238 1316 394 1382 φιλία
413 1312 505 1367 καὶ
522 1309 668 1382 λύπη
688 1313 780 1372 καὶ
799 1322 956 1382 μῖσος
987 1308 1060 1366 ἂν
1072 1310 1278 1382 όρθως
1308 1313 1370 1367 έν
1396 1322 1593 1382 ψυχαῖς
1617 1314 1920 1382 ἐγγίγνων-

236 1415 326 1449 ται
343 1393 506 1464 μήπω
527 1390 854 1462 δυναμένων
874 1391 1044 1462 λόγον
1072 1390 1394 1464 λαμβανειν,
1424 1392 1714 1464 λαβόντων
1741 1393 1801 1446 δε
1820 1392 1919 1446 τὸν

211 1523 214 1526 .
237 1477 410 1547 λόγον
439 1475 858 1546 συμφωνησωσι
885 1496 962 1530 τω
989 1475 1136 1548 λόγω
1168 1473 1356 1547 ὀρθως
1384 1479 1635 1531 εἰθίσθαι
1664 1471 1774 1529 ὑπὸ
1806 1495 1919 1528 των

167 1577 172 1594 ²
236 1555 638 1629 προσηκόντων
654 1558 826 1627 ἐθῶν,
848 1553 988 1627 αὕτη
1009 1553 1134 1612 ἔσθ’
1155 1554 1189 1627 ἡ
1211 1560 1501 1628 ξυμφωνία
1531 1556 1790 1626 ξύμπασα
1819 1577 1919 1627 μεν

238 1638 422 1710 ἀρετή,
443 1636 504 1693 τὸ
529 1640 588 1693 δὲ
607 1640 730 1710 περὶ
748 1637 846 1702 τὰς
876 1635 1081 1709 ἡδονὰς
1102 1638 1192 1693 καὶ
1211 1637 1390 1702 λύπας
1407 1638 1793 1709 τεθραμμένον
1816 1634 1920 1692 αύ-

235 1728 332 1791 τῆς
351 1719 557 1790 ὀρθῶς,
579 1718 719 1776 ὥστε
739 1730 921 1790 μισ-εἴν
938 1719 1039 1790 μὲν
1064 1717 1100 1774 ὁὶ
1118 1717 1220 1791 χρὴ
1253 1716 1650 1792 μισεῖνγεύθῦς
1665 1721 1719 1784 ἐξ,
1751 1717 1920 1789 ἀρχῆς

152 1852 155 1853 ⁷
183 1816 215 1858 c
242 1805 396 1873 μέχρι
415 1805 622 1874 τέλους,
644 1804 891 1871 στέργειν
910 1800 969 1856 δὲ
988 1798 1025 1856 ὁὲ
1040 1800 1143 1871 χρὴ
1164 1804 1429 1872 στέργειν,
1449 1798 1600 1855 τοῦτ’
1623 1798 1758 1855 αὐτὸ
1779 1798 1920 1855 ἀπο-

237 1905 422 1954 τεμων
441 1891 519 1958 τῷ
537 1884 686 1957 λόγω
705 1886 797 1939 καῖ
819 1886 1074 1938 παιδείαν
1100 1882 1536 1952 προσαγορεύων
1558 1882 1697 1937 κατά
1725 1903 1788 1951 γε
1818 1882 1920 1953 τὴν

239 1962 379 2036 ε’μὴν
399 1962 633 2036 dom-59⁹
606 1988 680 2020 αν
696 1964 1147 2036 προσαγορεύοις.

380 2051 499 2102 ΚΛ.
535 2047 646 2102 Καὶ
673 2068 800 2118 γαρ,
830 2049 872 2100 ὦ
907 2050 1043 2117 ξένε,
1066 2043 1200 2117 ἡμῖν
1217 2047 1309 2101 καὶ
1343 2067 1409 2100 τα
1437 2043 1710 2116 πρότερον
1734 2042 1920 2115 ὀρθως

242 2144 330 2183 σοι
346 2131 591 2193 παιδείας
609 2130 734 2199 πέρι
752 2129 843 2183 καὶ
861 2126 927 2183 τὰ
948 2132 1058 2183 νῦν
1077 2132 1334 2199 εἰρῆσθαι
1357 2129 1521 2181 δοκεῖ.

382 2214 500 2263 ΑΘ.
535 2214 735 2274 Καλως
762 2214 971 2266 τοίνυν.
1005 2207 1219 2265 τούτων
1243 2229 1349 2279 γαρ
1376 2206 1442 2277 δὴ
1472 2212 1583 2262 τῶν
1614 2196 1802 2276 ὀρθως
1833 2227 1922 2261 τε-

243 2291 584 2362 θραμμένων
601 2286 826 2359 ἡδονων
844 2292 936 2344 καὶ
954 2295 1152 2345 λυπων
1179 2292 1446 2344 παιδειων
1476 2286 1664 2343 ούσων
1693 2293 1922 2357 χαλαται

242 2380 356 2435 τοῖς
395 2367 719 2440 ἀνθρώποις
756 2372 848 2424 καὶ
885 2374 1266 2439 διαφθείρεται
1294 2367 1362 2424 τὰ
1394 2366 1571 2424 πολλα
1601 2371 1661 2423 ἐν
1688 2374 1766 2441 τῷ
1801 2374 1919 2440 βίῳ,

243 2453 370 2508 θεοὶ
388 2450 448 2507 δὲ
468 2455 830 2521 οἰκτείραντες
846 2448 907 2506 τὸ
928 2456 1042 2505 τῶν
1053 2450 1374 2522 ἀνθρώπων
1393 2453 1658 2506 ἐπίπονον
1673 2446 1923 2518 πεφυκὸς

177 2540 212 2580 D
243 2535 404 2604 γένος
427 2530 751 2597 ἀναπαύλας
766 2536 825 2586 τε
843 2528 1030 2596 αὐτοῖς
1045 2538 1157 2586 τῶν
1185 2531 1378 2586 πόνων
1406 2531 1664 2597 ἐτάξαντο
1691 2529 1787 2594 τὰς
1811 2534 1922 2584 τῶν

246 2617 453 2686 ἑορτῶν
478 2611 712 2686 ἀμοιβὰς
746 2624 858 2679 τοῖς
892 2620 1062 2683 θεοῖς,-
1100 2615 1190 2669 καὶ
1226 2613 1463 2677 Μούσας
1503 2610 1824 2668 Ἀπόλλωνα
1864 2632 1921 2671 τε

244 2696 591 2767 μουσηγέτην
608 2697 702 2751 καὶ
719 2694 1007 2751 Διόνυσον
1042 2691 1439 2765 ξυνεορταστας
1458 2697 1675 2763 ἔδοσαν,
1715 2691 1792 2749 ἵν’
1823 2695 1922 2748 έπ-
1956 2746 1960 2750 ,

160 2787 164 2790 ’
247 2782 601 2875 ανορθωνται
611 2798 710 2841 τας
726 2798 791 2848 γε
803 2777 1030 2850 τροφάς,
1046 2778 1345 2847 γενομένας
1357 2778 1418 2831 ἐν
1434 2785 1548 2839 ταῖς
1566 2776 1776 2844 εορταῑς
1787 2771 1922 2845 μετὰ

246 2862 416 2913 θεων.
455 2855 597 2931 ὅρᾳν
631 2852 735 2914 οὖν
765 2859 885 2930 χρή,
907 2859 1143 2927 πότερον
1175 2856 1391 2928 ἀληθὴς
1418 2856 1549 2927 ἡμῖν
1577 2879 1712 2918 κατα
1748 2856 1920 2925 φύσιν
1973 2901 1976 2938 ⁴3
