1976 3172
675 98 997 149 Nomszzv
1031 91 1087 147 «r.
1625 50 1741 148 s119
1785 149 1808 156 ,

50 237 429 310 γενησόμενον
447 239 522 300 είς
540 231 782 303 δύναμιν
800 229 836 288 ὅ
854 252 907 287 τι
929 230 1166 302 μάλιστα
1183 234 1276 288 καὶ
1295 230 1469 288 αὐτὸν
1485 236 1742 288 τοιοῦτον

50 318 359 389 ἀναγκαῖον
379 322 692 388 γίγνεσθαι,
720 314 810 370 καὶ
848 310 990 368 κατὰ
1027 319 1232 369 τοῦτον
1270 313 1338 384 δὴ
1368 312 1468 368 τὸν
1502 312 1677 384 λόγον
1712 307 1743 369 ὁ
1776 326 1811 367 D

50 401 153 473 μὲν
182 402 430 472 σώφρων
448 395 614 470 ’ἡμῶν
638 402 761 471 θεῷ
788 398 968 467 φίλος,
1007 395 1197 467 ὅμοιος
1223 393 1352 467 γάρ,
1378 391 1408 449 ὁ
1438 392 1497 449 δὲ
1523 394 1596 466 μὴ
1630 393 1743 451 σώ-

52 504 217 552 φρων
243 478 510 552 ἀνόμοιός
545 499 605 534 τε
637 478 731 533 καὶ
762 475 1032 548 διάφορος
1068 479 1160 533 καὶ
1189 474 1407 540 ἄδικος·
1426 475 1538 531 *ocal
1570 469 1743 531 τᾶλλα

52 563 203 620 οὕτω
225 559 365 619 κατὰ
391 558 495 617 τὸν
522 556 699 616 αὐτὸν
727 555 901 629 λόγον
933 562 1058 629 ἔχει.
1107 556 1400 628 νοήσωμεν
1429 554 1497 627 δὴ
1526 555 1744 621 τούτοις

52 644 328 714 ἑπόμενον
346 638 597 697 εἶναιτὸν
613 638 833 696 τοιόνδε
848 637 1038 710 λόγον,
1052 637 1318 694 ἁπάντων
1336 635 1634 693 κάλλιστον
1652 639 1746 693 καὶ

50 725 449 796 ἀληθέστατον,
474 719 643 793 οἶμαι,
662 720 866 792 λόγων,
900 717 975 785 ὡς
992 725 1072 794 τῷ
1100 719 1205 791 μὲν
1225 716 1426 792 ἀγαθῷ
1454 717 1623 775 θύειν
1652 719 1745 775 καὶ

52 811 413 877 προσομιλεῖν
434 803 503 875 δὴ
529 813 645 868 τοῖς
661 810 819 869 θεοῖς
839 801 1021 873 εὐχαῖς
1037 804 1130 860 καὶ
1149 799 1476 873 ἀναθήμασι
1494 803 1586 857 καὶ
1607 802 1744 872 ξυμ-

49 886 203 960 πάσῃ
236 891 511 959 θεραπείᾳ
535 889 693 941 θεῶν
721 884 1021 942 κάλλιστον
1047 884 1138 940 καὶ
1167 881 1399 954 ἄριστον
1427 883 1521 938 καὶ
1545 879 1745 938 ἀνυσι-

53 969 311 1039 μώτατον
326 966 469 1038 πρὸς
484 966 586 1023 τόν
605 964 912 1039 εὐδαίμονα
941 972 1068 1039 βίον
1095 966 1188 1022 καὶ
1218 963 1285 1036 δὴ
1318 965 1412 1021 καὶ
1442 962 1745 1035 διαφερόν-

52 1070 159 1114 τως
177 1052 410 1120 πρέπον,
428 1056 509 1122 τῷ
529 1049 591 1105 δὲ
607 1055 764 1123 κακῷ
780 1049 998 1106 τούτων
1014 1046 1281 1105 τάναντία
1303 1051 1572 1118 πέφυκεν.
1602 1042 1745 1101 ἆκά-
1780 1061 1813 1101 Ε

51 1138 262 1201 θαρτος
284 1130 394 1204 γὰρ
421 1129 527 1204 τὴν
554 1132 741 1202 ψυχὴν
767 1130 803 1187 ὅ
826 1152 891 1202 γε
922 1129 1108 1202 κακός,
1139 1127 1392 1202 καθαρὸς
1427 1128 1488 1186 δὲ
1519 1125 1548 1183 ὁ
1579 1129 1748 1184 ἐναν-

51 1220 165 1280 τίος
178 1236 189 1247 ·
223 1212 374 1284 παρὰ
394 1218 455 1270 δὲ
471 1219 678 1285 μιαροῦ
698 1218 851 1285 δῶρα
872 1213 992 1270 οὔτ’
1027 1210 1194 1283 ἄνδρ’
1215 1210 1436 1283 άγαθὸν
1455 1211 1586 1268 οὔτε
1603 1208 1748 1267 θεὸν

50 1299 166 1351 ἔστι
184 1296 317 1352 ποτὲ
340 1295 406 1350 τό
433 1315 497 1365 γε
518 1292 703 1366 ὀρθὸν
725 1298 985 1364 δέχεσθαι
999 1316 1010 1326 ·
1047 1294 1229 1365 μάτην
1249 1288 1356 1349 οὖν
1374 1296 1499 1365 περὶ
1521 1290 1696 1357 θεοὺς
1715 1288 1745 1347 ὁ
1776 1306 1802 1351 7
1800 1305 1862 1362 ,17

51 1375 227 1443 πολύς
252 1372 367 1433 ἐστι
394 1375 570 1441 πόνος
598 1386 713 1441 τοῖς
732 1372 996 1445 άνοδίοις,
1027 1386 1170 1431 τοῖσι
1200 1375 1261 1431 δὲ
1289 1373 1461 1440 ὁσίοις
1490 1371 1748 1446 ἐγκαιρό-

0 1475 1 1479 ’
52 1479 212 1524 τατος
232 1456 421 1515 ἅπασι.
455 1454 666 1522 σκοπὸς
683 1458 786 1530 μὲν
806 1450 914 1513 οὖν
931 1454 1064 1529 ἡμῖν
1081 1448 1263 1527 οὗτος,
1290 1450 1363 1513 οὖ
1382 1460 1470 1512 δεῖ
1492 1457 1748 1527 στοχάζε-

55 1546 217 1596 σθαι·
254 1543 387 1612 βέλη
414 1539 476 1596 δὲ
502 1538 679 1596 αὐτοῦ
718 1539 810 1595 καὶ
847 1534 968 1595 οἷον
1003 1536 1037 1610 ἡ
1074 1549 1187 1604 τοῖς
1222 1539 1441 1610 βέλεσιν
1470 1540 1656 1609 ἔφεσις
1680 1535 1750 1593 τὰ

0 1680 1 1690 ,
56 1618 172 1678 ποτ’
220 1617 295 1677 ἄν
330 1620 607 1693 λεγόμενα
652 1617 935 1691 ὀρθότατα
974 1616 1183 1693 φέροιτ’
1224 1616 1326 1687 ἅν;
1370 1624 1594 1690 πρῶτον
1627 1621 1747 1690 μέν,

0 1701 1 1723 ³
54 1706 256 1775 φαμέν,
277 1701 436 1775 τιμὰς
461 1701 562 1770 τὰς
589 1701 709 1775 μετ’
742 1700 1077 1775 Ὀλυμπίους
1095 1723 1155 1758 τε
1180 1699 1426 1767 καὶτοὺς
1450 1700 1554 1773 τὴν
1583 1700 1750 1757 πόλιν

0 1779 1 1785 ’
54 1788 281 1856 ἔχοντας
297 1784 474 1851 θεοὺς
490 1796 604 1851 τοῖς
626 1789 879 1857 χθονίοις
898 1783 972 1840 ἄν
1004 1806 1086 1851 τις
1116 1792 1272 1850 θεοῖς
1301 1782 1465 1854 ἄρτια
1494 1784 1586 1839 καὶ
1615 1781 1750 1838 δεύ-

0 1878 1 1926 i
52 1886 187 1935 τερα
222 1849 316 1923 κα)
350 1864 615 1939 άριστερὰ
652 1870 838 1939 νέμων
873 1864 1157 1937 ὀρθότατα
1200 1872 1303 1922 τοῦ
1338 1873 1433 1937 τῆς
1468 1862 1750 1935 εὐσεβείας

55 1955 272 2004 σκοποῦ
287 1949 572 2021 τυγχάνοι,
591 1960 705 2016 τοῖς
729 1950 789 2006 δὲ
806 1949 1024 2006 τούτων
1052 1947 1281 2004 ἄνωθεν
1306 1946 1372 2003 τὰ
1401 1944 1627 2018 περιττὰ
1656 1945 1748 2001 καὶ
1779 1961 1812 2003 Β

57 2026 347 2100 ἀντίφωνα
363 2042 477 2096 τοῖς
493 2034 815 2103 ἔμπροσθεν
833 2034 1056 2103 ῥηθεῖσι
1075 2036 1184 2086 νῦν
1202 2028 1287 2101 δή.
1328 2026 1464 2100 μετὰ
1486 2027 1662 2093 θεοὺς
1690 2027 1751 2083 δὲ

57 2111 261 2170 τούσδε
298 2114 392 2171 καὶ
428 2123 543 2179 τοῖς
578 2118 837 2187 δαίμοσιν
875 2112 910 2170 ὅ
943 2110 1000 2184 γ’
1040 2117 1274 2185 ἔμφρων
1316 2107 1612 2182 ὀργιάζοιτ’
1657 2108 1748 2183 ἅν,

56 2191 234 2266 ἥρωσι
253 2194 313 2252 δὲ
331 2194 468 2266 μετὰ
486 2195 720 2263 τούτους
733 2219 746 2231 ·
784 2200 1167 2254 ἐπακολουθοῖ
1180 2193 1236 2251 δ’
1259 2193 1448 2260 αὐτοῖς
1475 2191 1750 2264 ἱδρύματα

56 2279 171 2334 ἴδια
187 2274 463 2352 πατρῴων
480 2283 639 2335 θεῶν
655 2275 793 2335 κατὰ
819 2278 999 2349 νόμον
1025 2275 1411 2350 ὀργιαζόμενα,
1440 2278 1658 2348 γονέων
1689 2275 1750 2332 δὲ

55 2357 191 2429 μετὰ
211 2363 385 2416 ταῦτα
403 2362 553 2432 τιμαὶ
573 2360 812 2431 ζώντων,
841 2355 924 2427 οἷς
949 2361 1113 2432 θέμις
1140 2356 1437 2431 ὀφείλοντα
1464 2356 1750 2415 ἀποτίνειν

0 2463 1 2466 ’
59 2435 128 2494 τὰ
147 2439 339 2511 πρῶτά
355 2462 414 2498 τε
432 2443 524 2498 καὶ
541 2443 769 2515 μέγιστα
788 2440 1147 2515 ὀφειλήματα,
1167 2447 1347 2513 χρεῶν
1364 2439 1593 2498 πάντων
1611 2459 1749 2510 πρε-

64 2517 323 2596 σβύτωτα,
356 2527 600 2596 νομίζειν
628 2527 707 2596 δέ,
734 2524 770 2581 ἃ
805 2528 1058 2597 κέκτηται
1096 2525 1190 2581 καὶ
1223 2526 1347 2595 ἔχει,
1384 2521 1565 2587 πάντα
1604 2521 1750 2578 εἶναι

62 2604 180 2655 τῶν
195 2604 586 2677 γεννησάντων
604 2609 696 2663 καὶ
712 2610 1087 2680 θρεψαμένων
1098 2605 1238 2679 πρὸς
1248 2606 1309 2662 τὸ
1331 2606 1591 2679 παρέχειν
1604 2600 1745 2660 αὐτοὶ
1779 2624 1810 2667 c

65 2686 143 2746 εἷς
177 2676 483 2754 ὖκηοεσίαν
507 2690 735 2755 ἐκείνοις
764 2687 903 2746 κατὰ
929 2688 1173 2761 δύναμιν
1201 2694 1405 2761 πᾶσαν,
1437 2686 1748 2760 άρχόμενον

64 2760 176 2821 ἆῑό
207 2772 303 2838 τῆς
326 2763 535 2843 οὐσίας,
573 2772 804 2847 δεύτερα
839 2770 908 2830 τὰ
935 2777 1040 2830 τοῦ
1077 2770 1347 2845 σώματος,
1379 2774 1534 2842 τρίτα
1557 2767 1623 2825 τὰ
1654 2773 1749 2839 τῆς
