1976 3172
717 107 1121 172 ΝΟΜΩΝκξ.
1662 110 1767 164 219

74 255 394 317 διεξελθεῖν.
428 252 511 313 τίς
537 241 646 303 οὖν
673 244 945 318 ὀρθόνηςς
991 249 1254 311 παίζοντα
1289 246 1402 302 ἐστὶ
1439 249 1762 318 διαβιωτέον
1793 263 1827 303 Ε

72 331 229 398 τινὰς
263 330 332 403 δὴ
371 325 596 394 παιδιὰς
635 327 858 384 θύοντα
889 329 983 382 καὶ
1016 325 1225 400 ᾄδοντα
1261 328 1355 383 καὶ
1399 329 1764 402 ὀρχούμενον,

77 413 218 470 ὥστε
233 411 367 479 τούς
383 411 487 484 μὲν
503 409 680 476 θεοὺς
694 413 855 474 ἵλεως
873 406 1026 483 αὐτῷ
1055 409 1491 481 παρασκευάζειν
1522 410 1768 468 δυνατὸν

77 495 234 566 εἶναι,
252 493 385 560 τοὺς
414 491 468 550 δ’
499 489 740 564 ἐχθρούς
767 487 1088 561 ἀμύνεσθαι
1113 492 1205 546 καὶ
1227 495 1397 563 νικᾷν
1424 491 1765 562 μαχόμενον·

76 574 239 634 ὁποῖα
268 575 330 633 δὲ
363 575 588 650 ᾅδων*
549 596 625 630 αν
649 593 735 638 τις
768 572 862 629 καὶ
898 569 1239 643 ὀρχούμενος
1276 568 1565 644 ἀμφότερα
1593 579 1768 628 ταῦτα

76 658 324 728 πράττοι,
350 654 414 712 τὸ
433 659 539 757 μὲν
554 675 669 711 των
686 653 882 710 τύπων
905 660 1116 724 εἴρηται
1133 653 1227 709 καὶ
1244 653 1507 725 καθάπερ
1529 651 1652 710 ὁδοὶ
1681 657 1771 709 τέ·-

74 759 322 809 τμηνται,
342 730 477 793 καθ’
502 758 569 802 ας
587 737 734 793 ἰτέον
760 739 1164 806 προσδοκῶντα
1190 737 1284 791 καὶ
1310 734 1410 791 τὸν
1437 735 1673 808 ποιητὴν
1704 728 1772 791 εὖ

55 884 58 887 ,
75 821 259 890 λέγειν
276 818 340 874 τὸ

150 897 446 972 Τηλέμαχ’,
462 898 605 956 αλλα
622 899 727 971 μὲν
744 897 913 962 αὐτὸς
930 901 1013 953 ἐνὶ
1036 902 1201 968 φρεσὶ
1222 905 1351 971 σῇσι
1369 898 1607 970 νοήσεις,
1797 914 1886 960 804

147 982 289 1039 ἄλλα
308 983 369 1038 δὲ
387 983 479 1037 καὶ
497 985 715 1052 δαίμων
730 978 1080 1051 ὑποθήσεται
1093 1001 1105 1012 ·
1143 978 1214 1036 ού
1233 981 1342 1053 γὰρ
1364 979 1464 1037 ὀΐω
1818 1002 1821 1003 ’

146 1062 219 1119 οὔ
239 1082 303 1120 σε
318 1069 476 1120 θεῶν
493 1061 681 1133 ἀέκητι
692 1064 956 1132 γενέσθαι
972 1082 1033 1117 τε
1049 1065 1333 1135 τραφέμεν
1349 1085 1422 1119 τε.

74 1141 286 1200 ταύτὸν
302 1143 371 1215 δὴ
390 1145 484 1200 καὶ
511 1142 645 1209 τούς
669 1141 970 1215 ἡμετέρους
993 1149 1302 1216 τροφίμους
1329 1148 1417 1201 δεῖ
1440 1145 1772 1215 διανοουμέ-

26 1302 27 1307 ¹
75 1234 213 1290 νους
231 1224 298 1280 τὰ
317 1228 422 1296 μὲν
450 1228 712 1295 εἰρημένα
731 1223 1104 1294 ἀποχρώντως
1121 1231 1363 1297 νομίζειν
1394 1230 1672 1298 εἰρῆσθαι,
1701 1222 1767 1281 τὰ

76 1306 139 1362 δὲ
170 1307 264 1362 καὶ
296 1304 398 1361 τὸν
422 1305 659 1375 δαίμονά
696 1326 756 1360 τε
792 1306 886 1361 καὶ
907 1303 1051 1360 θεὸν
1087 1304 1342 1362 αὐτοῖσιν
1372 1305 1771 1379 ὑποθήσεσθαι

71 1393 296 1444 θυσιῶν
313 1407 373 1442 τε
393 1387 519 1455 πέρι
545 1388 636 1442 καὶ
661 1391 913 1456 χορειῶν,
941 1381 1145 1442 οἷστισί
1170 1408 1232 1442 τε
1259 1391 1350 1443 καὶ
1382 1386 1549 1444 ὁπότε
1569 1387 1771 1445 ἕκαστα
1805 1409 1834 1449 Β

25 1502 27 1514 ·
73 1471 323 1536 ἑκάστοις
338 1469 769 1542 προσπαίζοντές
793 1489 852 1523 τε
869 1469 964 1524 καὶ
988 1467 1306 1540 ἱλεούμενοι
1333 1468 1474 1526 κατὰ
1504 1470 1607 1526 τὸν
1634 1470 1771 1539 τρό-

75 1571 187 1608 πον
203 1557 303 1623 τῆς
329 1550 554 1622 φύσεως
581 1549 995 1623 διαβιώσονται,
1007 1550 1285 1622 Ιθαύματα
1322 1549 1482 1618 ὄντες
1509 1551 1570 1608 τὸ
1603 1551 1767 1624 πολύ,

75 1631 280 1705 σμικρὰ
301 1634 362 1688 δὲ
379 1630 644 1704 άλήθείας
662 1630 801 1687 ἄττα
817 1636 1147 1703 μετέχοντες.

216 1720 348 1772 ΜΕ.
382 1714 715 1770 Παντάπασι
742 1711 805 1770 τὸ
834 1720 950 1770 ταῖν
984 1712 1310 1786 ἀνθρώπων
1345 1718 1510 1787 γένος
1543 1714 1692 1788 ἡμῖν,
1725 1709 1770 1772 03

73 1797 212 1868 ξένε,
236 1799 624 1868 διαφαυλίζεις.

215 1885 334 1936 ΑΘ.
372 1876 475 1951 Μὴ
502 1879 818 1952 θαυμάσῃς,
841 1871 887 1934 ὦ
903 1883 1166 1950 Μέγιλλε,
1188 1878 1329 1937 ἀλλὰ
1349 1879 1640 1950 ξύγγνωθί
1659 1898 1766 1948 μοι’

73 1958 215 2028 πρὸς
230 1959 343 2031 γὰρ
360 1958 464 2017 τὸν
480 1959 625 2017 θεὸν
642 1959 860 2017 άπιδων
879 1963 972 2018 καὶ
989 1960 1196 2017 παθών
1226 1960 1384 2018 εἷπον
1415 1959 1554 2031 ὅπερ
1575 1967 1768 2031 εἴρηκα

76 2046 203 2097 νῦν.
240 2046 382 2099 ἔστω
398 2040 454 2099 δ’
472 2038 580 2099 οὖν
606 2043 668 2099 τὸ
687 2047 849 2113 γένος
864 2041 1026 2114 ἡμῶν
1043 2044 1117 2115 μὴ
1138 2049 1379 2114 φαῦλον,
1403 2050 1459 2098 εἴ
1471 2059 1559 2098 σοι
1579 2047 1766 2113 φίλον,

78 2126 324 2195 σπουδῆς
344 2125 411 2179 δέ
422 2145 572 2189 τινος
599 2123 772 2191 ἄξιον.
1799 2150 1830 2192 c

23 2205 25 2213 ⁴
218 2208 302 2260 xl.
343 2201 419 2260 Τὸ
440 2201 494 2259 δ’
514 2205 637 2275 ἑξῆς
653 2204 888 2275 τούτοις,
920 2209 1230 2278 οἰκοδομίαι
1258 2205 1362 2278 μὲν
1390 2212 1638 2278 εἴρηνται
1662 2226 1767 2275 γυ-

24 2342 25 2347 ,
75 2286 383 2359 μνασίων”’
346 2310 458 2359 αμα
476 2291 567 2344 καὶ
586 2291 987 2352 διδασκαλείων
1005 2310 1213 2345 κοινων
1240 2294 1424 2390 τριχῇ
1427 2288 1567 2345 κατὰ
1593 2290 1767 2359 μέσην

72 2372 178 2445 τήν
189 2371 374 2442 πόλιν,
395 2375 606 2438 ἔξωθεν
617 2372 678 2428 δὲ
694 2374 881 2428 ἵππων
892 2366 972 2428 αυ
984 2377 1142 2444 τριχῇ
1160 2369 1366 2441 περὶτὰ
1386 2369 1528 2428 ἄστυ
1546 2371 1767 2442 γυμνά-

24 2486 25 2495 1
78 2449 173 2508 σιά
185 2474 245 2510 τε
261 2456 354 2511 καὶ
372 2451 931 2526 εύρυχῶρια,τοξικῆς
947 2474 1008 2511 τε
1027 2457 1119 2511 καὶ
1137 2475 1251 2511 των
1270 2452 1458 2510 αλλων
1479 2450 1764 2525 ἀκροβολι-

23 2557 25 2574 ·
80 2539 238 2604 σμιῦν
253 2536 416 2592 ἕνεκα
444 2538 936 2608 διακεκοσμημένα,
965 2536 1264 2609 μαθήσεως
1299 2557 1359 2593 τε
1388 2557 1502 2607 αμα
1536 2538 1629 2592 καὶ
1666 2558 1765 2607 με-

79 2615 236 2684 λέτης
252 2618 369 2671 ταῖν
394 2618 564 2694 νέων·
601 2622 652 2675 εἰ
684 2617 737 2674 δ’
777 2616 887 2690 άρα
916 2617 990 2690 μὴ
1028 2619 1153 2675 τότε
1180 2621 1387 2683 ίκανως
1420 2616 1761 2689 ἐρρήθησαν,

78 2702 188 2750 νῦν
215 2694 461 2768 εἰρήσθω
494 2705 572 2772 τῷ
594 2699 742 2774 λόγῳ
771 2699 905 2773 μετὰ
943 2701 1150 2771 νόμων.
1192 2703 1253 2755 ἐν
1286 2700 1346 2755 δὲ
1373 2698 1592 2765 τούτοις
1627 2705 1763 2755 πᾶσι

79 2778 449 2845 διδασκάλους
482 2779 729 2839 ἑκάστων
772 2786 1171 2854 πεπεισμένους
1208 2788 1431 2852 μισθοῖς
1466 2785 1760 2846 οἰκοῦντας
1796 2798 1825 2838 υ
