1976 3172
740 124 1140 171 PRAEFATIO.
1765 129 1843 166 ‘lx

50 258 134 287 τον
165 236 216 287 ix
247 240 568 297 δημοκρατίας
603 247 646 281 et
681 238 823 279 alieno
861 237 956 280 loco
995 240 1142 293 posita
1175 246 1274 280 sunt
1312 246 1354 281 et
1387 253 1560 283 sensum
1580 246 1843 295 pervertunt,

51 306 126 356 qui
157 302 320 344 Cliniae
350 300 560 343 nihildum
591 297 646 338 de
681 295 941 337 democratia
968 297 1308 350 sumministrare
1336 305 1521 350 poterat3
1560 310 1640 339 nec
1658 309 1848 366 respon·

54 374 148 402 sum
184 361 411 412 quicquam
438 356 524 397 nisi
560 354 852 405 quaestionem
890 353 945 394 de
982 352 1221 408 oligarchia
1259 355 1450 408 corrigit3
1490 357 1635 407 itaque
1664 356 1845 396 circum-

52 420 222 471 scripsi.
243 440 305 450 —
329 416 376 457 P.
399 413 485 455 ‘112
510 411 547 452 B
570 406 740 457 παῖδες
766 411 824 459 P,
856 407 1011 451 παῖδα
1032 409 1202 461 VBST,
1230 407 1370 451 παιδὶ
1400 410 1690 453 Schrammius
1719 412 1857 466 Spec.-

50 476 104 519 ΙΙ,
137 487 182 529 p.
214 474 268 524 8,
297 477 412 513 recte
437 468 683 523 intelligens
713 467 859 523 legum
890 468 1151 510 effictionem
1186 481 1282 509 cum
1310 469 1434 522 pueri
1464 469 1700 510 eruditione
1734 468 1847 510 male
1895 500 1905 503 >

53 530 313 586 compar-arn
351 538 479 579 quam
516 532 660 568 tamen
696 525 792 580 ipse
822 527 1077 568 sententiam
1118 526 1318 578 requirit,
1362 531 1408 566 ut
1438 525 1557 580 leges
1588 526 1746 566 civitati
1777 535 1863 567 ac:

52 587 393 633 commodentur,
430 583 548 626 velut
588 584 779 625 seniores
807 594 943 637 puero
973 584 1140 625 scilicet
1170 583 1293 638 leges
1323 595 1433 635 quae
1459 583 1563 624 huic
1594 586 1849 624 conveniant

49 647 254 699 adaptare
281 642 442 692 solent,
472 647 516 683 et
539 638 808 696 πρεσβυτῶν
840 642 1093 683 vocabulum
1123 642 1228 682 satis
1259 641 1443 682 otiosum
1472 640 1611 682 reddit
1638 652 1717 682 nec
1741 654 1847 694 pue·

48 702 139 743 rilis
169 700 448 742 institutionis
476 706 653 740 naturae
693 700 914 749 convenit,
955 711 1084 752 quam
1120 698 1310 740 moribus
1342 700 1486 752 potius
1521 710 1649 750 quam
1679 698 1848 752 legibus

47 760 140 814 regi
178 763 509 800 consentaneum
544 762 633 805 est;
673 758 872 798 revocavi
905 758 1040 811 igitur
1065 757 1218 812 optimi
1253 756 1413 798 codicis
1448 756 1695 805 lectionem,
1728 757 1849 809 cujus

49 827 222 858 sensum
251 816 333 856 etsi
360 821 524 856 mature
550 815 636 868 ipsi
665 814 829 855 librarii
859 814 1082 868 ignorasse
1110 815 1333 864 videntur,
1362 814 1631 867 aptissimum
1659 814 1850 854 invenies

49 880 291 927 comparato
323 872 354 916 l.
384 874 437 914 V.
472 884 516 914 ο
543 871 623 922 1-5,
663 872 737 913 ubi
774 870 917 926 legum
941 872 1068 914 ‘lator
1095 864 1318 912 πλάττειν
1358 864 1578 923 καθάπερ
1613 863 1664 911 ἐκ
1691 868 1852 924 ,κηροῦ

47 925 156 972 τινὰ
182 925 320 972 πόλιν
349 919 381 983 ἢ
411 927 606 976 πολίτας
631 930 799 971 dicitur.
859 928 1070 971 Nimirum
1099 936 1145 971 ut
1175 930 1299 983 pueri
1329 929 1374 969 in
1403 942 1527 979 cera,
1558 929 1619 969 ita
1649 940 1774 970 senes
1806 931 1851 969 in

47 989 216 1043 legibus
242 989 406 1030 civitati
430 987 687 1041 adoptandis
716 986 891 1035 ludunt;
926 1001 1011 1041 qua
1038 988 1229 1042 imagine
1250 988 1473 1040 proposita
1497 987 1624 1028 etiam
1654 983 1851 1042 πρεσβῦ·

47 1058 125 1087 ναι
152 1048 365 1101 insignem
388 1047 476 1087 vim
498 1046 736 1099 accipiunt,
765 1045 966 1087 nimirum
995 1053 1043 1087 ut
1066 1058 1212 1093 senes,
1245 1046 1284 1085 si
1316 1046 1499 1086 maxime
1525 1056 1759 1097 puerorum
1788 1045 1851 1085 in-

48 1112 138 1146 star
155 1104 319 1160 fingere
342 1105 539 1158 cupiant,
567 1102 710 1143 nullus
736 1103 875 1157 magis
903 1102 1026 1144 lusus
1052 1116 1182 1156 quam
1210 1102 1355 1157 legum
1380 1102 1676 1157 fingendarum
1703 1102 1852 1143 decere

50 1162 263 1202 innuatur.
295 1183 356 1191 —
389 1161 558 1202 P.-712
587 1158 620 1200 C
658 1155 803 1211 λέγεις
830 1159 861 1200 8
898 1173 994 1201 cum
1024 1160 1382 1202 Winckelmanno
1418 1160 1725 1211 codicibusque
1763 1159 1852 1200 fere

51 1219 272 1267 omnibus,
304 1210 454 1269 λέγειν
484 1215 618 1262 vBT;
661 1223 705 1255 at
735 1217 810 1257 vix
839 1218 1020 1258 arbitror
1049 1218 1429 1284 interrogationem
1463 1214 1515 1256 τί
1547 1217 1602 1258 ad
1635 1211 1865 1270 imperati-'

51 1287 153 1315 vum
181 1267 326 1326 φράζ’
351 1272 578 1314 commode
602 1271 765 1313 reterri.
791 1294 850 1302 —
875 1275 922 1314 P.
950 1274 1036 1315 712
1059 1274 1094 1315 Ε
1120 1267 1245 1326 κοῖγω
1275 1270 1512 1326 φαίνομαι
1537 1273 1594 1324 Η,
1620 1272 1852 1326 καταφαί-

50 1341 192 1383 νομαι
219 1329 338 1379 libri,
370 1340 455 1380 qua
484 1329 529 1368 in
553 1327 736 1369 lectione
762 1331 1091 1383 praepositionis
1114 1331 1231 1371 nulla
1264 1332 1330 1372 vis
1362 1337 1449 1383 est,
1482 1331 1748 1372 desideratur
1775 1344 1851 1372 au-

47 1397 136 1430 tem
166 1388 425 1441 subjectum,
457 1386 574 1438 quod
601 1397 680 1439 per
707 1377 880 1426 ταύτὸν
910 1399 1006 1428 cum
1037 1382 1112 1427 col
1137 1388 1356 1442 jungatur.
1379 1409 1438 1418 —
1466 1387 1512 1427 P.
1545 1387 1630 1430 713
1653 1391 1693 1429 A
1722 1390 1850 1430 verba

49 1439 222 1487 οὐκοῦν
251 1436 342 1498 χρὴ
360 1441 517 1491 ,ταῦτα
546 1439 670 1500 δρᾷν
696 1443 828 1498 vulgo
852 1451 950 1485 ante
981 1436 1111 1484 πάνυ
1140 1438 1226 1497 μὲν
1253 1433 1342 1485 οὖν
1367 1446 1509 1499 posita
1531 1445 1588 1486 ad
1605 1453 1850 1497 sequentem

46 1503 320 1546 Atheniensis
349 1501 585 1544 orationem
614 1501 832 1551 transtuli,
873 1502 947 1543 nbi
984 1509 1025 1543 et
1063 1503 1204 1548 minus
1237 1504 1377 1544 otiosa
1407 1500 1506 1543 simt
1546 1509 1588 1543 et
1621 1503 1707 1555 ipsi
1737 1504 1853 1556 quod

49 1562 242 1614 sequitur
276 1551 365 1613 γὰρ
402 1561 560 1601 rectius
598 1558 875 1614 intelligendo
915 1561 1165 1605 inserviunt.
1227 1561 1454 1603 Praeterea
1493 1553 1736 1612 ἔμπροσθε
1771 1573 1851 1615 pro

51 1613 323 1671 ἱμαοοσθεν
350 1618 503 1671 scripsi
531 1629 629 1659 cum
657 1618 715 1666 Ρ,
748 1617 806 1662 cf.
839 1630 938 1671 sup.
970 1630 1014 1672 p.
1050 1618 1151 1664 688.
1183 1641 1243 1650 —-
1271 1621 1320 1661 P.
1355 1618 1441 1661 713
1468 1618 1502 1658 Β
1532 1609 1773 1671 ὀρθότατά
1803 1629 1852 1671 γε

50 1673 178 1728 δρᾶν
196 1705 208 1717 .
229 1706 239 1716 .
260 1710 272 1721 .
293 1672 484 1728 ποιοίης
512 1688 610 1717 cum
641 1674 858 1717 Boeckhio
898 1676 942 1716 in
972 1676 1073 1717 Min.
1109 1689 1156 1732 p.
1195 1676 1280 1720 166
1318 1677 1374 1718 ad
1405 1675 1584 1718 Cliniam
1621 1688 1648 1716 a
1678 1676 1851 1731 Megillo

49 1733 269 1781 transtuli:
304 1746 406 1775 mox
443 1740 588 1775 autem
617 1732 651 1774 G
685 1738 727 1774 et
757 1733 794 1775 D
824 1746 922 1775 cnm
956 1734 1125 1776 Juliano
1156 1735 1213 1777 ad
1242 1734 1443 1776 Themist.
1478 1746 1524 1788 p.
1559 1732 1646 1777 258
1676 1727 1780 1775 τότε
1812 1742 1853 1776 et

176 1783 343 1845 ἐφίστη
370 1797 414 1832 et
442 1797 539 1832 ante
567 1788 703 1844 γένος
732 1791 916 1846 inserui,
948 1792 1072 1845 cnjus
1101 1793 1336 1847 particulae
1362 1793 1547 1846 vestigia
1564 1798 1728 1834 tantum
1754 1793 1853 1834 libri

46 1797 270 1902 memo
300 1857 342 1891 et
363 1840 418 1889 τὸ
447 1842 582 1901 γένος
611 1849 832 1891 scribendo
863 1850 1147 1902 retinuerunt3
1180 1863 1259 1892 uec
1288 1845 1369 1891 καὶ.
1399 1857 1564 1892 tantum
1595 1863 1693 1892 cum
1724 1850 1851 1892 Stall-

44 1907 244 1958 bcumio,
270 1907 350 1949 sed
377 1897 472 1959 ἄρα
500 1902 583 1947 nul
611 1908 950 1962 circumscripsi,
976 1921 1085 1960 quae
1115 1914 1162 1949 ut
1192 1921 1218 1950 a
1246 1908 1416 1951 ‚Iuliano
1445 1921 1621 1963 prorsus
1651 1909 1852 1963 ignoran-

44 1971 139 2018 tur,
173 1966 234 2007 ita
265 1965 502 2007 secundum
542 1965 665 2007 codd.
699 1977 753 2006 ex
784 1965 1070 2020 dittographia
1100 1973 1192 2008 orta
1222 1979 1318 2008 esse
1346 1967 1570 2015 videntur,
1616 1979 1746 2018 quum
1777 1966 1852 2007 alii

45 2013 141 2075 ἄρα
167 2019 250 2063 καὶ
274 2033 355 2078 pro
380 2015 444 2076 δὴ
474 2018 557 2064 καὶ
585 2023 796 2078 legerent3
829 2029 1047 2077 postremo
1075 2023 1316 2077 ποιμνίοις
1347 2037 1426 2078 pro
1458 2021 1723 2075 ποιμνίοισι
1754 2036 1851 2064 cum

45 2079 86 2119 V
115 2080 318 2133 libr-laque
342 2080 545 2135 plurimis
573 2081 797 2131 revocavi,
830 2081 886 2124 cf.
911 2079 1158 2122 Schneider.
1179 2082 1247 2122 'ad
1276 2081 1505 2134 Rempubl.
1537 2081 1586 2121 Τ.
1612 2081 1646 2126 Ι.
1677 2093 1721 2135 p.
1745 2080 1848 2123 223.

47 2155 107 2167 -
130 2135 176 2177 P.
200 2138 290 2179 ¹114
314 2138 355 2179 A
379 2133 611 2191 νοσήματι
639 2150 737 2180 cum
765 2144 1012 2192 antegresso
1039 2136 1168 2193 κακῷ
1197 2138 1310 2180 male
1341 2150 1575 2193 congruere
1603 2139 1696 2190 jam
1724 2138 1849 2179 Hein-

49 2192 208 2235 dorssus
237 2193 482 2249 intelligens
513 2193 698 2248 GonJect.
731 2207 776 2249 p.
809 2193 866 2237 33
891 2193 1049 2235 κακῶν
1081 2196 1170 2250 legi
1202 2197 1356 2249 jussit;
1394 2208 1480 2247 qua
1514 2195 1683 2237 medela
1714 2195 1851 2237 lenior
1880 2227 1884 2232 ,

48 2250 156 2292 mibi
184 2257 331 2293 nostru
361 2252 548 2303 videtur,
589 2263 675 2304 qua
704 2264 853 2294 vocem
883 2264 1245 2306 supervacaneam
1274 2266 1353 2308 pro
1385 2251 1645 2307 glossemate
1681 2255 1848 2301 notavi;

45 2307 249 2362 deinceps
268 2319 370 2349 vero
393 2321 473 2350 nec
494 2307 742 2351 Schneideri
772 2309 1110 2352 emendationem
1137 2303 1280 2366 ταύτῃ
1313 2303 1436 2351 ἰδεῖν
1467 2323 1544 2364 pro
1574 2304 1720 2367 ταύτῃ
1745 2307 1849 2352 δεῖν

45 2377 124 2407 uec
151 2364 433 2409 Schultbeuii
461 2357 740 2419 ᾰξιωμᾶτων
777 2378 855 2421 pro
882 2358 1187 2422 α’διιιημοίτων
1215 2369 1407 2422 recipere
1438 2369 1646 2413 dubitavi.
1709 2369 1847 2418 Illam,

204 2423 340 2465 obiter
366 2425 435 2465 vir
467 2425 739 2466 acutissimus
765 2424 823 2466 ad
847 2425 996 2479 Remp.
1028 2425 1076 2469 Τ.
1108 2427 1140 2471 1.
1205 2455 1217 2467 .
1249 2425 1306 2469 39
1335 2428 1584 2481 proposuit,
1624 2426 1850 2469 firmabunt

45 2434 181 2537 w
212 2482 338 2536 Ajac.
374 2480 508 2525 1163:
541 2479 744 2523 σπεῦσον
774 2477 980 2524 κάπετον
1007 2476 1108 2525 τιν’
1136 2439 1260 2525 ἰὲεἴν
1288 2481 1430 2540 τῷδε,
1465 2491 1506 2525 et
1534 2484 1714 2526 Theocr.
1748 2484 1846 2525 XV.

49 2538 101 2578 ²2
123 2528 223 2592 ὅρη
251 2535 452 2595 δίφρον,
484 2532 669 2590 Educta,
696 2534 839 2599 αὖτᾷε
878 2541 1013 2583 altera
1053 2549 1094 2584 et
1130 2543 1306 2597 propius
1342 2543 1397 2583 ad
1428 2541 1632 2586 librorum
1666 2542 1848 2596 vestigia

49 2592 211 2638 Μ
230 2608 359 2650 quam
383 2598 502 2651 quod
526 2598 669 2643 Turic.
699 2612 777 2641 suo
804 2599 995 2654 periculo
1025 2606 1275 2655 receperunt
1300 2594 1633 2652 δικαιωμάτων
1663 2607 1703 2641 et
1734 2612 1845 2642 com-

50 2649 271 2695 mendatur
298 2654 391 2698 loco
424 2655 456 2698 1.
484 2656 557 2702 m.
588 2670 628 2699 e·
654 2656 737 2706 10,
769 2669 895 2710 quem
921 2658 1016 2711 ipse
1045 2658 1164 2700 Plato
1195 2670 1306 2700 nunc
1331 2658 1548 2711 respicere
1581 2658 1757 2699 videtur.
1787 2677 1845 2685 —

49 2706 95 2748 Ρ.
118 2706 207 2751 716
225 2709 264 2751 Α
286 2705 332 2752 d
353 2707 407 2755 u
430 2725 503 2762 uc
529 2713 561 2756 Β
588 2727 687 2758 cum
708 2714 922 2757 Boeckhio
946 2727 991 2770 p.
1021 2716 1100 2765 54,
1134 2717 1287 2768 quibus
1318 2714 1577 2757 Theodoreti
1603 2721 1644 2756 et
1667 2713 1845 2755 Cedreni

47 2766 278 2808 auctoritas
305 2770 488 2821 “eodm
518 2766 546 2813 ὁ
572 2768 626 2814 δέ
654 2784 727 2820 τις
753 2772 859 2815 vBs
890 2786 985 2815 cum
1015 2774 1160 2823 libris,
1190 2774 1267 2815 sed
1295 2786 1463 2814 summa
1488 2780 1720 2814 structurae
1751 2782 1844 2811 sca-

45 2822 172 2865 britie
204 2833 246 2864 et
271 2825 613 2882 lemmatis,
646 2841 755 2884 quae
785 2843 916 2884 quum
938 2826 1155 2884 φλέγεται
1182 2839 1223 2872 et
1244 2828 1572 2872 καταλείπεται
1598 2829 1748 2870 eodem
1776 2840 1843 2869 or-

45 2878 144 2922 dine
176 2881 331 2924 habere
362 2891 562 2940 coguut,
601 2887 756 2943 copula
792 2894 959 2939 tamen,
1002 2901 1088 2942 qua
1119 2901 1170 2931 ea
1195 2890 1376 2943 jungat,
1417 2899 1592 2942 prorsus
1625 2892 1751 2927 caret.
1783 2903 1828 2915 -
