1976 3172
260 94 363 147 218
875 95 1350 145 ΠΛΑΤΩΝΟΣ
1942 0 1976 175 ³

257 234 380 285 τίνα
399 227 610 299 τρόπον
628 224 729 298 χρὴ
749 227 842 282 καὶ
861 220 1056 282 οἷστισι
1072 227 1163 282 καὶ
1182 227 1315 283 πότε
1337 226 1600 299 πράττειν
1617 220 1818 286 ἕκαστά
1836 230 1941 288 αὖε
1956 181 1976 329 ἶ

257 311 396 365 τῶν
430 305 554 365 οἷον
577 308 645 380 δή
664 329 747 373 τις
764 308 1047 379 ναυπηγὸς
1067 306 1171 379 τὴν
1190 313 1286 379 τῆς
1312 314 1626 381 ναυπηγίας
1643 308 1823 383 ἀρχὴν
1838 334 1941 368 κα·-

263 390 674 463 ταβαλλόμενος
717 387 784 446 τοὶ
833 393 1115 462 τροπιδεῖα
1155 388 1541 462 ὑπογράφεται
1577 397 1692 448 τῶν
1731 395 1960 450 πλοίωνῧ

212 516 214 519 «
261 473 529 544 σχήματα,
550 469 759 528 ταύτὸν
778 471 847 544 δή
866 492 961 544 μοι
986 470 1140 543 κάγώ
1163 479 1434 543 φαίνομαι
1453 475 1672 549 ἐμαυτοῦ
1690 478 1906 548 δρᾷν,τ
1875 444 1965 629 vi

255 559 372 610 τῶν
407 559 548 626 βίων
575 553 917 625 πειρώμενος
935 554 1183 626 σχήματα
1216 553 1622 626 διαστήσασθαι
1644 577 1784 612 κατα
1810 576 1910 624 τρο

255 655 397 700 πους
414 655 547 700 τους
573 640 688 691 τῶν
717 641 914 706 ψυχαῖν
944 634 1120 702 ὅντως
1145 635 1334 692 αὐτῶν
1361 635 1428 692 τὰ
1458 641 1742 709 τροπιδεῖα
1773 651 1966 694 κατα-’τ

161 724 228 766 Β
258 716 587 788 βάλλεσθαι,
619 721 752 772 ποία
779 723 996 791 μηχανῇ
1022 720 1116 774 καὶ
1140 723 1249 774 τίσι
1275 717 1407 773 ποτε
1432 718 1658 786 τρόποις
1686 721 1969 803 ξυνόντες

255 796 356 853 τὸν
373 802 501 868 βίον
529 798 725 868 α’ριστα
755 798 846 853 διὰ
866 805 969 854 τοῦ
997 806 1144 855 πλοῦ
1171 799 1378 856 τούτου
1402 806 1500 872 τῆς
1529 805 1668 872 ζωης
1692 804 1976 871 διακομι-

257 879 608 950 σθησόμεθα,
629 886 795 934 τοῦτο
817 890 1044 934 σκοπεῖν
1067 878 1272 944 ὀρθῶς
1306 885 1420 936 ἔστι
1439 881 1505 953 δὴ
1526 887 1720 938 τοίνυν
1737 882 1804 937 τὰ
1831 887 1947 938 ταῖν

255 959 581 1032 ἀνθρώπων
613 960 912 1031 πράγματα
954 960 1196 1031 μεγάλης
1233 959 1335 1031 μὲν
1380 966 1628 1032 σπουδῆς
1663 962 1768 1020 οὐκ
1804 962 1969 1034 άξια,

193 1078 196 1080 Δ
254 1040 565 1113 ἀναγκαῖόν
601 1064 666 1113 γε
703 1065 817 1114 μην
853 1044 1212 1110 σπουδάζειν·
1259 1048 1424 1098 τοῦτο
1459 1041 1520 1099 δὲ
1551 1039 1656 1098 οὐκ
1693 1042 1944 1114 εὐτυχές·

257 1124 442 1197 ἐπειδὴ
466 1123 528 1181 δὲ
544 1125 796 1181 ἐνταῦθά
825 1127 1009 1197 ἐσμεν,
1039 1133 1093 1181 εἰ
1114 1144 1231 1191 πως
1266 1122 1359 1181 διὰ
1389 1124 1770 1197 προσήκοντός
1799 1141 1963 1192 τινος

253 1205 391 1263 αὐτὸ
414 1207 767 1279 πράττοιμεν,
796 1215 931 1273 ἴσως
959 1203 1032 1263 ἂν
1055 1204 1189 1279 ἡμῖν
1213 1207 1531 1279 σύμμετρον
1561 1203 1635 1263 σ’ἱν
1663 1215 1761 1279 εἴη.
1802 1204 1968 1279 λέγωΔ

255 1287 315 1345 δὲ
344 1287 412 1361 δὴ
440 1295 498 1345 τί
522 1309 686 1357 ποτε;
727 1297 859 1354 ἴσως
886 1287 1042 1361 μέντ’
1069 1289 1143 1344 ἄν
1160 1293 1242 1356 τίς
1269 1310 1364 1361 μοι
1392 1288 1549 1346 τοῦτ’
1574 1287 1710 1347 αὐτὸ
1732 1288 1946 1347 ὑπολα-

255 1369 372 1442 βών
393 1369 586 1440 ὀρθῶς
611 1370 902 1443 ὑπολάβοι.

191 1467 222 1508 C
395 1458 515 1508 KA.
558 1453 726 1508 Πάνυ
744 1454 846 1523 μὲν
864 1446 985 1508 οὖν.

394 1542 512 1591 ΑΘ.
552 1535 701 1605 Φημὶ
718 1540 916 1605 χρῆναι
943 1533 1005 1589 τὸ
1034 1537 1136 1606 μὲν
1163 1538 1474 1591 σπουδαῖον
1503 1535 1850 1604 σπουδάζειν,
1879 1533 1941 1590 τὸ

254 1615 313 1671 δὲ
332 1613 407 1686 μὴ
431 1617 739 1670 σπουδαῖον
758 1615 860 1686 μή·
893 1615 1062 1685 φύσει
1082 1615 1141 1671 δὲ
1160 1614 1299 1671 εἶναι
1327 1613 1472 1672 θεὸν
1500 1616 1602 1687 μὲν
1630 1615 1809 1687 πάσης
1836 1638 1944 1687 μα-
1967 1646 1974 1693 ,³

190 1696 194 1700 ’
251 1703 453 1769 καρίου
490 1701 738 1769 σπουδῆς
772 1697 946 1770 ἄξιον,
976 1698 1287 1768 ἄνθρωπον
1317 1699 1394 1770 δέ,
1425 1697 1564 1767 ὅπερ
1592 1705 1818 1769 εἴπομεν
1847 1702 1939 1769 ἔμ-
1967 1706 1976 1790 ζ

252 1788 525 1850 προσθεν,
549 1785 695 1835 θεοῦ
713 1802 766 1835 τι
783 1785 1043 1852 παίγνιον
1063 1778 1203 1836 εἶναι
1231 1782 1706 1854 μεμηχανημένον,
1732 1781 1824 1835 καὶ
1844 1780 1944 1835 ὄν-
1967 1794 1976 1854 ξ

251 1883 356 1927 τως
374 1868 541 1917 τοῦτο
561 1860 738 1918 αὐτοῦ
767 1860 828 1918 τὸ
859 1866 1144 1934 βέλτιστον
1166 1865 1478 1933 γεγονέναι·
1515 1861 1696 1936 τούτω
1726 1860 1793 1932 δὴ
1826 1863 1943 1915 δεῖν
1968 1859 1976 1942 ξ

250 1949 328 2018 τῷ
352 1945 540 2019 τρόπω
560 1945 940 2016 ξυνεπόμενον
963 1947 1055 2002 καὶ
1078 1943 1393 2012 παίζοντα”
1359 1966 1389 2000 ο
1410 1965 1463 2000 τι
1490 1947 1782 2007 καλλίστας
1812 1962 1942 1996 παι-
1966 1947 1976 2007 i

252 2025 372 2092 διας
387 2027 535 2083 πάντ
543 2025 758 2094 ’ἄνδρα
787 2030 879 2083 καὶ
906 2038 1145 2097 γυναῖκα
1176 2026 1323 2083 οὕτω
1359 2030 1667 2098 διαβιωναι,
1699 2022 1942 2080 τούναν-

250 2114 370 2165 τίον
390 2105 426 2180 ὴ
445 2116 554 2166 νῦν
575 2111 990 2181 διανοηθέντας.

186 2210 221 2249 D
394 2197 513 2247 KA.
549 2198 705 2259 Πως;

168 2266 180 2270 ’
397 2280 512 2327 ΑΘ.
549 2279 682 2328 Νῦν
701 2277 803 2344 μέν
831 2293 944 2329 που
965 2271 1063 2338 τὰς
1098 2271 1348 2338 σπουδὰς
1384 2280 1597 2328 οἴονται
1625 2274 1740 2327 δεῖν
1777 2271 1963 2325 ἕνεκα·

253 2359 366 2409 τῶν
383 2349 959 2452 παιδὶῶνγίγνεσθαι·
982 2353 1050 2409 τὰ
1068 2352 1177 2424 γὰρ
1196 2356 1323 2423 περὶ
1338 2353 1440 2408 τὸν
1456 2353 1702 2421 πόλεμον
1728 2348 1939 2419 ἡγοῦν-

253 2456 342 2490 ται
371 2437 648 2490 σπουδαῖα
683 2432 819 2490 όντα
853 2439 952 2506 τῆς
978 2434 1201 2504 εἰρήνης
1228 2434 1392 2488 ἕνεκα
1418 2436 1536 2487 δεῖν
1563 2452 1628 2486 ευ
1657 2435 1934 2487 τίθεσθαι.

228 2514 316 2572 Χτὸ
350 2514 401 2572 δ’
435 2539 510 2617 ην
530 2518 590 2572 ἐν
610 2518 829 2588 πολέμω
865 2516 967 2587 μὲν
1004 2513 1115 2584 άρα
1145 2510 1267 2570 οὔτ’
1298 2507 1406 2569 οὖν
1435 2511 1626 2568 παιδιὰ
1656 2522 1938 2583 πεφυκυῖα

255 2597 375 2654 οὔτ’
399 2601 473 2653 αὐ
494 2602 712 2654 παιδεία
730 2598 861 2654 ποτε
877 2596 1010 2669 ἡμῖν
1028 2594 1329 2668 ἀξιόλογος,
1349 2595 1478 2651 οὔτε
1499 2587 1642 2650 ουσα
1661 2591 1781 2650 οὔτ’
1813 2597 1938 2650 ε’σο-

252 2684 408 2753 μένη,
450 2678 482 2736 ὂ
511 2681 582 2752 δή
614 2702 799 2752 φαμεν
825 2677 958 2753 ημῖν
990 2701 1055 2751 γε
1088 2678 1227 2735 εἶναι
1255 2677 1723 2734 σπουδαιότατον·
1753 2680 1839 2732 δεῖ
1868 2675 1935 2747 δὴ

250 2761 350 2818 τὸν
369 2761 490 2819 κατ’
525 2762 752 2835 εἰρήνην
777 2768 904 2835 βίον
936 2764 1167 2819 ἕκαστον
1201 2760 1459 2818 πλεῖστόν
1494 2782 1552 2815 τε
1588 2762 1680 2817 καὶ
1709 2758 1938 2830 ἄριστον
