1976 3172
227 197 333 249 100
843 198 1322 247 ΠΛΑΤΩΝΟΣ

129 384 142 388 -
223 327 440 401 πονηροὶ
470 329 844 401 ἀναισχυντία,
874 328 964 384 διὰ
995 330 1065 401 δή
1094 351 1242 396 τινος
1268 333 1588 403 ἐλευθερίας
1617 338 1740 390 λίαν
1768 334 1911 392 ἄπο-

222 412 639 484 τετολμημένης.

363 499 492 549 ΜΕ.
526 493 892 565 Ἀληθέστατα
912 496 1099 564 λέγεις.

362 579 491 631 XVI.
530 581 647 631 ΑΘ.
682 573 908 647 Ἐφεξῆς
927 574 994 646 δὴ
1023 575 1198 649 ταύτῃ
1224 581 1293 647 τῇ
1318 579 1610 676 ἐλευθερίᾳ
1640 575 1674 648 ἡ
1704 584 1805 634 τοῦ
1834 578 1907 650 μὴ

221 659 439 713 ἐθέλειν
466 667 578 722 τοῖς
597 656 828 728 ἄρχουσι
848 655 1138 713 δουλεύειν
1166 655 1397 727 γίγνοιτ’
1435 658 1524 729 ἄν,
1554 661 1647 714 καὶ
1673 659 1909 731 επομένη

221 739 395 811 ταύτῃ
416 738 646 810 φεύγειν
665 737 874 809 πατρὸς
897 740 989 794 καὶ
1007 737 1213 810 μητρὸς
1242 743 1334 795 καὶ
1362 743 1754 813 πρεσβυτέρων
1775 746 1911 797 δου-

221 826 378 875 λείαν
400 822 491 874 καὶ
511 823 903 891 νομοθέτησιν,
925 822 1017 876 καὶ
1036 819 1199 891 ἐγγὺς
1217 827 1319 876 τοῦ
1343 823 1535 887 τέλους
1566 817 1694 878 οὖσι
1721 822 1910 893 νόμων

222 905 400 970 ζητεῖν
417 898 489 970 μὴ
512 897 780 970 ὑπηκόοις
799 900 957 970 εἶναι,
984 900 1125 969 πρὸς
1144 900 1297 973 αὐτῷ
1323 903 1382 959 δὲ
1401 904 1504 975 ἤδη
1535 911 1613 978 τῷ
1639 908 1782 959 τέλει
1810 902 1906 973 ὅρ-

164 997 195 1039 G
220 1005 337 1040 κων
356 983 449 1037 καὶ
468 986 706 1037 πίστεων
718 982 809 1036 καὶ
827 979 890 1036 τὸ
911 981 1176 1052 παράπαν
1192 991 1347 1038 θεῶν
1364 985 1438 1057 μὴ
1459 991 1786 1058 φροντίζειν,
1806 984 1912 1058 τὴν

220 1064 528 1135 λεγομένην
548 1060 792 1118 παλαιὰν
822 1060 1120 1134 Τιτανικὴν
1149 1061 1324 1134 φύσιν
1350 1067 1690 1122 ἐπιδεικνῦσι
1708 1071 1800 1124 καὶ
1819 1091 1911 1139 μι-

219 1149 535 1218 μουμένοις,
557 1146 644 1200 ἐπὶ
671 1142 738 1199 τὰ
758 1141 899 1199 αὐτὰ
921 1143 1089 1199 πάλιν
1117 1146 1299 1200 ἐκεῖνα
1327 1142 1719 1218 ἀφικομένους,
1748 1155 1911 1218 χαλε-

221 1228 331 1283 πὸν
352 1230 527 1283 αἰῶνα
548 1226 840 1296 διάγοντας
858 1224 931 1298 μὴ
964 1229 1126 1298 λῆξαί
1147 1246 1280 1283 ποτε
1307 1249 1512 1283 κακων.
1547 1233 1695 1293 τίνος
1723 1228 1789 1300 δὴ
1819 1232 1912 1286 καὶ
1974 1254 1976 1258 ’

219 1307 393 1366 ταῦθ’
422 1307 555 1382 ἡμῖν
578 1311 651 1364 αὖ
671 1309 832 1381 χάριν
859 1311 1090 1412 ἐλέχθη·
1076 1353 1091 1378 ,
1130 1314 1247 1365 δεῖν
1273 1317 1529 1381 φαίνεται
1549 1316 1737 1383 ἔμοιγε
1757 1307 1911 1368 οἷόν-

219 1412 325 1463 περ
343 1395 518 1447 ἵππον
538 1391 638 1447 τὸν
659 1392 831 1462 λόγον
850 1380 1107 1447 εκάστοτε
1113 1389 1558 1492 ἀναλαμβάνειν,
1590 1395 1682 1449 καὶ
1699 1393 1773 1464 μὴ
1807 1417 1910 1450 κα-

217 1473 405 1544 θάπερ
422 1471 687 1544 ἀχάλινον
705 1475 1044 1545 κεκτημένον
1068 1471 1131 1528 τὸ
1157 1472 1350 1545 στόμα,
1369 1478 1464 1547 βία
1481 1471 1592 1530 ὑπὸ
1614 1480 1715 1530 τοῦ
1735 1475 1910 1545 λόγου

158 1569 194 1611 D
221 1556 554 1627 φερόμενον,
592 1554 731 1611 κατὰ
758 1554 863 1628 τὴν
891 1560 1191 1627 παροιμίαν
1221 1554 1331 1610 άπό
1352 1578 1502 1620 τινος
1531 1555 1671 1613 όνου
1701 1568 1908 1627 πεσεῖν,

219 1637 342 1694 ἀλλ’
383 1641 740 1711 ἐπανερωτᾷν
769 1636 831 1694 τὸ
861 1646 972 1695 νῦν
1005 1636 1071 1710 δὴ
1103 1640 1323 1709 λεχθέν,
1339 1636 1399 1694 τὸ
1436 1643 1584 1703 τίνος
1613 1638 1679 1710 δὴ
1699 1637 1905 1710 [χάριν]
1974 1654 1976 1658 ’

219 1722 382 1777 ἕνεκα
401 1727 577 1776 ταῦτα
601 1723 822 1792 ἐλέχθη;

360 1809 491 1858 ΜΕ.
525 1808 736 1867 Καλως.

360 1890 478 1939 ΑΘ.
523 1890 710 1939 Ταῦτα
728 1888 922 1940 τοίνυν
943 1890 1151 1956 εἴρηται
1169 1884 1447 1940 ἐκείνων““’
1415 1905 1592 1941 ενεκα.

359 1971 492 2020 ΜΕ.
534 1969 742 2031 Τίνων;
1140 1979 1149 1989 ’
1974 2020 1976 2028 ,

363 2052 482 2102 ΑΘ,
517 2042 820 2118 Ἐλέξαμεν,
844 2043 918 2111 ὡς
944 2043 1044 2102 τὸν
1062 2048 1377 2117 νομοθέτην
1400 2049 1487 2101 δεῖ
1511 2052 1681 2116 τριῶν
1710 2062 1907 2115 στοχα-
1970 2078 1976 2095 .

223 2128 456 2199 ζόμενον
475 2135 824 2199 νομοθετεῖν,
846 2125 996 2193 ὅπως
1027 2125 1060 2199 ἡ
1092 2129 1546 2199 νομοθετουμένη
1575 2126 1731 2196 πόλις
1750 2129 1908 2182 ἐλευ-
1952 2091 1976 2202 3?

221 2214 366 2280 θέρα
401 2231 459 2264 τε
494 2214 644 2265 ἔσται
671 2211 761 2264 καὶ
794 2213 926 2281 φίλη
959 2210 1126 2282 ἑαυτῇ
1158 2210 1249 2265 καὶ
1285 2215 1427 2265 νοῦν
1456 2209 1575 2274 ἕξει.
1612 2205 1770 2263 ταῦτ’
1809 2201 1905 2279 ἦν·
1948 2203 1970 2336 ²

220 2285 259 2362 ἦ
285 2291 419 2362 70293
456 2301 475 2306 -
894 2366 915 2375 α
1947 2295 1963 2374 {3

338 2377 495 2431 ME.
532 2370 699 2426 Πάνυ
724 2372 825 2442 μὲν
845 2374 964 2427 οὐν.
1949 2380 1965 2427 ⁴!

160 2474 197 2516 Ε
365 2459 481 2508 ΑΘ.
524 2452 796 2508 Τούτων“’
773 2454 937 2507 ε’νεκα
957 2451 1022 2522 δὴ
1054 2458 1326 2515 πολιτείας
1353 2450 1456 2522 τήν
1483 2471 1541 2505 τε
1570 2453 1906 2504 δεσποτικω-
1959 2462 1966 2524 J·

219 2534 391 2605 τάτην
410 2532 772 2605 προελόμενοι
797 2535 889 2588 καὶ
911 2534 1012 2604 τὴν
1031 2531 1538 2602 ἐλευθερικωτάτην
1568 2532 1907 2586 ἐπισκοποῦ-
1949 2555 1955 2570 ‚

220 2637 324 2686 μεν
343 2621 491 2686 νυνί,
512 2619 716 2687 ποτέρα
735 2614 950 2670 τούτων
970 2612 1157 2683 ὀρθως
1175 2613 1542 2669 πολιτεύεται·
1562 2611 1826 2684 λαβόντες
1847 2613 1906 2667 δε

221 2694 409 2752 αὐτων
431 2697 689 2768 ἑκατέρας
716 2695 1039 2768 μετριότητά
1070 2718 1208 2766 τινα,
1231 2716 1345 2750 των
1365 2717 1465 2764 μεν
1485 2699 1585 2750 τοῦ
1605 2693 1953 2763 δεσπόζειν,

220 2785 335 2834 τῶν
352 2779 412 2836 δὲ
428 2784 529 2834 τοῦ
558 2778 964 2851 ἐλευθεριάσαι,
986 2782 1325 2849 κατείδομεν,
1354 2777 1438 2832 ὅτι
1457 2776 1580 2832 τότε
1603 2774 1904 2847 διαφερόν-
1962 2807 1964 2810 -

221 2883 327 2927 τως
354 2864 414 2917 ἐν
434 2859 626 2927 αὐταῖς
650 2864 864 2933 ἐγένετο
888 2860 1176 2934 εὐπραγία,
1198 2863 1286 2917 ἐπὶ
1307 2862 1365 2916 δὲ
1384 2858 1443 2915 τὸ
1467 2858 1642 2930 ἄκρον
1660 2858 1903 2929 ἀγαγόν-

1915 3051 1976 3172 ‘1
