<?xml version="1.0" encoding="UTF-8"?>
<!DOCTYPE html PUBLIC "-//W3C//DTD XHTML 1.0 Transitional//EN"
    "http://www.w3.org/TR/xhtml1/DTD/xhtml1-transitional.dtd">
<html xmlns="http://www.w3.org/1999/xhtml" xml:lang="en" lang="en">
 <head>
  <title>
</title>
<meta http-equiv="Content-Type" content="text/html;charset=utf-8" />
  <meta name='ocr-system' content='tesseract 3.04.00' />
  <meta name='ocr-capabilities' content='ocr_page ocr_carea ocr_par ocr_line ocrx_word'/>
</head>
<body>
  <div class='ocr_page' id='page_1' title='image "./dialogisecumdumt05platuoft_0434.png"; bbox 0 0 1976 3172; ppageno 0'>
   <div class='ocr_carea' id='block_1_1' title="bbox 250 61 1341 118">
    <p class='ocr_par' dir='ltr' id='par_1_1' title="bbox 250 61 1341 118">
     <span class='ocr_line' id='line_1_1' title="bbox 250 61 1341 118; baseline 0.009 -17"><span class='ocrx_word' id='word_1_1' title='bbox 250 62 355 118; x_wconf 78' lang='lat'><strong><em>402</em></strong></span> <span class='ocrx_word' id='word_1_2' title='bbox 864 61 1038 108; x_wconf 84' lang='grc' dir='ltr'><strong><em>ΠΛΑ</em></strong></span> <span class='ocrx_word' id='word_1_3' title='bbox 1056 61 1341 111; x_wconf 70' lang='grc' dir='ltr'><em>ΤῼΝΟΣ</em></span> 
     </span>
    </p>
   </div>
   <div class='ocr_carea' id='block_1_2' title="bbox 135 188 1957 2776">
    <p class='ocr_par' dir='ltr' id='par_1_2' title="bbox 135 188 1957 1964">
     <span class='ocr_line' id='line_1_2' title="bbox 252 188 1928 265; baseline 0.002 -17"><span class='ocrx_word' id='word_1_4' title='bbox 252 190 578 265; x_wconf 79' lang='grc' dir='ltr'><strong><em>μεταβολήν,</em></strong></span> <span class='ocrx_word' id='word_1_5' title='bbox 598 188 750 254; x_wconf 80' lang='grc' dir='ltr'><strong><em>ὅσοις</em></strong></span> <span class='ocrx_word' id='word_1_6' title='bbox 768 190 975 262; x_wconf 80' lang='grc' dir='ltr'><em>ἰάσιμοι</em></span> <span class='ocrx_word' id='word_1_7' title='bbox 995 192 1151 258; x_wconf 82' lang='grc' dir='ltr'><strong><em>δόξαι</em></strong></span> <span class='ocrx_word' id='word_1_8' title='bbox 1169 198 1284 249; x_wconf 71' lang='grc' dir='ltr'><strong><em>τῶν</em></strong></span> <span class='ocrx_word' id='word_1_9' title='bbox 1300 201 1493 250; x_wconf 70' lang='grc' dir='ltr'><strong><em>κακῶν</em></strong></span> <span class='ocrx_word' id='word_1_10' title='bbox 1506 216 1518 226; x_wconf 89' lang='grc'><em>·</em></span> <span class='ocrx_word' id='word_1_11' title='bbox 1555 192 1664 251; x_wconf 84' lang='grc' dir='ltr'><strong><em>οἶσι</em></strong></span> <span class='ocrx_word' id='word_1_12' title='bbox 1680 195 1740 251; x_wconf 69' lang='grc' dir='ltr'><strong><em>δὲ</em></strong></span> <span class='ocrx_word' id='word_1_13' title='bbox 1755 196 1928 262; x_wconf 85' lang='grc' dir='ltr'><strong><em>ὄντως</em></strong></span> 
     </span>
     <span class='ocr_line' id='line_1_3' title="bbox 135 270 1930 344; baseline 0.001 -15"><span class='ocrx_word' id='word_1_14' title='bbox 135 275 224 321; x_wconf 78' lang='grc'><strong><em>958</em></strong></span> <span class='ocrx_word' id='word_1_15' title='bbox 253 270 734 341; x_wconf 78' lang='grc' dir='ltr'><strong><em>ἐπικεκλωσμέναι,</em></strong></span> <span class='ocrx_word' id='word_1_16' title='bbox 769 271 1025 328; x_wconf 86' lang='grc' dir='ltr'><strong><em>θάνατον</em></strong></span> <span class='ocrx_word' id='word_1_17' title='bbox 1060 281 1193 344; x_wconf 81' lang='grc' dir='ltr'><strong><em>ἴαμα</em></strong></span> <span class='ocrx_word' id='word_1_18' title='bbox 1227 286 1345 339; x_wconf 77' lang='grc' dir='ltr'><strong><em>ταῖς</em></strong></span> <span class='ocrx_word' id='word_1_19' title='bbox 1379 275 1529 331; x_wconf 75' lang='grc' dir='ltr'><strong><em>οὕτω</em></strong></span> <span class='ocrx_word' id='word_1_20' title='bbox 1566 272 1930 341; x_wconf 83' lang='grc' dir='ltr'><strong><em>διατεθείσαις</em></strong></span> 
     </span>
     <span class='ocr_line' id='line_1_4' title="bbox 252 348 1928 431; baseline 0.003 -23"><span class='ocrx_word' id='word_1_21' title='bbox 252 363 450 423; x_wconf 80' lang='grc' dir='ltr'><strong><em>ψυχαῖς</em></strong></span> <span class='ocrx_word' id='word_1_22' title='bbox 467 354 837 431; x_wconf 71' lang='grc' dir='ltr'><strong><em>διανέμοντες,</em></strong></span> <span class='ocrx_word' id='word_1_23' title='bbox 856 348 888 407; x_wconf 80' lang='grc' dir='ltr'><em>ὃ</em></span> <span class='ocrx_word' id='word_1_24' title='bbox 911 356 1132 418; x_wconf 79' lang='grc' dir='ltr'><strong><em>δικαίως</em></strong></span> <span class='ocrx_word' id='word_1_25' title='bbox 1151 361 1233 424; x_wconf 79' lang='grc' dir='ltr'><strong><em>εἴη</em></strong></span> <span class='ocrx_word' id='word_1_26' title='bbox 1246 355 1511 421; x_wconf 76' lang='grc' dir='ltr'><strong><em>πολλάκις</em></strong></span> <span class='ocrx_word' id='word_1_27' title='bbox 1528 352 1601 411; x_wconf 70' lang='grc' dir='ltr'><strong><em>ἂν</em></strong></span> <span class='ocrx_word' id='word_1_28' title='bbox 1619 359 1928 428; x_wconf 79' lang='grc' dir='ltr'><strong><em>εἰρημένον,</em></strong></span> 
     </span>
     <span class='ocr_line' id='line_1_5' title="bbox 251 431 1930 508; baseline 0.002 -17"><span class='ocrx_word' id='word_1_29' title='bbox 251 435 392 501; x_wconf 80' lang='grc' dir='ltr'><strong><em>ἄξιοι</em></strong></span> <span class='ocrx_word' id='word_1_30' title='bbox 409 437 640 491; x_wconf 81' lang='grc' dir='ltr'><strong><em>ἐπαίνου</em></strong></span> <span class='ocrx_word' id='word_1_31' title='bbox 657 432 923 504; x_wconf 75' lang='grc' dir='ltr'><strong><em>γίγνοιντ’</em></strong></span> <span class='ocrx_word' id='word_1_32' title='bbox 946 431 1019 491; x_wconf 72' lang='grc' dir='ltr'><strong><em>ἄν</em></strong></span> <span class='ocrx_word' id='word_1_33' title='bbox 1047 442 1113 508; x_wconf 80' lang='grc' dir='ltr'><strong><em>τῇ</em></strong></span> <span class='ocrx_word' id='word_1_34' title='bbox 1137 435 1288 507; x_wconf 83' lang='grc' dir='ltr'><strong><em>πάσῃ</em></strong></span> <span class='ocrx_word' id='word_1_35' title='bbox 1314 438 1473 493; x_wconf 84' lang='grc' dir='ltr'><strong><em>πόλει</em></strong></span> <span class='ocrx_word' id='word_1_36' title='bbox 1502 443 1741 494; x_wconf 82' lang='grc' dir='ltr'><strong><em>τοιοῦτοι</em></strong></span> <span class='ocrx_word' id='word_1_37' title='bbox 1773 442 1930 494; x_wconf 87' lang='grc' dir='ltr'><strong><em>δικα-</em></strong></span> 
     </span>
     <span class='ocr_line' id='line_1_6' title="bbox 252 512 1931 587; baseline 0.001 -15"><span class='ocrx_word' id='word_1_38' title='bbox 252 519 374 572; x_wconf 74' lang='grc' dir='ltr'><strong><em>σταὶ</em></strong></span> <span class='ocrx_word' id='word_1_39' title='bbox 395 518 486 572; x_wconf 79' lang='grc' dir='ltr'><strong><em>καὶ</em></strong></span> <span class='ocrx_word' id='word_1_40' title='bbox 502 518 775 570; x_wconf 77' lang='grc' dir='ltr'><strong><em>δικαστῶν</em></strong></span> <span class='ocrx_word' id='word_1_41' title='bbox 795 512 1078 587; x_wconf 74' lang='grc' dir='ltr'><strong><em>ἡγεμόνες.</em></strong></span> <span class='ocrx_word' id='word_1_42' title='bbox 1112 515 1339 573; x_wconf 76' lang='grc' dir='ltr'><strong><em>ἐπειδὰν</em></strong></span> <span class='ocrx_word' id='word_1_43' title='bbox 1362 518 1421 573; x_wconf 74' lang='grc' dir='ltr'><strong><em>δὲ</em></strong></span> <span class='ocrx_word' id='word_1_44' title='bbox 1439 522 1499 572; x_wconf 78' lang='grc' dir='ltr'><strong><em>αἱ</em></strong></span> <span class='ocrx_word' id='word_1_45' title='bbox 1523 518 1644 574; x_wconf 85' lang='grc' dir='ltr'><strong><em>κατ’</em></strong></span> <span class='ocrx_word' id='word_1_46' title='bbox 1674 517 1931 574; x_wconf 83' lang='grc' dir='ltr'><strong><em>ἐνιαυτὸν</em></strong></span> 
     </span>
     <span class='ocr_line' id='line_1_7' title="bbox 253 598 1930 670; baseline 0.001 -17"><span class='ocrx_word' id='word_1_47' title='bbox 253 600 400 653; x_wconf 82' lang='grc' dir='ltr'><strong><em>δίκαι</em></strong></span> <span class='ocrx_word' id='word_1_48' title='bbox 416 598 569 659; x_wconf 81' lang='grc' dir='ltr'><strong><em>τέλος</em></strong></span> <span class='ocrx_word' id='word_1_49' title='bbox 586 598 996 652; x_wconf 69' lang='grc' dir='ltr'><strong><em>ἐκδικασθεῖσαι</em></strong></span> <span class='ocrx_word' id='word_1_50' title='bbox 1015 599 1336 668; x_wconf 72' lang='grc' dir='ltr'><strong><em>σχῶσι,’ταῑ’ς</em></strong></span> <span class='ocrx_word' id='word_1_51' title='bbox 1352 599 1583 670; x_wconf 81' lang='grc' dir='ltr'><strong><em>πράξεσι</em></strong></span> <span class='ocrx_word' id='word_1_52' title='bbox 1600 599 1809 670; x_wconf 89' lang='grc' dir='ltr'><strong><em>νόμους</em></strong></span> <span class='ocrx_word' id='word_1_53' title='bbox 1826 598 1930 654; x_wconf 80' lang='grc' dir='ltr'><strong><em>αὐ-</em></strong></span> 
     </span>
     <span class='ocr_line' id='line_1_8' title="bbox 250 675 1930 750; baseline 0.001 -18"><span class='ocrx_word' id='word_1_54' title='bbox 250 683 364 732; x_wconf 75' lang='grc' dir='ltr'><strong><em>τῶν</em></strong></span> <span class='ocrx_word' id='word_1_55' title='bbox 390 675 568 746; x_wconf 76' lang='grc' dir='ltr'><strong><em>χρεων</em></strong></span> <span class='ocrx_word' id='word_1_56' title='bbox 602 680 896 744; x_wconf 81' lang='grc' dir='ltr'><strong><em>γίγνεσθαι</em></strong></span> <span class='ocrx_word' id='word_1_57' title='bbox 929 677 1154 733; x_wconf 81' lang='grc' dir='ltr'><strong><em>τούσδε·</em></strong></span> <span class='ocrx_word' id='word_1_58' title='bbox 1187 686 1411 747; x_wconf 77' lang='grc' dir='ltr'><strong><em>πρῶτον</em></strong></span> <span class='ocrx_word' id='word_1_59' title='bbox 1439 679 1541 750; x_wconf 74' lang='grc' dir='ltr'><strong><em>μὲν</em></strong></span> <span class='ocrx_word' id='word_1_60' title='bbox 1567 678 1602 750; x_wconf 81' lang='grc' dir='ltr'><strong><em>ἡ</em></strong></span> <span class='ocrx_word' id='word_1_61' title='bbox 1634 679 1930 745; x_wconf 80' lang='grc' dir='ltr'><strong><em>δικάζουσα</em></strong></span> 
     </span>
     <span class='ocr_line' id='line_1_9' title="bbox 250 753 1929 830; baseline 0.002 -20"><span class='ocrx_word' id='word_1_62' title='bbox 250 754 388 826; x_wconf 81' lang='grc' dir='ltr'><strong><em>ἀρχὴ</em></strong></span> <span class='ocrx_word' id='word_1_63' title='bbox 409 753 474 810; x_wconf 79' lang='grc' dir='ltr'><strong><em>τὰ</em></strong></span> <span class='ocrx_word' id='word_1_64' title='bbox 492 759 594 808; x_wconf 82' lang='grc' dir='ltr'><strong><em>τοῦ</em></strong></span> <span class='ocrx_word' id='word_1_65' title='bbox 618 753 890 823; x_wconf 78' lang='grc' dir='ltr'><strong><em>ὄφλοντος</em></strong></span> <span class='ocrx_word' id='word_1_66' title='bbox 908 764 986 828; x_wconf 77' lang='grc' dir='ltr'><strong><em>τῷ</em></strong></span> <span class='ocrx_word' id='word_1_67' title='bbox 1002 757 1290 826; x_wconf 80' lang='grc' dir='ltr'><strong><em>νικήσαντι</em></strong></span> <span class='ocrx_word' id='word_1_68' title='bbox 1308 759 1558 830; x_wconf 78' lang='grc' dir='ltr'><strong><em>χρήματα</em></strong></span> <span class='ocrx_word' id='word_1_69' title='bbox 1585 760 1768 815; x_wconf 85' lang='grc' dir='ltr'><strong><em>πάντα</em></strong></span> <span class='ocrx_word' id='word_1_70' title='bbox 1788 757 1929 813; x_wconf 76' lang='grc' dir='ltr'><strong><em>ἄπο-</em></strong></span> 
     </span>
     <span class='ocr_line' id='line_1_10' title="bbox 251 832 1957 909; baseline 0 -17"><span class='ocrx_word' id='word_1_71' title='bbox 251 836 470 905; x_wconf 84' lang='grc' dir='ltr'><strong><em>διδότω,</em></strong></span> <span class='ocrx_word' id='word_1_72' title='bbox 488 837 652 905; x_wconf 78' lang='grc' dir='ltr'><strong><em>χωρὶς</em></strong></span> <span class='ocrx_word' id='word_1_73' title='bbox 677 838 793 889; x_wconf 70' lang='grc' dir='ltr'><strong><em>τῶν</em></strong></span> <span class='ocrx_word' id='word_1_74' title='bbox 820 832 1140 904; x_wconf 73' lang='grc' dir='ltr'><strong><em>ἀναγκαίων</em></strong></span> <span class='ocrx_word' id='word_1_75' title='bbox 1165 843 1483 908; x_wconf 86' lang='grc' dir='ltr'><strong><em>κεκτῆσθαι,</em></strong></span> <span class='ocrx_word' id='word_1_76' title='bbox 1513 839 1644 908; x_wconf 75' lang='grc' dir='ltr'><strong><em>μετὰ</em></strong></span> <span class='ocrx_word' id='word_1_77' title='bbox 1675 840 1779 909; x_wconf 86' lang='grc' dir='ltr'><strong><em>τὴν</em></strong></span> <span class='ocrx_word' id='word_1_78' title='bbox 1809 843 1930 894; x_wconf 91' lang='grc' dir='ltr'><strong><em>δια-</em></strong></span> <span class='ocrx_word' id='word_1_79' title='bbox 1954 836 1957 838; x_wconf 14' lang='grc' dir='ltr'><strong>Α</strong></span> 
     </span>
     <span class='ocr_line' id='line_1_11' title="bbox 188 913 1943 988; baseline 0.005 -21"><span class='ocrx_word' id='word_1_80' title='bbox 188 927 221 967; x_wconf 93' lang='grc' dir='ltr'>Β</span> <span class='ocrx_word' id='word_1_81' title='bbox 253 917 489 988; x_wconf 81' lang='grc' dir='ltr'><strong><em>ψήφισιν</em></strong></span> <span class='ocrx_word' id='word_1_82' title='bbox 509 915 744 985; x_wconf 84' lang='grc' dir='ltr'><strong><em>ἑκάστην</em></strong></span> <span class='ocrx_word' id='word_1_83' title='bbox 764 913 940 980; x_wconf 75' lang='grc' dir='ltr'><strong><em>εὐθὺς</em></strong></span> <span class='ocrx_word' id='word_1_84' title='bbox 958 914 1067 973; x_wconf 81' lang='grc' dir='ltr'><strong><em>ὑπὸ</em></strong></span> <span class='ocrx_word' id='word_1_85' title='bbox 1087 917 1346 988; x_wconf 79' lang='grc' dir='ltr'><strong><em>κήρυκος,</em></strong></span> <span class='ocrx_word' id='word_1_86' title='bbox 1377 915 1700 974; x_wconf 81' lang='grc' dir='ltr'><strong><em>ἀκουόντων</em></strong></span> <span class='ocrx_word' id='word_1_87' title='bbox 1718 925 1830 975; x_wconf 78' lang='grc' dir='ltr'><strong><em>τιόν</em></strong></span> <span class='ocrx_word' id='word_1_88' title='bbox 1846 921 1943 975; x_wconf 63' lang='lat' dir='ltr'><em>‹sa-¹</em></span> 
     </span>
     <span class='ocr_line' id='line_1_12' title="bbox 250 994 1932 1070; baseline -0.001 -15"><span class='ocrx_word' id='word_1_89' title='bbox 250 1003 496 1056; x_wconf 71' lang='grc' dir='ltr'><strong><em>καστοῖν·</em></strong></span> <span class='ocrx_word' id='word_1_90' title='bbox 546 994 772 1052; x_wconf 82' lang='grc' dir='ltr'><strong><em>ἐπειδὰν</em></strong></span> <span class='ocrx_word' id='word_1_91' title='bbox 807 1000 867 1052; x_wconf 84' lang='grc' dir='ltr'><strong><em>δὲ</em></strong></span> <span class='ocrx_word' id='word_1_92' title='bbox 897 994 928 1052; x_wconf 85' lang='grc' dir='ltr'>ὁ</span> <span class='ocrx_word' id='word_1_93' title='bbox 960 1004 1075 1053; x_wconf 79' lang='grc' dir='ltr'><strong><em>ταῖν</em></strong></span> <span class='ocrx_word' id='word_1_94' title='bbox 1111 1002 1415 1070; x_wconf 82' lang='grc' dir='ltr'><strong><em>δικασίμων</em></strong></span> <span class='ocrx_word' id='word_1_95' title='bbox 1448 1005 1645 1070; x_wconf 71' lang='grc' dir='ltr'><strong><em>μηνῶν</em></strong></span> <span class='ocrx_word' id='word_1_96' title='bbox 1676 1000 1932 1070; x_wconf 81' lang='grc' dir='ltr'><strong><em>ἐχόμενος</em></strong></span> 
     </span>
     <span class='ocr_line' id='line_1_13' title="bbox 248 1077 1932 1151; baseline -0.001 -16"><span class='ocrx_word' id='word_1_97' title='bbox 248 1083 470 1151; x_wconf 86' lang='grc' dir='ltr'><strong><em>γένηται</em></strong></span> <span class='ocrx_word' id='word_1_98' title='bbox 487 1077 616 1149; x_wconf 84' lang='grc' dir='ltr'><strong><em>μήν,</em></strong></span> <span class='ocrx_word' id='word_1_99' title='bbox 636 1077 735 1133; x_wconf 81' lang='grc' dir='ltr'><strong><em>ἐάν</em></strong></span> <span class='ocrx_word' id='word_1_100' title='bbox 761 1099 844 1144; x_wconf 87' lang='grc' dir='ltr'><strong><em>τις</em></strong></span> <span class='ocrx_word' id='word_1_101' title='bbox 861 1077 935 1149; x_wconf 80' lang='grc' dir='ltr'><strong><em>μὴ</em></strong></span> <span class='ocrx_word' id='word_1_102' title='bbox 955 1077 1271 1151; x_wconf 77' lang='grc' dir='ltr'><strong><em>ἀπαλλάττῃ</em></strong></span> <span class='ocrx_word' id='word_1_103' title='bbox 1288 1078 1386 1135; x_wconf 83' lang='grc' dir='ltr'><strong><em>τὸν</em></strong></span> <span class='ocrx_word' id='word_1_104' title='bbox 1405 1081 1708 1151; x_wconf 78' lang='grc' dir='ltr'><strong><em>νικήσαντα</em></strong></span> <span class='ocrx_word' id='word_1_105' title='bbox 1737 1080 1932 1136; x_wconf 79' lang='grc' dir='ltr'><strong><em>ἑκόντα</em></strong></span> 
     </span>
     <span class='ocr_line' id='line_1_14' title="bbox 251 1154 1930 1231; baseline -0.002 -14"><span class='ocrx_word' id='word_1_106' title='bbox 251 1161 412 1231; x_wconf 75' lang='grc' dir='ltr'><strong><em>εἷκε-όν,</em></strong></span> <span class='ocrx_word' id='word_1_107' title='bbox 441 1156 476 1230; x_wconf 80' lang='grc' dir='ltr'><em>ἡ</em></span> <span class='ocrx_word' id='word_1_108' title='bbox 505 1157 776 1215; x_wconf 85' lang='grc' dir='ltr'><strong><em>δικάσασα</em></strong></span> <span class='ocrx_word' id='word_1_109' title='bbox 803 1155 943 1230; x_wconf 81' lang='grc' dir='ltr'><strong><em>άρχὴ</em></strong></span> <span class='ocrx_word' id='word_1_110' title='bbox 972 1154 1319 1231; x_wconf 80' lang='grc' dir='ltr'><strong><em>ξυνεπομένη</em></strong></span> <span class='ocrx_word' id='word_1_111' title='bbox 1356 1182 1431 1216; x_wconf 73' lang='grc' dir='ltr'><strong><em>τω</em></strong></span> <span class='ocrx_word' id='word_1_112' title='bbox 1461 1167 1691 1217; x_wconf 76' lang='grc' dir='ltr'><strong><em>νικῶντι</em></strong></span> <span class='ocrx_word' id='word_1_113' title='bbox 1725 1161 1792 1216; x_wconf 80' lang='grc' dir='ltr'><strong><em>τὰ</em></strong></span> <span class='ocrx_word' id='word_1_114' title='bbox 1827 1166 1930 1215; x_wconf 84' lang='grc' dir='ltr'><strong><em>τοῦ</em></strong></span> 
     </span>
     <span class='ocr_line' id='line_1_15' title="bbox 252 1239 1931 1313; baseline -0.001 -15"><span class='ocrx_word' id='word_1_115' title='bbox 252 1241 526 1311; x_wconf 76' lang='grc' dir='ltr'><strong><em>ὄφλοντος</em></strong></span> <span class='ocrx_word' id='word_1_116' title='bbox 548 1239 900 1310; x_wconf 76' lang='grc' dir='ltr'><strong><em>παραδιδότω</em></strong></span> <span class='ocrx_word' id='word_1_117' title='bbox 936 1240 1210 1312; x_wconf 80' lang='grc' dir='ltr'><strong><em>χρήματα·</em></strong></span> <span class='ocrx_word' id='word_1_118' title='bbox 1246 1240 1346 1297; x_wconf 77' lang='grc' dir='ltr'><strong><em>ἐὰν</em></strong></span> <span class='ocrx_word' id='word_1_119' title='bbox 1378 1246 1437 1298; x_wconf 82' lang='grc' dir='ltr'><strong><em>δὲ</em></strong></span> <span class='ocrx_word' id='word_1_120' title='bbox 1460 1240 1535 1313; x_wconf 83' lang='grc' dir='ltr'><strong><em>μὴ</em></strong></span> <span class='ocrx_word' id='word_1_121' title='bbox 1567 1247 1764 1313; x_wconf 79' lang='grc' dir='ltr'><strong><em>ἔχωσιν</em></strong></span> <span class='ocrx_word' id='word_1_122' title='bbox 1791 1239 1931 1298; x_wconf 84' lang='grc' dir='ltr'><strong><em>ὁπό-</em></strong></span> 
     </span>
     <span class='ocr_line' id='line_1_16' title="bbox 250 1321 1930 1397; baseline -0.002 -17"><span class='ocrx_word' id='word_1_123' title='bbox 250 1332 376 1397; x_wconf 87' lang='grc' dir='ltr'><strong><em>θεν,</em></strong></span> <span class='ocrx_word' id='word_1_124' title='bbox 395 1325 614 1395; x_wconf 78' lang='grc' dir='ltr'><strong><em>ἐλλείπῃ</em></strong></span> <span class='ocrx_word' id='word_1_125' title='bbox 638 1323 698 1379; x_wconf 76' lang='grc' dir='ltr'><strong><em>δὲ</em></strong></span> <span class='ocrx_word' id='word_1_126' title='bbox 727 1324 802 1393; x_wconf 84' lang='grc' dir='ltr'><strong><em>μὴ</em></strong></span> <span class='ocrx_word' id='word_1_127' title='bbox 836 1326 1061 1378; x_wconf 79' lang='grc' dir='ltr'><strong><em>ἔλαττον</em></strong></span> <span class='ocrx_word' id='word_1_128' title='bbox 1090 1326 1349 1394; x_wconf 83' lang='grc' dir='ltr'><strong><em>δραχμῆς,</em></strong></span> <span class='ocrx_word' id='word_1_129' title='bbox 1378 1321 1452 1393; x_wconf 82' lang='grc' dir='ltr'><strong><em>μὴ</em></strong></span> <span class='ocrx_word' id='word_1_130' title='bbox 1488 1324 1761 1393; x_wconf 79' lang='grc' dir='ltr'><strong><em>πρότερον</em></strong></span> <span class='ocrx_word' id='word_1_131' title='bbox 1791 1321 1930 1377; x_wconf 81' lang='grc' dir='ltr'><strong><em>εἶναι</em></strong></span> 
     </span>
     <span class='ocr_line' id='line_1_17' title="bbox 252 1400 1924 1480; baseline -0.004 -18"><span class='ocrx_word' id='word_1_132' title='bbox 252 1405 432 1480; x_wconf 75' lang='grc' dir='ltr'><strong><em>τούτῳ</em></strong></span> <span class='ocrx_word' id='word_1_133' title='bbox 451 1407 606 1468; x_wconf 84' lang='grc' dir='ltr'><strong><em>δίκας</em></strong></span> <span class='ocrx_word' id='word_1_134' title='bbox 625 1403 766 1472; x_wconf 82' lang='grc' dir='ltr'><strong><em>πρὸς</em></strong></span> <span class='ocrx_word' id='word_1_135' title='bbox 792 1400 965 1458; x_wconf 73' lang='grc' dir='ltr'><strong><em>ἄλλον</em></strong></span> <span class='ocrx_word' id='word_1_136' title='bbox 995 1405 1224 1473; x_wconf 84' lang='grc' dir='ltr'><strong><em>μηδένα,</em></strong></span> <span class='ocrx_word' id='word_1_137' title='bbox 1252 1405 1386 1474; x_wconf 84' lang='grc' dir='ltr'><strong><em>πρὶν</em></strong></span> <span class='ocrx_word' id='word_1_138' title='bbox 1414 1400 1487 1459; x_wconf 75' lang='grc' dir='ltr'><strong><em>ἂν</em></strong></span> <span class='ocrx_word' id='word_1_139' title='bbox 1511 1402 1838 1474; x_wconf 70' lang='grc' dir='ltr'><strong><em>ἐκπληρώσῃ</em></strong></span> <span class='ocrx_word' id='word_1_140' title='bbox 1864 1402 1924 1457; x_wconf 84' lang='grc' dir='ltr'><strong><em>τὸ</em></strong></span> 
     </span>
     <span class='ocr_line' id='line_1_18' title="bbox 194 1484 1929 1558; baseline -0.001 -15"><span class='ocrx_word' id='word_1_141' title='bbox 194 1495 234 1543; x_wconf 86' lang='lat' dir='ltr'><strong><em>G.</em></strong></span> <span class='ocrx_word' id='word_1_142' title='bbox 251 1490 411 1558; x_wconf 84' lang='grc' dir='ltr'><strong><em>χρέος</em></strong></span> <span class='ocrx_word' id='word_1_143' title='bbox 426 1484 575 1541; x_wconf 75' lang='grc' dir='ltr'><strong><em>ἅπαν</em></strong></span> <span class='ocrx_word' id='word_1_144' title='bbox 591 1491 669 1558; x_wconf 74' lang='grc' dir='ltr'><strong><em>τῷ</em></strong></span> <span class='ocrx_word' id='word_1_145' title='bbox 686 1485 974 1555; x_wconf 84' lang='grc' dir='ltr'><strong><em>νικήσαντι</em></strong></span> <span class='ocrx_word' id='word_1_146' title='bbox 986 1507 997 1518; x_wconf 90' lang='grc'><em>·</em></span> <span class='ocrx_word' id='word_1_147' title='bbox 1019 1485 1206 1551; x_wconf 73' lang='grc' dir='ltr'><strong><em>ἄλλοις</em></strong></span> <span class='ocrx_word' id='word_1_148' title='bbox 1226 1488 1284 1542; x_wconf 75' lang='grc' dir='ltr'><strong><em>δὲ</em></strong></span> <span class='ocrx_word' id='word_1_149' title='bbox 1303 1486 1443 1555; x_wconf 80' lang='grc' dir='ltr'><strong><em>πρὸς</em></strong></span> <span class='ocrx_word' id='word_1_150' title='bbox 1461 1492 1663 1542; x_wconf 82' lang='grc' dir='ltr'><strong><em>τοῦτον</em></strong></span> <span class='ocrx_word' id='word_1_151' title='bbox 1682 1491 1929 1541; x_wconf 80' lang='grc' dir='ltr'><strong><em>ἔστωσαν</em></strong></span> 
     </span>
     <span class='ocr_line' id='line_1_19' title="bbox 251 1564 1931 1638; baseline -0.001 -14"><span class='ocrx_word' id='word_1_152' title='bbox 251 1572 398 1625; x_wconf 89' lang='grc' dir='ltr'><strong><em>δίκαι</em></strong></span> <span class='ocrx_word' id='word_1_153' title='bbox 421 1571 638 1638; x_wconf 85' lang='grc' dir='ltr'><strong><em>κυρίως.</em></strong></span> <span class='ocrx_word' id='word_1_154' title='bbox 675 1566 775 1621; x_wconf 80' lang='grc' dir='ltr'><strong><em>ἐὰν</em></strong></span> <span class='ocrx_word' id='word_1_155' title='bbox 794 1567 857 1621; x_wconf 86' lang='grc' dir='ltr'><strong><em>δέ</em></strong></span> <span class='ocrx_word' id='word_1_156' title='bbox 872 1587 953 1630; x_wconf 85' lang='grc' dir='ltr'><strong><em>τις</em></strong></span> <span class='ocrx_word' id='word_1_157' title='bbox 981 1564 1280 1637; x_wconf 83' lang='grc' dir='ltr'><strong><em>άφαιρῆται</em></strong></span> <span class='ocrx_word' id='word_1_158' title='bbox 1309 1567 1413 1638; x_wconf 83' lang='grc' dir='ltr'><strong><em>τὴν</em></strong></span> <span class='ocrx_word' id='word_1_159' title='bbox 1440 1565 1615 1638; x_wconf 74' lang='grc' dir='ltr'><strong><em>ἀρχὴν</em></strong></span> <span class='ocrx_word' id='word_1_160' title='bbox 1640 1566 1743 1638; x_wconf 87' lang='grc' dir='ltr'><strong><em>τὴν</em></strong></span> <span class='ocrx_word' id='word_1_161' title='bbox 1760 1589 1931 1623; x_wconf 89' lang='grc' dir='ltr'><strong><em>κατα-</em></strong></span> 
     </span>
     <span class='ocr_line' id='line_1_20' title="bbox 251 1646 1927 1719; baseline -0.002 -12"><span class='ocrx_word' id='word_1_162' title='bbox 251 1648 559 1706; x_wconf 87' lang='grc' dir='ltr'><strong><em>δικάσασαν</em></strong></span> <span class='ocrx_word' id='word_1_163' title='bbox 586 1650 1028 1717; x_wconf 85' lang='grc' dir='ltr'><strong><em>καταδικασθείς,</em></strong></span> <span class='ocrx_word' id='word_1_164' title='bbox 1058 1649 1398 1719; x_wconf 75' lang='grc' dir='ltr'><strong><em>εἰσαγόντων</em></strong></span> <span class='ocrx_word' id='word_1_165' title='bbox 1427 1651 1529 1719; x_wconf 77' lang='grc' dir='ltr'><strong><em>μὲν</em></strong></span> <span class='ocrx_word' id='word_1_166' title='bbox 1557 1647 1731 1705; x_wconf 81' lang='grc' dir='ltr'><strong><em>αὐτὸν</em></strong></span> <span class='ocrx_word' id='word_1_167' title='bbox 1761 1654 1836 1714; x_wconf 87' lang='grc' dir='ltr'><strong><em>εἰς</em></strong></span> <span class='ocrx_word' id='word_1_168' title='bbox 1865 1646 1927 1704; x_wconf 83' lang='grc' dir='ltr'><strong><em>τὸ</em></strong></span> 
     </span>
     <span class='ocr_line' id='line_1_21' title="bbox 249 1727 1926 1801; baseline -0.001 -15"><span class='ocrx_word' id='word_1_169' title='bbox 249 1737 366 1786; x_wconf 75' lang='grc' dir='ltr'><strong><em>ταῖν</em></strong></span> <span class='ocrx_word' id='word_1_170' title='bbox 388 1727 804 1800; x_wconf 85' lang='grc' dir='ltr'><strong><em>νομοφυλάκων</em></strong></span> <span class='ocrx_word' id='word_1_171' title='bbox 823 1728 1180 1800; x_wconf 86' lang='grc' dir='ltr'><strong><em>δικαστήριον</em></strong></span> <span class='ocrx_word' id='word_1_172' title='bbox 1198 1733 1255 1787; x_wconf 78' lang='grc' dir='ltr'><strong><em>οἰ</em></strong></span> <span class='ocrx_word' id='word_1_173' title='bbox 1281 1728 1681 1801; x_wconf 77' lang='grc' dir='ltr'><strong><em>ἀφαιρεθέντες</em></strong></span> <span class='ocrx_word' id='word_1_174' title='bbox 1710 1727 1926 1798; x_wconf 75' lang='grc' dir='ltr'><strong><em>ἀδίκως,</em></strong></span> 
     </span>
     <span class='ocr_line' id='line_1_22' title="bbox 249 1808 1925 1882; baseline -0.001 -16"><span class='ocrx_word' id='word_1_175' title='bbox 249 1809 348 1867; x_wconf 81' lang='grc' dir='ltr'><strong><em>ἐὰν</em></strong></span> <span class='ocrx_word' id='word_1_176' title='bbox 369 1812 431 1866; x_wconf 85' lang='grc' dir='ltr'><strong><em>δέ</em></strong></span> <span class='ocrx_word' id='word_1_177' title='bbox 446 1831 525 1875; x_wconf 86' lang='grc' dir='ltr'><strong><em>τις</em></strong></span> <span class='ocrx_word' id='word_1_178' title='bbox 544 1808 692 1881; x_wconf 79' lang='grc' dir='ltr'><strong><em>ὄφλῃ</em></strong></span> <span class='ocrx_word' id='word_1_179' title='bbox 708 1808 810 1880; x_wconf 81' lang='grc' dir='ltr'><strong><em>τὴν</em></strong></span> <span class='ocrx_word' id='word_1_180' title='bbox 827 1809 1091 1881; x_wconf 80' lang='grc' dir='ltr'><strong><em>τοιαύτην</em></strong></span> <span class='ocrx_word' id='word_1_181' title='bbox 1108 1815 1285 1881; x_wconf 84' lang='grc' dir='ltr'><strong><em>δίκην,</em></strong></span> <span class='ocrx_word' id='word_1_182' title='bbox 1298 1808 1371 1875; x_wconf 81' lang='grc' dir='ltr'><strong><em>ὡς</em></strong></span> <span class='ocrx_word' id='word_1_183' title='bbox 1389 1809 1528 1882; x_wconf 78' lang='grc' dir='ltr'><strong><em>ὅλην</em></strong></span> <span class='ocrx_word' id='word_1_184' title='bbox 1537 1810 1639 1882; x_wconf 80' lang='grc' dir='ltr'><strong><em>τὴν</em></strong></span> <span class='ocrx_word' id='word_1_185' title='bbox 1652 1810 1820 1867; x_wconf 90' lang='grc' dir='ltr'><strong><em>πόλιν</em></strong></span> <span class='ocrx_word' id='word_1_186' title='bbox 1837 1811 1925 1865; x_wconf 80' lang='grc' dir='ltr'><strong><em>καὶ</em></strong></span> 
     </span>
     <span class='ocr_line' id='line_1_23' title="bbox 249 1889 1335 1964; baseline -0.001 -18"><span class='ocrx_word' id='word_1_187' title='bbox 249 1891 457 1963; x_wconf 85' lang='grc' dir='ltr'><strong><em>νόμους</em></strong></span> <span class='ocrx_word' id='word_1_188' title='bbox 475 1894 730 1962; x_wconf 86' lang='grc' dir='ltr'><strong><em>φθείρων</em></strong></span> <span class='ocrx_word' id='word_1_189' title='bbox 747 1889 977 1964; x_wconf 73' lang='grc' dir='ltr'><strong><em>θανάτῳ</em></strong></span> <span class='ocrx_word' id='word_1_190' title='bbox 998 1891 1335 1962; x_wconf 79' lang='grc' dir='ltr'><strong><em>ζημιούσθω.</em></strong></span> 
     </span>
    </p>

    <p class='ocr_par' dir='ltr' id='par_1_3' title="bbox 249 1970 1928 2204">
     <span class='ocr_line' id='line_1_24' title="bbox 386 1970 1921 2044; baseline -0.001 -16"><span class='ocrx_word' id='word_1_191' title='bbox 386 1978 469 2030; x_wconf 86' lang='grc' dir='ltr'><strong><em>ΙΧ.</em></strong></span> <span class='ocrx_word' id='word_1_192' title='bbox 505 1971 689 2043; x_wconf 83' lang='grc' dir='ltr'><strong><em>Ἀνδρὶ</em></strong></span> <span class='ocrx_word' id='word_1_193' title='bbox 716 1973 784 2042; x_wconf 77' lang='grc' dir='ltr'><strong><em>δὴ</em></strong></span> <span class='ocrx_word' id='word_1_194' title='bbox 814 1970 874 2027; x_wconf 87' lang='grc' dir='ltr'>τό</span> <span class='ocrx_word' id='word_1_195' title='bbox 896 1971 1031 2043; x_wconf 83' lang='grc' dir='ltr'><strong><em>μετὰ</em></strong></span> <span class='ocrx_word' id='word_1_196' title='bbox 1059 1979 1223 2028; x_wconf 83' lang='grc' dir='ltr'><strong><em>τοῦτο</em></strong></span> <span class='ocrx_word' id='word_1_197' title='bbox 1250 1975 1581 2044; x_wconf 84' lang='grc' dir='ltr'><strong><em>γεννηθέντι</em></strong></span> <span class='ocrx_word' id='word_1_198' title='bbox 1612 1972 1706 2027; x_wconf 81' lang='grc' dir='ltr'><strong><em>καὶ</em></strong></span> <span class='ocrx_word' id='word_1_199' title='bbox 1732 1973 1921 2042; x_wconf 83' lang='grc' dir='ltr'><strong><em>ἐκτρα-</em></strong></span> 
     </span>
     <span class='ocr_line' id='line_1_25' title="bbox 249 2052 1928 2125; baseline -0.002 -15"><span class='ocrx_word' id='word_1_200' title='bbox 249 2056 407 2123; x_wconf 85' lang='grc' dir='ltr'><strong><em>φέντι</em></strong></span> <span class='ocrx_word' id='word_1_201' title='bbox 433 2054 525 2109; x_wconf 81' lang='grc' dir='ltr'><strong><em>καὶ</em></strong></span> <span class='ocrx_word' id='word_1_202' title='bbox 559 2052 893 2124; x_wconf 83' lang='grc' dir='ltr'><strong><em>γεννήσαντι</em></strong></span> <span class='ocrx_word' id='word_1_203' title='bbox 925 2054 1018 2108; x_wconf 84' lang='grc' dir='ltr'><strong><em>καὶ</em></strong></span> <span class='ocrx_word' id='word_1_204' title='bbox 1053 2056 1388 2125; x_wconf 85' lang='grc' dir='ltr'><strong><em>ἐκθρέψαντι</em></strong></span> <span class='ocrx_word' id='word_1_205' title='bbox 1415 2057 1582 2109; x_wconf 89' lang='grc' dir='ltr'><strong><em>τέκνα</em></strong></span> <span class='ocrx_word' id='word_1_206' title='bbox 1602 2055 1694 2108; x_wconf 78' lang='grc' dir='ltr'><strong><em>καὶ</em></strong></span> <span class='ocrx_word' id='word_1_207' title='bbox 1730 2058 1928 2122; x_wconf 77' lang='grc' dir='ltr'><strong><em>ξυμμί-</em></strong></span> 
     </span>
     <span class='ocr_line' id='line_1_26' title="bbox 250 2132 1925 2204; baseline -0.001 -16"><span class='ocrx_word' id='word_1_208' title='bbox 250 2138 403 2198; x_wconf 82' lang='grc' dir='ltr'><strong><em>ξαντι</em></strong></span> <span class='ocrx_word' id='word_1_209' title='bbox 421 2133 722 2204; x_wconf 85' lang='grc' dir='ltr'><strong><em>ξυμβόλαια</em></strong></span> <span class='ocrx_word' id='word_1_210' title='bbox 741 2138 990 2204; x_wconf 83' lang='grc' dir='ltr'><strong><em>μετρίως,</em></strong></span> <span class='ocrx_word' id='word_1_211' title='bbox 1005 2135 1213 2191; x_wconf 90' lang='grc' dir='ltr'><strong><em>διδόντι</em></strong></span> <span class='ocrx_word' id='word_1_212' title='bbox 1229 2156 1288 2190; x_wconf 87' lang='grc' dir='ltr'><strong><em>τε</em></strong></span> <span class='ocrx_word' id='word_1_213' title='bbox 1301 2138 1455 2199; x_wconf 89' lang='grc' dir='ltr'><strong><em>δίκας</em></strong></span> <span class='ocrx_word' id='word_1_214' title='bbox 1473 2142 1530 2190; x_wconf 79' lang='grc' dir='ltr'><strong><em>εἴ</em></strong></span> <span class='ocrx_word' id='word_1_215' title='bbox 1539 2155 1662 2189; x_wconf 88' lang='grc' dir='ltr'><strong><em>τινα</em></strong></span> <span class='ocrx_word' id='word_1_216' title='bbox 1674 2132 1925 2204; x_wconf 79' lang='grc' dir='ltr'><strong><em>ἠδικήκει</em></strong></span> 
     </span>
    </p>

    <p class='ocr_par' dir='ltr' id='par_1_4' title="bbox 190 2213 1928 2776">
     <span class='ocr_line' id='line_1_27' title="bbox 190 2213 1928 2289; baseline 0 -18"><span class='ocrx_word' id='word_1_217' title='bbox 190 2230 225 2271; x_wconf 93' lang='lat' dir='ltr'>D</span> <span class='ocrx_word' id='word_1_218' title='bbox 250 2217 342 2271; x_wconf 86' lang='grc' dir='ltr'><strong><em>καὶ</em></strong></span> <span class='ocrx_word' id='word_1_219' title='bbox 362 2213 492 2285; x_wconf 87' lang='grc' dir='ltr'><strong><em>παρ’</em></strong></span> <span class='ocrx_word' id='word_1_220' title='bbox 516 2216 706 2285; x_wconf 80' lang='grc' dir='ltr'><strong><em>ἑτέρου</em></strong></span> <span class='ocrx_word' id='word_1_221' title='bbox 724 2215 1034 2289; x_wconf 84' lang='grc' dir='ltr'><strong><em>ἐκλαβόντι,</em></strong></span> <span class='ocrx_word' id='word_1_222' title='bbox 1056 2216 1165 2272; x_wconf 77' lang='grc' dir='ltr'><strong><em>σὺν</em></strong></span> <span class='ocrx_word' id='word_1_223' title='bbox 1190 2228 1305 2283; x_wconf 80' lang='grc' dir='ltr'><strong><em>τοῖς</em></strong></span> <span class='ocrx_word' id='word_1_224' title='bbox 1330 2218 1521 2288; x_wconf 89' lang='grc' dir='ltr'><strong><em>νόμοις</em></strong></span> <span class='ocrx_word' id='word_1_225' title='bbox 1547 2218 1610 2272; x_wconf 89' lang='grc' dir='ltr'><strong><em>ἐν</em></strong></span> <span class='ocrx_word' id='word_1_226' title='bbox 1633 2222 1799 2288; x_wconf 79' lang='grc' dir='ltr'><strong><em>μοίρᾳ</em></strong></span> <span class='ocrx_word' id='word_1_227' title='bbox 1826 2237 1928 2286; x_wconf 88' lang='grc' dir='ltr'><strong><em>γη-</em></strong></span> 
     </span>
     <span class='ocr_line' id='line_1_28' title="bbox 248 2293 1927 2367; baseline -0.002 -16"><span class='ocrx_word' id='word_1_228' title='bbox 248 2294 480 2366; x_wconf 87' lang='grc' dir='ltr'><strong><em>ράσαντι</em></strong></span> <span class='ocrx_word' id='word_1_229' title='bbox 507 2294 730 2365; x_wconf 78' lang='grc' dir='ltr'><strong><em>τελευτὴ</em></strong></span> <span class='ocrx_word' id='word_1_230' title='bbox 756 2295 991 2365; x_wconf 87' lang='grc' dir='ltr'><strong><em>γίγνοιτ’</em></strong></span> <span class='ocrx_word' id='word_1_231' title='bbox 1016 2293 1089 2351; x_wconf 71' lang='grc' dir='ltr'><strong><em>ἄν</em></strong></span> <span class='ocrx_word' id='word_1_232' title='bbox 1117 2296 1258 2353; x_wconf 76' lang='grc' dir='ltr'><strong><em>κατὰ</em></strong></span> <span class='ocrx_word' id='word_1_233' title='bbox 1289 2298 1478 2367; x_wconf 81' lang='grc' dir='ltr'><strong><em>φύσιν.</em></strong></span> <span class='ocrx_word' id='word_1_234' title='bbox 1520 2299 1643 2364; x_wconf 84' lang='grc' dir='ltr'><strong><em>περὶ</em></strong></span> <span class='ocrx_word' id='word_1_235' title='bbox 1670 2294 1927 2364; x_wconf 86' lang='grc' dir='ltr'><strong><em>τελευτή-</em></strong></span> 
     </span>
     <span class='ocr_line' id='line_1_29' title="bbox 248 2370 1927 2447; baseline -0.002 -15"><span class='ocrx_word' id='word_1_236' title='bbox 248 2392 450 2440; x_wconf 86' lang='grc' dir='ltr'><strong><em>σαντας</em></strong></span> <span class='ocrx_word' id='word_1_237' title='bbox 470 2374 555 2446; x_wconf 86' lang='grc' dir='ltr'><strong><em>δή,</em></strong></span> <span class='ocrx_word' id='word_1_238' title='bbox 577 2381 683 2430; x_wconf 83' lang='grc' dir='ltr'><strong><em>εἴτε</em></strong></span> <span class='ocrx_word' id='word_1_239' title='bbox 711 2395 792 2440; x_wconf 87' lang='grc' dir='ltr'><strong><em>τις</em></strong></span> <span class='ocrx_word' id='word_1_240' title='bbox 810 2375 990 2447; x_wconf 73' lang='grc' dir='ltr'><strong><em>ἄρρην</em></strong></span> <span class='ocrx_word' id='word_1_241' title='bbox 1017 2384 1126 2432; x_wconf 78' lang='grc' dir='ltr'><strong><em>εἴτε</em></strong></span> <span class='ocrx_word' id='word_1_242' title='bbox 1146 2399 1228 2440; x_wconf 85' lang='grc' dir='ltr'><strong><em>τις</em></strong></span> <span class='ocrx_word' id='word_1_243' title='bbox 1245 2383 1426 2446; x_wconf 82' lang='grc' dir='ltr'><strong><em>θῆλυς</em></strong></span> <span class='ocrx_word' id='word_1_244' title='bbox 1452 2370 1543 2445; x_wconf 82' lang='grc' dir='ltr'><strong><em>ἦν,</em></strong></span> <span class='ocrx_word' id='word_1_245' title='bbox 1574 2374 1642 2430; x_wconf 75' lang='grc' dir='ltr'><strong><em>τὰ</em></strong></span> <span class='ocrx_word' id='word_1_246' title='bbox 1673 2375 1775 2445; x_wconf 78' lang='grc' dir='ltr'><strong><em>μὲν</em></strong></span> <span class='ocrx_word' id='word_1_247' title='bbox 1801 2376 1927 2442; x_wconf 85' lang='grc' dir='ltr'><strong><em>περὶ</em></strong></span> 
     </span>
     <span class='ocr_line' id='line_1_30' title="bbox 245 2452 1926 2531; baseline -0.002 -15"><span class='ocrx_word' id='word_1_248' title='bbox 245 2457 311 2516; x_wconf 78' lang='grc' dir='ltr'><strong><em>τὰ</em></strong></span> <span class='ocrx_word' id='word_1_249' title='bbox 345 2466 474 2514; x_wconf 84' lang='grc' dir='ltr'><strong><em>θεῖα</em></strong></span> <span class='ocrx_word' id='word_1_250' title='bbox 491 2456 700 2528; x_wconf 87' lang='grc' dir='ltr'><strong><em>νόμιμα</em></strong></span> <span class='ocrx_word' id='word_1_251' title='bbox 722 2463 837 2514; x_wconf 73' lang='grc' dir='ltr'><strong><em>τῶν</em></strong></span> <span class='ocrx_word' id='word_1_252' title='bbox 862 2480 920 2514; x_wconf 88' lang='grc' dir='ltr'><strong><em>τε</em></strong></span> <span class='ocrx_word' id='word_1_253' title='bbox 949 2455 1058 2515; x_wconf 81' lang='grc' dir='ltr'><strong><em>ὑπὸ</em></strong></span> <span class='ocrx_word' id='word_1_254' title='bbox 1090 2465 1190 2530; x_wconf 85' lang='grc' dir='ltr'><strong><em>γῆς</em></strong></span> <span class='ocrx_word' id='word_1_255' title='bbox 1211 2452 1366 2516; x_wconf 73' lang='grc' dir='ltr'><strong><em>θεῶν</em></strong></span> <span class='ocrx_word' id='word_1_256' title='bbox 1385 2461 1474 2515; x_wconf 82' lang='grc' dir='ltr'><strong><em>καὶ</em></strong></span> <span class='ocrx_word' id='word_1_257' title='bbox 1503 2465 1617 2514; x_wconf 77' lang='grc' dir='ltr'><strong><em>τῶν</em></strong></span> <span class='ocrx_word' id='word_1_258' title='bbox 1644 2462 1792 2531; x_wconf 79' lang='grc' dir='ltr'><strong><em>τῇδε,</em></strong></span> <span class='ocrx_word' id='word_1_259' title='bbox 1821 2456 1926 2514; x_wconf 81' lang='grc' dir='ltr'><strong><em>ὅσα</em></strong></span> 
     </span>
     <span class='ocr_line' id='line_1_31' title="bbox 246 2539 1926 2612; baseline -0.001 -16"><span class='ocrx_word' id='word_1_260' title='bbox 246 2539 512 2612; x_wconf 79' lang='grc' dir='ltr'><strong><em>προσήκει</em></strong></span> <span class='ocrx_word' id='word_1_261' title='bbox 550 2547 856 2612; x_wconf 81' lang='grc' dir='ltr'><strong><em>τελεῖσθαι,</em></strong></span> <span class='ocrx_word' id='word_1_262' title='bbox 892 2539 1024 2606; x_wconf 76' lang='grc' dir='ltr'><strong><em>τοὺς</em></strong></span> <span class='ocrx_word' id='word_1_263' title='bbox 1060 2539 1320 2612; x_wconf 75' lang='grc' dir='ltr'><strong><em>ἐξηγητὰς</em></strong></span> <span class='ocrx_word' id='word_1_264' title='bbox 1356 2546 1652 2611; x_wconf 84' lang='grc' dir='ltr'><strong><em>γίγνεσθαι</em></strong></span> <span class='ocrx_word' id='word_1_265' title='bbox 1697 2546 1926 2609; x_wconf 83' lang='grc' dir='ltr'><strong><em>κυρίους</em></strong></span> 
     </span>
     <span class='ocr_line' id='line_1_32' title="bbox 247 2619 1924 2694; baseline -0.001 -18"><span class='ocrx_word' id='word_1_266' title='bbox 247 2622 500 2693; x_wconf 77' lang='grc' dir='ltr'><strong><em>φράζειν·</em></strong></span> <span class='ocrx_word' id='word_1_267' title='bbox 528 2620 626 2686; x_wconf 78' lang='grc' dir='ltr'><strong><em>τὰς</em></strong></span> <span class='ocrx_word' id='word_1_268' title='bbox 642 2619 895 2693; x_wconf 84' lang='grc' dir='ltr'><strong><em>θήκαςδ’</em></strong></span> <span class='ocrx_word' id='word_1_269' title='bbox 918 2621 1059 2679; x_wconf 83' lang='grc' dir='ltr'><strong><em>εἶναι</em></strong></span> <span class='ocrx_word' id='word_1_270' title='bbox 1074 2628 1190 2679; x_wconf 72' lang='grc' dir='ltr'><strong><em>τῶν</em></strong></span> <span class='ocrx_word' id='word_1_271' title='bbox 1205 2628 1422 2694; x_wconf 87' lang='grc' dir='ltr'><strong><em>χωρίων</em></strong></span> <span class='ocrx_word' id='word_1_272' title='bbox 1442 2620 1622 2678; x_wconf 85' lang='grc' dir='ltr'><strong><em>ὁπόσα</em></strong></span> <span class='ocrx_word' id='word_1_273' title='bbox 1640 2621 1741 2692; x_wconf 81' lang='grc' dir='ltr'><strong><em>μὲν</em></strong></span> <span class='ocrx_word' id='word_1_274' title='bbox 1759 2620 1924 2692; x_wconf 80' lang='grc' dir='ltr'><strong><em>ἐργά-</em></strong></span> 
     </span>
     <span class='ocr_line' id='line_1_33' title="bbox 246 2701 1922 2776; baseline -0.001 -18"><span class='ocrx_word' id='word_1_275' title='bbox 246 2720 376 2774; x_wconf 86' lang='grc' dir='ltr'><strong><em>σιμα</em></strong></span> <span class='ocrx_word' id='word_1_276' title='bbox 397 2705 672 2775; x_wconf 82' lang='grc' dir='ltr'><strong><em>μηδαμοῦ,</em></strong></span> <span class='ocrx_word' id='word_1_277' title='bbox 693 2704 828 2774; x_wconf 82' lang='grc' dir='ltr'><strong><em>μήτε</em></strong></span> <span class='ocrx_word' id='word_1_278' title='bbox 856 2726 907 2759; x_wconf 86' lang='grc' dir='ltr'><strong><em>τι</em></strong></span> <span class='ocrx_word' id='word_1_279' title='bbox 930 2706 1068 2776; x_wconf 87' lang='grc' dir='ltr'><strong><em>μέγα</em></strong></span> <span class='ocrx_word' id='word_1_280' title='bbox 1087 2705 1221 2776; x_wconf 85' lang='grc' dir='ltr'><strong><em>μήτε</em></strong></span> <span class='ocrx_word' id='word_1_281' title='bbox 1239 2727 1290 2760; x_wconf 89' lang='grc' dir='ltr'><strong><em>τι</em></strong></span> <span class='ocrx_word' id='word_1_282' title='bbox 1309 2702 1544 2776; x_wconf 81' lang='grc' dir='ltr'><strong><em>σμικρὸν</em></strong></span> <span class='ocrx_word' id='word_1_283' title='bbox 1562 2707 1767 2775; x_wconf 80' lang='grc' dir='ltr'><strong><em>μνῆμα,</em></strong></span> <span class='ocrx_word' id='word_1_284' title='bbox 1798 2701 1833 2756; x_wconf 75' lang='grc' dir='ltr'><em>ἃ</em></span> <span class='ocrx_word' id='word_1_285' title='bbox 1864 2703 1922 2756; x_wconf 79' lang='grc' dir='ltr'><strong><em>δὲ</em></strong></span> 
     </span>
    </p>
   </div>
  </div>
 </body>
</html>
