1976 3172
702 130 1036 181 ΝΟΜΩΝ
1077 123 1131 187 ς’.
1643 124 1746 178 171

69 272 283 339 αἵρεσιν
308 265 566 335 καθάπερ
596 262 632 335 ἡ
656 267 772 320 τῶν
798 260 1149 332 ἀστυνόμων,
1179 266 1312 318 δέκα
1339 265 1401 318 ἐκ
1427 268 1543 318 ταῖν
1561 262 1748 318 ἄλλων

67 350 557 420 χειροτονηθέντας
589 343 724 410 τούς
750 346 914 399 πέντε
943 342 1355 415 ἀποκληρῶσαι,
1392 346 1485 399 καὶ
1514 347 1747 414 δοκιμα-

69 436 307 495 σθέντας
322 426 529 493 αὐτούς
547 426 818 497 ἄρχοντας
833 424 1134 497 ἀποφῆναι.
1167 432 1543 496 χειροτονείτω
1564 427 1623 481 δὲ
1642 430 1749 489 πᾶς

70 511 252 567 πάντα
265 533 277 543 ·
305 508 336 566 ὁ
355 511 417 564 δὲ
431 507 507 580 μὴ
531 507 752 578 ’θέλων,
771 505 873 562 ἐὰν
890 511 1224 580 εἰσαγγελθῇ
1240 505 1381 578 πρὸς
1393 504 1525 569 τοὺς
1542 505 1749 574 ἄρχον·
1773 521 1860 567 764

67 614 181 662 τας,
200 589 517 662 ζημιούσθω
536 588 879 660 πεντήκοντα
898 592 1162 660 δραχμαῖς
1179 587 1318 659 πρὸς
1330 594 1410 662 τῷ
1418 586 1590 651 κακὸς
1609 584 1750 641 εἶναι

19 719 20 723 ,
70 677 270 729 δοκεῖν.
309 678 408 727 ἴτω
445 668 498 725 δ’
526 673 603 736 εἰς
629 672 930 741 ἐκκλησίαν
955 671 1049 726 καὶ
1075 667 1176 725 τὸν
1204 667 1400 725 κοινὸν
1418 668 1690 737 ξύλλογον
1716 663 1746 722 ὁ

66 752 423 825 βουλόμενος,
438 751 745 821 ἐπάναγκες
758 748 802 806 δ’
823 755 963 807 ἔστω
981 756 1059 826 τῷ
1070 757 1186 807 τῶν
1203 752 1480 821 δευτέρων
1489 750 1581 805 καὶ
1593 747 1751 818 προί-

19 899 21 913 .
66 854 182 890 των
195 832 534 904 τιμημάτων,
553 835 686 888 δέκα
710 836 976 903 δραχμαῖς
995 835 1369 906 ζημιουμένῳ,
1380 832 1480 887 ἐὰν
1508 827 1582 901 μὴ
1603 849 1751 898 παρ-

19 919 21 922 ’
67 913 151 971 ὢν
178 914 482 986 ἐξετάζηται
508 925 623 979 τοῖς
650 914 962 984 ξυλλόγοις·
999 919 1164 986 τρίτῳ
1189 914 1250 969 δὲ
1278 913 1536 984 τιμήματι
1561 912 1653 966 καὶ
1671 915 1752 983 τῷ

66 996 306 1071 τετάρτῳ
325 994 399 1068 μὴ
420 996 744 1067 ἐπάναγκες,
765 994 905 1051 ἀλλά
932 994 1158 1067 ἀζήμιος
1177 994 1451 1065 ἀφείσθω,
1470 992 1569 1049 ἐὰν
1593 993 1668 1064 μή
1698 1013 1752 1046 τι

18 1083 19 1086 ’
68 1083 512 1149 παραγγείλωσιν
529 1081 588 1150 οἰ
597 1076 859 1148 ἄρχοντες
878 1084 1048 1132 πᾶσιν
1066 1080 1128 1132 ἔκ
1144 1097 1294 1141 τινος
1313 1074 1562 1146 ἀνάγκης
1579 1075 1750 1140 ξυνιέ-

67 1181 175 1214 ναι.
203 1157 335 1224 τούς
353 1163 414 1216 δὲ
431 1159 499 1231 δὴ
518 1158 904 1229 ἀγορανόμους
922 1157 1024 1214 τὸν
1041 1160 1164 1227 περὶ
1182 1156 1286 1229 τὴν
1305 1155 1518 1228 ἀγορὰν
1535 1155 1748 1226 κόσμον
1776 1168 1809 1209 Β

68 1245 434 1312 διαταχθέντα
453 1241 562 1297 ὑπὸ
583 1243 778 1312 νόμων
799 1242 1102 1311 φυλάττειν
1120 1242 1211 1297 καὶ
1232 1245 1402 1310 ἱερῶν
1418 1241 1510 1295 καὶ
1527 1242 1752 1308 κρηνῶν

18 1332 20 1346 ’
65 1325 443 1393 ἐπιμελεῖσθαι
459 1329 574 1377 τῶν
593 1321 716 1377 κατ’
744 1320 977 1391 ἀγοράν,
1001 1319 1154 1386 ὅπως
1170 1321 1343 1392 μηδὲν
1361 1319 1526 1391 ἀδικῇ
1545 1322 1751 1390 μηδείς,

18 1417 19 1448 i
65 1401 167 1459 τὸν
184 1400 488 1458 ἀδικοῦντα
508 1402 568 1458 δὲ
586 1402 852 1470 κολάζειν,
873 1409 1105 1472 πληγαῖς
1123 1401 1226 1472 μὲν
1253 1402 1346 1456 καὶ
1377 1403 1597 1470 δεσμοῖς
1616 1404 1753 1454 δοῦ-

68 1489 171 1539 λον
181 1486 272 1539 καὶ
282 1486 458 1551 ξένον,
471 1484 571 1540 ἐάν
583 1480 629 1539 δ’
650 1482 936 1554 ἐπιχώριος
956 1479 1036 1538 ὤν
1047 1504 1128 1547 τις
1146 1480 1348 1553 περὶτὰ
1367 1486 1595 1536 τοιαῦτα
1615 1477 1753 1555 ἀκρ-

16 1613 19 1630 ;
69 1569 199 1637 σμῇ,
219 1570 374 1636 μέχρι
393 1565 496 1636 μὲν
514 1563 712 1621 ἑκατὸν
731 1569 992 1636 δραχμῶν
1015 1571 1350 1636 νομίσματος
1379 1560 1586 1627 αὐτοὺς
1614 1560 1756 1617 εἶναι

67 1652 299 1716 κυρίους
316 1646 745 1718 διαδικάζοντας,
773 1651 929 1719 μέχρι
958 1647 1019 1703 δὲ
1045 1650 1338 1702 διπλασίου
1364 1642 1570 1700 τούτου
1594 1649 1756 1713 κοινῇ
1836 1703 1841 1706 ‚

67 1726 203 1798 μετὰ
233 1725 567 1799 ἀστυνόμων
598 1732 830 1799 ζημιοῦν
866 1727 1185 1793 δικάζοντας
1221 1732 1298 1799 τῷ
1335 1724 1645 1781 ἀδικοῦντι·
1684 1721 1751 1778 τὰ
1786 1734 1817 1775 G

68 1805 211 1862 αύτά
233 1806 295 1863 δὲ
322 1809 414 1863 καὶ
443 1805 781 1880 ἀστυνόμοις
800 1813 939 1865 ἔστω
964 1807 1280 1879 ζημιώματά
1298 1829 1357 1862 τε
1385 1808 1478 1862 καὶ
1502 1805 1756 1869 κολάσεις

68 1890 132 1944 ἐν
159 1894 229 1962 τῇ
263 1889 479 1945 ἑαυτῶν
505 1888 665 1962 ἀρχῇ,
694 1892 852 1961 μέχρι
882 1892 985 1960 μὲν
1010 1896 1152 1961 μνᾶς
1175 1886 1381 1953 αὐτοὺς
1410 1893 1753 1959 ζημιοῦντας,

69 1966 173 2038 τὴν
190 1972 487 2026 διπλασίαν
504 1973 566 2027 δὲ
581 1969 716 2042 μετά
736 1969 1119 2042 ἀγορανόμων.

212 2051 299 2106 XI·
336 2056 633 2123 Μουσικῆς
653 2054 713 2108 δὲ
730 2051 793 2107 τό
808 2051 942 2122 μετὰ
962 2058 1126 2106 τοῦτο
1144 2052 1235 2106 καὶ
1253 2054 1628 2122 γυμναστικῆς
1649 2047 1755 2116 ἅρ-

71 2148 272 2202 χοντας
306 2137 688 2189 καθίστασθαι
725 2141 940 2203 πρέπον
975 2128 1047 2188 ἀν
1082 2140 1184 2204 εἴη,
1217 2131 1434 2197 διττοὺς
1461 2133 1753 2202 ἑκατέρων,

71 2210 204 2276 τούς
219 2212 322 2283 μὲν
338 2216 587 2280 παιδείας
605 2213 794 2270 αὐτῶν
812 2216 993 2285 ἕνεκα,
1005 2212 1138 2279 τοὺς
1147 2212 1206 2270 δὲ
1224 2213 1604 2285 ἀγωνιστικῆς.
1624 2231 1754 2267 παι-

72 2297 222 2360 δείας
247 2293 350 2367 μὲν
372 2294 634 2367 βούλεται
656 2298 838 2367 λέγειν
865 2294 895 2352 ὁ
924 2295 1096 2368 νόμος
1124 2300 1450 2367 γυμνασίων
1475 2295 1568 2350 καὶ
1597 2297 1755 2350 διδα-

16 2440 17 2443 ,
71 2387 343 2439 θκαλείων
360 2379 686 2450 ἐπιμελητάς
705 2378 921 2450 κόσμου
939 2380 1032 2434 καὶ
1048 2377 1389 2442 παιδεύσεως
1407 2375 1519 2447 ἅμα
1538 2376 1630 2431 καὶ
1656 2380 1753 2445 τῆς
1781 2389 1816 2428 D

15 2485 19 2518 ;
75 2465 200 2533 περὶ
213 2462 388 2519 ταῦτα
406 2464 712 2533 ἐπιμελείας
737 2466 851 2516 τῶν
880 2458 1196 2532 φοιτήσεών
1221 2480 1281 2515 τε
1309 2462 1435 2528 πέρι
1462 2460 1552 2514 καὶ
1576 2455 1754 2527 ἀσκή-

17 2591 19 2594 .
77 2557 223 2598 «nm
245 2540 496 2612 ἀρρένων
512 2544 605 2599 καὶ
624 2548 871 2614 θηλειῶν
890 2548 1095 2614 κορῶν,
1114 2540 1358 2613 ἀγωνίας
1384 2539 1444 2596 δὲ
1472 2543 1534 2595 ἔν
1559 2560 1617 2595 τε
1639 2549 1753 2602 τοῖς

17 2678 19 2685 ,
76 2632 364 2693 γυμνικοῖς
387 2625 479 2680 καὶ
516 2626 641 2695 περὶ
674 2621 777 2696 τὴν
806 2621 1082 2696 μουσικὴν
1119 2620 1436 2688 ἀθλοθέτας
1467 2619 1751 2692 ἀθληταῖς,

17 2736 19 2739 -
78 2702 296 2769 διττούς
307 2695 381 2758 αὖ
395 2703 645 2776 τούτους,
659 2707 784 2777 περὶ
801 2703 1079 2778 μουσικὴν
1089 2707 1191 2778 μὲν
1210 2705 1447 2774 ἑτέρους,
1461 2703 1586 2773 περὶ
1603 2699 1754 2769 ἀγω-

76 2789 205 2841 νίαν
224 2783 276 2840 δ’
310 2781 527 2851 ἄλλους.
572 2784 933 2860 ἀγωνιστικῆς
958 2788 1060 2859 μὲν
1085 2781 1193 2843 οὖν
1223 2784 1547 2856 ἀνθρώπων
1575 2801 1633 2836 τε
1661 2780 1754 2843 καὶ
