1976 3172
275 147 381 198 204
544 187 549 191 .
908 148 1379 200 ΠΛΑΤῼΝΟΣ

276 279 616 347 ἀσπάζεσθαι
635 280 695 336 τὸ
717 283 902 350 μέσον,
924 277 956 335 ὃ
984 285 1092 336 νῦν
1111 279 1177 351 δὴ
1209 293 1509 352 προσεῖπον
1542 281 1616 347 ῶς
1641 286 1805 338 ἵλεων
1827 281 1956 340 ὀνο-

276 363 471 434 μάσας,
492 361 565 434 ἣν
585 361 650 434 δὴ
673 362 930 418 διάθεσιν
948 366 1039 418 καὶ
1067 369 1212 419 θεοῦ
1239 363 1377 419 κατά
1407 379 1530 419 τινα
1560 370 1817 435 μαντείας
1846 365 1973 435 φή-

275 467 386 516 μην
415 442 689 515 εὐστόχως
719 443 919 508 πάντες
947 443 1449 515 προσαγορεύομεν.
1489 445 1698 516 ταύτην
1725 444 1827 516 τὴν
1848 445 1976 511 ἕξινὶ

277 526 499 582 διῶκειν
519 528 660 598 φημὶ
680 523 840 581 δεῖν“
813 532 971 609 ημῶν
989 527 1080 582 καὶ
1108 523 1207 582 τὸν
1228 529 1497 597 μέλλοντα
1526 530 1752 582 ἔσεσθαι
1779 530 1976 595 θεῖον,ἶ

275 604 403 679 μήτ’
444 610 548 662 οὐν
587 606 761 662 αὐτὸν
805 611 1049 678 προπετῆ
1087 606 1223 679 πρὸς
1258 606 1356 671 τὰς
1391 605 1596 678 ἡδονὰς
1627 606 1976 678 γιγνόμενοντῑ

277 687 436 759 ὅλως,
460 685 533 753 ῶς
546 685 666 743 οὐδ’
686 687 840 752 ἐκτὸς
858 693 1053 743 λυπῶν
1072 687 1356 758 ἐσόμενον,
1371 689 1505 759 μήτε
1527 686 1714 759 άλλον,
1728 690 1960 757 γέροντα

275 766 313 840 ἦ
333 773 478 838 νέον,
505 770 605 840 ε’ᾷν
623 768 852 838 πάσχειν
879 766 1085 823 ταύτὸν
1111 766 1276 823 τοῦθ’
1301 767 1451 841 ἡμῖν,
1473 768 1681 840 ἄρρενα
1699 767 1735 839 ἢ
1754 772 1976 839 θῆλυν,;Ι

219 859 254 899 Ε
279 847 542 904 ἁπάντων
559 848 618 902 δὲ
635 848 832 918 ἥκιστα
856 853 931 912 εἰς
950 848 1190 917 δύναμιν
1207 850 1306 904 τὸν
1335 850 1534 918 άρτίως
1563 857 1815 920 νεογενῆ·
1856 860 1976 921 σιν-ξ

281 929 551 1000 ριῶτατον
576 927 685 999 γὰρ
716 932 822 983 οὐν
846 928 1113 998 ἐμφύεται
1143 945 1279 983 πασι
1306 930 1429 985 τότε
1457 930 1518 986 τὸ
1549 939 1662 987 πᾶν
1697 934 1839 1002 ῆθος
1871 928 1976 985 δια-ἶ

279 1015 423 1076 ἔθος.
460 1014 537 1066 ἔτι
557 1009 609 1065 δ’
642 1007 807 1080 εγωγ’
814 1051 829 1079 ,
862 1014 911 1065 εἰ
939 1009 1013 1080 μὴ
1043 1009 1292 1080 μέλλοιμι
1321 1009 1504 1074 δόξειν
1534 1016 1760 1080 παίζειν,
1791 1015 1976 1082 ‹poa'nm

281 1090 352 1148 ἂν
375 1096 490 1147 δεῖν
509 1095 601 1149 καὶ
619 1114 717 1156 τας
738 1092 1019 1162 φερούσας
1041 1092 1101 1146 έν
1121 1093 1315 1162 γαστρὶ
1335 1096 1529 1146 πασῶν
1546 1096 1659 1147 τῶν
1666 1088 1976 1190 γυναικῶνξ

278 1173 511 1245 μάλιστα
549 1173 891 1243 θεραπεύειν
926 1174 1141 1228 ἐκεῖνον
1187 1170 1288 1228 τὸν
1333 1173 1604 1244 ἐνιαυτόν,
1646 1173 1794 1239 ὅπως
1830 1172 1976 1244 μήτε

277 1254 502 1328 ἡδοναῖς
534 1259 640 1312 τισὶ
686 1262 914 1320 πολλαῖς
952 1276 1066 1326 αμα
1101 1255 1193 1310 καὶ
1226 1254 1459 1326 μάργοις
1494 1256 1894 1327 προσχρήσεται
1929 1252 1970 1326 ἦ

278 1339 494 1395 κύουσα
513 1338 648 1410 μήτε
671 1331 746 1394 αὖ
765 1338 983 1406 λύπαις,
1002 1336 1064 1392 τό
1096 1337 1154 1392 δὲ
1173 1339 1338 1391 ἵλεων
1357 1337 1448 1392 καὶ
1467 1334 1689 1407 εὐμενὲς
1708 1335 1891 1407 πρᾶόν
1909 1356 1964 1397 τε,

278 1427 489 1492 τιμῶσα
510 1421 748 1491 διαζήσει
765 1418 866 1475 τὸν
883 1420 1007 1475 τότε
1025 1419 1245 1489 χρόνον.

164 1509 250 1555 793
421 1507 538 1556 ΚΛ.
583 1498 765 1557 Οὐδὲν
786 1504 873 1556 δεῖ
886 1516 964 1570 σε,
987 1493 1032 1554 ῶ
1064 1502 1200 1570 ξένε,
1222 1500 1507 1568 Μέγιλλον
1532 1497 1835 1596 ἀνερωτᾷν,
1859 1495 1966 1552 πό-

280 1606 438 1652 τερος
456 1582 618 1654 ἡμῶν
638 1581 950 1653 ὀρθότερον
981 1589 1221 1652 εἴρηκεν·
1262 1578 1366 1649 ε’γῶ
1389 1578 1497 1650 γὰρ
1526 1577 1690 1643 αύτός
1711 1596 1800 1633 σοι
1827 1594 1964 1648 συγ-

282 1672 441 1737 χωρῶ
461 1666 560 1720 τὸν
579 1665 758 1736 λύπης
775 1684 833 1720 τε
852 1666 945 1719 και
961 1662 1168 1734 ἡδονῆς
1187 1659 1431 1733 ἀκράτου
1450 1666 1575 1733 βίον
1598 1661 1827 1732 φεύγειν
1850 1665 1976 1726 δεῖνζ

283 1749 509 1849 πάντας,
532 1749 702 1819 μέσον
724 1750 788 1803 δέ
802 1768 926 1803 τινα
946 1749 1165 1819 τέμνειν
1194 1745 1291 1801 ἀεί.
1332 1749 1513 1809 καλῶς
1532 1749 1724 1800 τοίνυν
1744 1732 1976 1844 εἰρηκάςξ

280 1854 339 1889 τε
363 1830 503 1889 καὶ’
473 1830 716 1904 ακήκοας
735 1829 863 1902 ἅμα.
1964 1876 1966 1883 ,

421 1919 539 1969 ΑΘ.
577 1913 753 1968 Μάλα
772 1933 873 1982 μεν
898 1903 1005 1965 οὖν
1026 1908 1232 1981 ὀρθῶς,
1265 1901 1310 1963 ῶ
1339 1911 1581 1962 Κλεινία.
1619 1907 1743 1962 τόδε
1773 1910 1976 1960 τοίνυν

282 1997 367 2052 ἐπὶ
387 1995 604 2059 τούτοις
622 2004 767 2063 τρεῖς
785 1992 939 2057 ὄντες
959 1995 1362 2063 διανοηθῶμεν.
1974 2047 1976 2050 ⁴

425 2074 660 2132 ΚΛ.Τό
682 2085 871 2140 ποῖον;
1955 2085 1976 2151 g

422 2163 504 2213 lv.
542 2163 660 2213 ΑΘ.
687 2155 807 2213 ’Ότι
844 2153 1002 2212 ταῦτ’
1040 2159 1153 2210 ἔστι
1187 2153 1386 2223 πάντα,
1417 2151 1521 2208 ὅσα
1557 2158 1665 2207 νῦν
1698 2150 1976 2220 διεξερχό·

285 2238 528 2311 μεθα,τά
549 2238 867 2309 καλούμενα
887 2235 995 2294 υπὸ
1016 2244 1131 2293 τῶν
1150 2242 1372 2308 πολλῶν
1391 2233 1616 2306 άγραφα
1637 2232 1855 2302 νόμιμα·
1878 2229 1973 2299 καζ

227 2338 256 2378 Β
292 2343 391 2385 ους
410 2326 674 2390 πατρίους
692 2319 903 2389 νόμους
919 2317 1373 2388 ἐπονομάζουσιν,
1396 2337 1499 2371 ουκ
1519 2314 1658 2369 ἄλλα
1682 2308 1872 2368 ἐστὶν
1845 2335 1878 2381 η
1901 2306 1976 2365 τοὶ

286 2406 514 2458 τοιαῦτα
535 2400 838 2500 ξύμπαντα.
859 2401 951 2454 καὶ
972 2404 1050 2454 ἔτι
1067 2419 1128 2466 γε
1149 2395 1177 2450 ὁ
1198 2403 1307 2450 νῦν
1336 2395 1402 2464 δῆ
1432 2393 1595 2463 λόγος
1621 2391 1770 2488 ἡμῖν
1780 2394 1968 2458 έπιχυ-

285 2488 424 2552 θείς,
456 2479 527 2547 ῶς
556 2480 686 2537 ούτε
713 2478 923 2551 νόμους
951 2482 1035 2534 δεῖ
1069 2473 1542 2572 προσαγορεύειν
1534 2469 1674 2527 αὐτα
1712 2469 1839 2525 οὔτε
1865 2469 1969 2537 άρ-κ

293 2584 431 2636 ρητα
473 2564 590 2635 ε’ᾷν,
629 2568 836 2632 εἴρηται
871 2565 1076 2624 καλῶς·
1116 2558 1305 2628 δεσμοὶ
1333 2553 1441 2626 γὰρ
1471 2547 1627 2609 οὗτοι
1656 2551 1833 2623 πάσης
1867 2550 1971 2606 εἰσὶ

291 2649 582 2713 πολιτείας,
602 2641 804 2713 μεταξύ
824 2641 1050 2697 πάντων
1069 2638 1224 2703 ὄντες
1251 2644 1365 2693 τῶν
1385 2640 1445 2691 έν
1471 2634 1754 2706 γράμμασι
1773 2634 1972 2695 τεθέν-ς

291 2747 404 2781 των
422 2746 480 2780 τε
498 2726 590 2780 καὶ
617 2727 886 2795 κειμένων
915 2723 1007 2778 καὶ
1038 2726 1150 2776 τῶν
1176 2723 1253 2775 ἔτι
1286 2715 1696 2789 τεθησομένων,
1730 2710 1973 2783 ατεχνῶς

292 2803 413 2864 οἷον
432 2805 634 2878 πάτρια
654 2807 747 2863 καὶ
767 2804 1118 2861 παντάπασιν
1134 2801 1329 2875 ἀρχαῖα
1349 2800 1574 2871 νόμιμα,
1605 2795 1641 2852 δι’
1670 2799 1850 2859 καλῶς
1869 2793 1971 2865 μεν
