1976 3172
713 146 1035 197 zvommv
1062 142 1123 213 γ’.
1691 148 1762 201 93
1875 126 1882 135 “

67 304 132 355 γε
150 280 498 354 ὀνόματι.τό
519 281 572 339 δ’
596 288 775 339 αὔτιον
801 278 875 336 ού
902 279 1060 351 τύχη,
1095 279 1172 347 ὥς
1199 279 1229 336 ὁ
1258 283 1389 354 ἐμὸς
1417 284 1601 355 λόγος,
1631 282 1758 341 ἀλλ’

68 361 99 421 ὁ
119 362 291 431 κακὰς
318 363 507 437 βίος,
486 387 556 421 ον
585 366 644 420 οἰ
666 367 782 418 τῶν
814 361 1194 433 διαφερόντως
1221 371 1509 421 πλουσίων
1542 368 1635 423 καὶ
1665 387 1769 423 τυ-
1792 378 1879 454 696

69 446 300 517 ράννων
332 449 524 511 παῖδες
550 443 619 501 τὰ
659 442 837 501 πολλὰ
875 448 1065 510 ζῶσιν·
1100 441 1170 500 οὐ
1197 445 1306 515 γὰρ
1329 445 1406 516 μή
1433 465 1566 503 ποτε
1595 451 1765 520 γένη-

67 549 157 584 ται
186 539 314 594 παῖς
345 530 440 584 καὶ
474 524 619 598 ἀνὴρ
648 528 742 582 καὶ
769 528 956 597 γέρων
983 527 1048 607 ἐκ
1074 525 1279 598 ταύτης
1296 533 1394 598 τῆς
1409 535 1621 599 τροφῆς
1642 534 1764 585 δια-

67 614 260 680 φέρων
276 605 418 677 πρὸς
436 606 656 679 ἀρετήν.
694 604 731 662 ἃ
722 606 837 679 δή,
858 603 1060 679 φαμέν,
1080 614 1162 682 τῷ
1176 611 1458 682 νομοθέτῃ
1478 614 1762 682 σκεπτέον,

66 693 161 746 καὶ
193 687 328 760 ἡμῖν
360 691 421 745 δὲ
458 691 520 745 ἐν
554 695 633 763 τῷ
669 695 779 745 νῦν
808 689 1062 761 παρόντι.
1101 663 1318 747 δίκαιον
1346 691 1477 764 μήν,
1509 714 1552 748 ω
1580 697 1761 748 Λακε-
1801 729 1846 749 „s

65 770 361 841 δαιμόνιοι,
381 771 634 842 zoth-602
652 777 723 843 τῇ
740 770 899 828 πόλει
918 769 1081 843 ὑμῶν
1108 771 1519 844 ἀποδιδόναι,
1487 795 1573 830 οτι
1599 778 1763 846 πενίᾳ

64 853 399 927 καὶπλούτφ
426 853 519 910 καὶ
549 856 792 929 ἰδιωτείᾳ
818 855 912 911 καὶ
939 859 1192 928 βασιλείᾳ
1223 857 1604 927 διαφέρουσαν
1633 855 1760 912 οὐδ’

62 931 334 1006 ἡντινοῦν
350 934 517 1008 τιμὴν
532 938 627 992 καὶ
653 937 873 1007 τροφὴν
904 939 1108 1008 νέμετε,
1139 933 1206 1003 ἃς
1235 935 1310 1008 μὴ
1340 936 1402 993 τὸ
1432 936 1557 994 κατ’
1593 935 1785 1010 ἀρχὰς

63 1013 200 1087 ὑμῖν
219 1025 382 1074 θεῖον
411 1017 563 1089 παρὰ
598 1025 743 1074 θεοῦ
780 1017 1211 1090 διεμαντεύσατό
1248 1041 1414 1084 τινος.
1449 1018 1519 1076 οὐ
1552 1020 1660 1091 γὰρ
1693 1017 1761 1091 δὴ
1795 1033 1829 1075 Β

67 1100 157 1153 δεῖ
175 1098 317 1154 κατὰ
344 1100 511 1156 πόλιν
538 1121 603 1170 γε
637 1098 781 1155 εἶναι
810 1099 910 1170 τᾴς
936 1098 1097 1171 τιμὰς
1126 1098 1527 1174 ὑπερεχούσας,
1565 1100 1652 1157 ὅτι
1683 1106 1764 1166 τίς

64 1181 180 1235 έστι
211 1181 435 1255 πλούτῳ
468 1184 770 1254 διαφέρων,
810 1184 928 1239 ἐπεὶ
964 1180 1089 1239 οὐδ’
1129 1182 1215 1240 ὅτι
1245 1186 1414 1256 ταχύς
1448 1180 1485 1255 ἢ
1520 1183 1690 1250 καλὸς
1726 1180 1764 1255 ἢ

47 1260 293 1332 ·ἰσχυρὸς
324 1261 464 1319 ἄνευ
500 1261 655 1327 τινὸς
690 1261 907 1334 ἀρετῆς,
938 1261 1066 1318 οὐδ’
1097 1262 1296 1336 ἀρετῆς
1327 1259 1395 1336 ἧς
1431 1262 1504 1322 ἂν
1532 1281 1764 1338 σωφρο-

64 1343 208 1413 σύνη
238 1341 370 1413 ἀπῇ.

203 1428 336 1479 ΜΕ.
361 1428 506 1490 Πως
512 1429 699 1495 τοῦτο,
724 1447 767 1481 ω
793 1427 931 1497 ξένε,
951 1428 1154 1495 λέγειςς

103 1555 124 1570 .
200 1509 335 1563 XIII.
375 1511 495 1562 ΑΘ.
530 1504 782 1578 Ἀνδρεία
797 1526 910 1563 που
928 1504 1128 1579 μόριον
1148 1505 1346 1580 αρετῆς
1359 1509 1454 1576 ἕν;

202 1579 338 1645 ΜΕ.
369 1594 504 1654 Πως
519 1589 629 1662 γὰρ
649 1588 747 1659 οὔ,

203 1676 324 1728 ΑΘ.
356 1677 611 1729 Δίκασον
628 1678 827 1730 τοίνυν
844 1671 1014 1739 αὐτὸς
1030 1671 1314 1744 τὸνλόγον
1324 1671 1589 1746 ἀκούσας,
1605 1682 1659 1732 εἴ
1675 1693 1763 1732 σοι

62 1748 301 1817 δέξαιο’“
263 1774 339 1808 αν
356 1753 625 1811 σύνοικον
652 1753 690 1827 ἦ
717 1760 939 1826 γείτονα
970 1756 1116 1813 ἐἶναί
1139 1779 1265 1813 τινα
1294 1757 1516 1829 σφόδρα
1537 1758 1640 1830 μὲν
1660 1756 1763 1815 ἆν-

60 1836 265 1905 δρειον,
288 1832 364 1906 μὴ
384 1835 655 1906 σώφρονα
676 1841 755 1910 δέ,
777 1836 907 1895 ἀλλ’
927 1836 1258 1896 ἀκόλαστον.

200 1921 332 1973 ΜΕ.
369 1914 649 1991 Εὐφήμει.
1796 1935 1827 1978 C

200 2006 321 2057 ΑΘ.
365 2004 437 2056 Τι’
450 2001 515 2057 δέ
520 2025 534 2067 ;
562 2000 816 2074 τεχνικὸν
834 2004 938 2075 μὲν
955 2006 1048 2060 καὶ
1076 2005 1202 2076 περὶ
1218 2009 1394 2060 ταῦτα
1414 2001 1616 2074 σοφόν,
1636 2001 1761 2060 ἅδι-

60 2099 166 2135 κον
184 2083 276 2147 δός

201 2165 334 2218 ΜΕ.
372 2159 662 2235 Οὐδαμῶς.

199 2249 321 2302 ΑΘ.
353 2242 516 2302 'And
545 2246 660 2318 μὴν
685 2246 750 2304 τό
786 2268 851 2319 γε
882 2251 1099 2305 δίκαιον
1127 2247 1198 2304 οὐ
1228 2248 1431 2320 φύεται
1460 2251 1627 2321 χωρὶς
1655 2254 1758 2306 τοῦ

60 2338 393 2397 σωφρονεῖν.

207 2414 331 2465 ΜΕ.
368 2414 500 2475 Πως
517 2409 627 2481 γὰρ
649 2409 752 2480 α’ν;

189 2497 317 2548 ΛΘ.
359 2489 509 2548 Οὐδὲ
531 2491 646 2565 μὴν
671 2492 742 2550 ὅν
769 2515 834 2566 γε
866 2495 1051 2568 σοφὰν
1075 2494 1231 2570 ἡμεῖς
1251 2504 1370 2554 νῦν
1400 2496 1468 2570 δὴ
1505 2496 1757 2571 προύθέ-

63 2575 233 2642 μεθα,
246 2570 348 2631 τὸν
364 2573 463 2642 τὰς
479 2573 687 2648 ἡδονὰς
705 2579 798 2635 καὶ
826 2578 1006 2647 λύπας
1034 2583 1378 2654 κεκτημένον
1413 2582 1756 2655 συμφώνους

62 2662 178 2718 ‘10²8
192 2648 384 2722 ὀρθοῖς
399 2656 584 2728 λόγοις
604 2662 697 2716 καὶ
715 2661 998 2734 ἑπομένας.

205 2738 337 2791 ΜΕ.
374 2736 463 2794 Ού
485 2762 597 2814 γαρ
616 2735 738 2800 οὖν.

204 2814 323 2875 ΑΘ.
355 2814 472 2877 Ἔτι
507 2821 576 2895 δὴ
613 2828 707 2884 καὶ
738 2826 867 2885 τόδε
913 2829 1343 2902 ἐπισκεψώμεθα
1383 2836 1498 2887 τῶν
1537 2833 1597 2886 ἐν
1639 2840 1756 2897 ταῖς
