1976 3172
702 158 1023 209 ΝΟΜΩΝ
1058 150 1105 207 ι’.
1659 157 1764 212 327

215 303 334 354 ΑΘ.
373 300 612 366 Προῖτον
627 291 843 363 γενέσει
862 286 915 345 τ’
947 290 1062 345 ἐστὶ
1089 291 1182 346 καὶ
1210 289 1370 364 ῥώμῃ
1399 289 1538 348 κατά
1567 291 1762 365 λόγον·

74 378 137 435 τὰ
171 382 231 435 δὲ
260 376 397 449 μετὰ
431 380 599 432 τοῦτο
637 377 832 445 ἔχομεν
862 369 1071 426 τούτου
1109 371 1392 444 δεύτερον,
1427 372 1552 444 ἄρτι
1588 375 1767 447 ῥηθὲν

75 460 299 525 ἀτόπως
317 463 530 515 ἔνατον.
1796 466 1829 507 Ε

215 546 336 597 ΚΛ.
371 546 503 605 Πως
529 540 731 609 abysos-3

213 626 320 678 vll.
368 627 487 678 ΑΘ.
535 613 680 676 Ὧδε.
737 613 878 672 ὅταν
912 616 1105 687 ἕτερον
1141 614 1278 672 ἄλλο
1315 614 1452 687 ἡμῖν
1487 586 1768 690 μεταβάλῃ

73 709 167 762 καὶ
184 711 353 761 τοῦτο
383 703 521 760 ἄλλο
546 701 739 772 ἕτερον
765 696 869 770 ἀεί,
896 704 1012 754 τῶν
1033 697 1308 754 τοιούτων
1336 691 1446 770 ἀρα
1465 703 1617 755 ἔσται
1634 701 1771 754 ποτέ

69 808 124 842 τι
139 793 365 856 πρῶτον
382 782 758 855 μεταβάλλονς
793 782 888 838 καὶ
905 801 1039 851 πως,
1058 779 1197 837 ὅταν
1214 777 1315 836 ὑπ’
1338 780 1514 837 ἄλλον
1532 787 1765 853 κινῆται,

68 863 224 923 τοῦτ’
269 870 422 922 ἔσται
454 864 587 922 ποτὲ
619 870 735 920 τῶν
765 861 1148 920 ἀλλοιούντων
1183 867 1438 936 πρῶτον;
1484 861 1767 920 ἀδύνατον

68 947 195 1019 γάρ.
226 944 350 1004 ἀλλ’
374 944 514 1002 ὅταν
531 946 643 1014 ἄρα
660 942 797 1001 αὐτὰ
827 942 963 1000 αὑτὸ
985 950 1224 1015 κινῆσαν
1253 944 1447 1016 ἕτερον
1467 941 1766 1018 ἀλλοιώσῃ,

68 1028 131 1085 τὰ
164 1028 219 1085 δ’
250 1029 444 1096 ἕτερον
472 1025 630 1095 ἄλλο,
657 1027 751 1082 καὶ
779 1026 928 1082 οὕτω
956 1023 1023 1097 δὴ
1054 1031 1199 1096 χίλια
1218 1026 1306 1082 ἐπὶ
1336 1030 1556 1098 μυρίοις
1570 1031 1764 1097 γίγνη-

70 1130 161 1165 ται
193 1109 263 1165 τὰ
291 1111 613 1180 κινηθέντα,
642 1113 767 1179 μῶν
793 1105 933 1179 ἀρχή
961 1129 1043 1173 τις
1071 1105 1261 1164 αὐταῖν
1289 1110 1441 1163 ἔσται
1476 1114 1574 1179 τῆς
1603 1107 1767 1180 κινή-
1795 1118 1882 1166 895

70 1209 210 1258 σεως
228 1188 447 1263 ἁπάσης
464 1190 606 1263 ἄλλη
623 1189 772 1263 πλὴν
789 1189 824 1263 ἡ
844 1197 941 1262 τῆς
960 1187 1132 1262 αὐτῆς
1150 1188 1336 1263 αὐτὴν
1346 1189 1648 1263 κινησάσης
1668 1210 1769 1261 με·

70 1275 309 1347 ταβολή,
294 1299 308 1310 ·
1354 1312 1363 1320 .

210 1361 330 1412 ΚΑ.
367 1352 654 1411 Κάλλιστα
672 1351 835 1422 εἶπες,
855 1355 1211 1425 συγχωρητέα
1230 1374 1290 1409 τε
1306 1352 1565 1420 τούτοις.

208 1443 327 1493 ΑΘ.
353 1435 473 1492 Ἔτι
506 1435 575 1506 δὴ
606 1435 699 1490 καὶ
731 1437 864 1506 τῇδε
902 1441 1163 1505 εἴπωμεν,
1201 1434 1295 1489 καὶ
1330 1432 1767 1531 αποκρινωμεθα

69 1519 240 1583 πάλιν
257 1516 391 1590 ἡμῖν
408 1515 676 1573 αὐτοῖσιν.
714 1519 767 1571 εί
791 1520 950 1586 σταίη
980 1535 1099 1597 πως
1123 1514 1193 1570 τά
1221 1514 1404 1571 πάντα
1434 1512 1577 1587 ὁμοῦ
1601 1516 1768 1585 γενό-

67 1622 231 1676 μενα,
250 1600 511 1669 καθάπερ
531 1602 849 1655 οἱπλεῖστοι
863 1619 981 1654 των
1006 1598 1280 1654 τοιούτων
1303 1604 1548 1670 τολμωσι
1566 1601 1766 1669 λέγειν,

69 1682 180 1739 τίν’
200 1680 310 1752 ἄρα
337 1683 399 1737 ἐν
428 1679 617 1747 αὐτοῖς
633 1678 851 1753 ἀνάγκη
870 1679 1100 1751 πρώτην
1130 1684 1352 1752 κίνησιν
1369 1684 1636 1752 γενέσθαι
1653 1685 1768 1737 τῶν

0 1830 1 1839 ¹
69 1767 402 1836 είρημένωνς
434 1763 539 1836 τὴν
565 1761 744 1835 αὑτὴν
768 1762 838 1835 δή
858 1783 971 1819 που
997 1768 1299 1820 κινοῦσαν·
1325 1760 1425 1819 ὑπ’
1457 1763 1633 1820 ἄλλον
1658 1760 1767 1834 γάρ
1795 1774 1827 1815 Β

0 1852 3 1894 ὲ
70 1844 143 1903 οῦ
170 1846 384 1918 μήποτε
410 1850 734 1918 ἔμπροσθεν
770 1847 1065 1920 μεταπέσῃ,
1101 1849 1373 1918 μηδεμιᾶς
1393 1868 1458 1918 γε
1486 1848 1549 1902 ἐν
1581 1844 1770 1911 αὐτοῖς

69 1925 245 2000 οὔσης
260 1931 583 2001 ἔμπροσθεν
600 1928 1013 2001 μεταπτώσεως.
1050 1926 1229 2002 ἀρχὴν
1247 1928 1358 1999 ἄρα
1375 1927 1652 2000 κινήσεων
1671 1947 1769 1983 πα·

70 2015 189 2067 σῶν
206 2012 300 2067 καὶ
316 2009 544 2083 πρώτην
563 2016 627 2069 ἔν
643 2033 703 2068 τε
729 2011 927 2068 ἑστῶσι
953 2012 1265 2083 γενομένην
1295 2012 1388 2068 καὶ
1415 2012 1477 2067 ἐν
1507 2011 1771 2080 κινουμέ-

76 2112 191 2157 νοις
209 2085 389 2149 οὖσαν
405 2090 509 2164 τὴν
530 2091 711 2164 αὐτὴν
726 2099 1000 2149 κινοῦσαν
1019 2092 1276 2165 φήσομεν
1294 2090 1612 2163 ἀναγκαίως
1629 2088 1770 2146 εἶναι

71 2172 463 2245 πρεσβυτάτην
481 2175 575 2229 καὶ
593 2179 893 2245 κρατίστην
911 2172 1227 2246 μεταβολὴν
1244 2181 1458 2246 πασῶν,
1477 2174 1581 2247 τὴν
1600 2173 1660 2231 δὲ
1676 2169 1769 2231 ἀλ·

72 2257 408 2326 λοιονμένην
430 2252 529 2326 ὑφ’
554 2256 763 2327 ἑτέρου,
783 2262 1056 2314 κινοῦσαν
1072 2259 1133 2314 δὲ
1151 2258 1311 2329 ἕτερα
1332 2260 1613 2328 δευτέραν.

215 2341 334 2392 ΚΛ.
369 2333 739 2408 Ἀληθέστατα
758 2340 950 2409 λέγεις.

211 2422 330 2473 ΑΘ.
358 2414 556 2474 Ὁπότε
575 2418 644 2491 δὴ
658 2424 853 2475 τοίνυν
866 2420 1115 2476 ἐνταῦθά
1134 2422 1302 2493 ἐσμεν
1310 2426 1414 2478 τοῦ
1432 2421 1624 2492 λόγου,
1637 2419 1763 2476 τόδε
1797 2439 1827 2481 c

74 2495 527 2572 ἀποκρινώμεθα.

217 2583 336 2635 ΚΛ.
375 2580 452 2637 Τὸ
471 2594 663 2651 ποίους

219 2665 335 2716 ΑΘ.
364 2656 492 2718 Ἐὰν
509 2666 717 2736 ῑδωμέν
732 2684 846 2721 που
859 2665 1070 2737 ταύτην
1087 2666 1442 2736 γενομένην’
1414 2685 1476 2720 εν
1496 2685 1571 2737 τῳ
1591 2668 1764 2737 γηΐνῳ

76 2736 113 2810 ἧ
141 2740 359 2814 ἐνύδρῳ
392 2737 431 2813 ἢ
466 2750 762 2816 πυροειδεῖ,
793 2749 1178 2821 κεχωρισμένῳ
1215 2742 1251 2816 ἢ
1289 2746 1379 2802 καὶ
1417 2750 1686 2817 ξυμμιγεῑ,
1715 2751 1770 2802 τί

76 2841 205 2877 ποτε
232 2822 485 2894 φήσομεν
502 2828 563 2882 έν
578 2848 655 2901 τῳ
674 2829 910 2904 τοιούτῳ
930 2828 1115 2894 πάθος
1133 2826 1300 2894 εἶναι;
