<?xml version="1.0" encoding="UTF-8"?>
<!DOCTYPE html PUBLIC "-//W3C//DTD XHTML 1.0 Transitional//EN"
    "http://www.w3.org/TR/xhtml1/DTD/xhtml1-transitional.dtd">
<html xmlns="http://www.w3.org/1999/xhtml" xml:lang="en" lang="en">
 <head>
  <title>
</title>
<meta http-equiv="Content-Type" content="text/html;charset=utf-8" />
  <meta name='ocr-system' content='tesseract 3.04.00' />
  <meta name='ocr-capabilities' content='ocr_page ocr_carea ocr_par ocr_line ocrx_word'/>
</head>
<body>
  <div class='ocr_page' id='page_1' title='image "./dialogisecumdumt05platuoft_0057.png"; bbox 0 0 1976 3172; ppageno 0'>
   <div class='ocr_carea' id='block_1_1' title="bbox 702 87 1811 146">
    <p class='ocr_par' dir='ltr' id='par_1_1' title="bbox 702 87 1811 146">
     <span class='ocr_line' id='line_1_1' title="bbox 702 87 1811 146; baseline 0.005 -5"><span class='ocrx_word' id='word_1_1' title='bbox 702 93 1031 144; x_wconf 77' lang='grc' dir='ltr'><em>,ΝΟΜΩΝ</em></span> <span class='ocrx_word' id='word_1_2' title='bbox 1074 87 1136 142; x_wconf 88' lang='grc' dir='ltr'><strong><em>α’.</em></strong></span> <span class='ocrx_word' id='word_1_3' title='bbox 1690 95 1760 146; x_wconf 82' lang='grc'><strong><em>25</em></strong></span> <span class='ocrx_word' id='word_1_4' title='bbox 1808 110 1811 114; x_wconf 74' lang='grc'><em>’</em></span> 
     </span>
    </p>
   </div>
   <div class='ocr_carea' id='block_1_2' title="bbox 0 218 1899 2831">
    <p class='ocr_par' dir='ltr' id='par_1_2' title="bbox 23 218 1882 1193">
     <span class='ocr_line' id='line_1_2' title="bbox 217 218 1762 300; baseline 0.001 -16"><span class='ocrx_word' id='word_1_5' title='bbox 217 233 336 284; x_wconf 86' lang='grc' dir='ltr'><strong><em>ΚΑ.</em></strong></span> <span class='ocrx_word' id='word_1_6' title='bbox 375 228 487 284; x_wconf 78' lang='grc' dir='ltr'><strong><em>Καὶ</em></strong></span> <span class='ocrx_word' id='word_1_7' title='bbox 533 227 664 298; x_wconf 85' lang='grc' dir='ltr'><strong><em>μήν,</em></strong></span> <span class='ocrx_word' id='word_1_8' title='bbox 707 218 753 282; x_wconf 71' lang='grc' dir='ltr'><em>ὦ</em></span> <span class='ocrx_word' id='word_1_9' title='bbox 797 227 936 293; x_wconf 81' lang='grc' dir='ltr'><strong><em>ξένε,</em></strong></span> <span class='ocrx_word' id='word_1_10' title='bbox 970 228 1064 281; x_wconf 87' lang='grc' dir='ltr'><strong><em>καὶ</em></strong></span> <span class='ocrx_word' id='word_1_11' title='bbox 1096 226 1198 282; x_wconf 82' lang='grc' dir='ltr'><strong><em>τὸν</em></strong></span> <span class='ocrx_word' id='word_1_12' title='bbox 1242 227 1376 298; x_wconf 87' lang='grc' dir='ltr'><strong><em>παρ’</em></strong></span> <span class='ocrx_word' id='word_1_13' title='bbox 1413 232 1551 300; x_wconf 82' lang='grc' dir='ltr'><strong><em>ἐμοῦ</em></strong></span> <span class='ocrx_word' id='word_1_14' title='bbox 1587 229 1762 300; x_wconf 78' lang='grc' dir='ltr'><strong><em>λόγον</em></strong></span> 
     </span>
     <span class='ocr_line' id='line_1_3' title="bbox 77 303 1763 381; baseline 0.001 -16"><span class='ocrx_word' id='word_1_15' title='bbox 77 309 324 374; x_wconf 77' lang='grc' dir='ltr'><strong><em>ἀκούσας</em></strong></span> <span class='ocrx_word' id='word_1_16' title='bbox 340 329 400 364; x_wconf 85' lang='grc' dir='ltr'><strong><em>τε</em></strong></span> <span class='ocrx_word' id='word_1_17' title='bbox 413 309 508 365; x_wconf 76' lang='grc' dir='ltr'><strong><em>καὶ</em></strong></span> <span class='ocrx_word' id='word_1_18' title='bbox 526 303 937 376; x_wconf 67' lang='grc' dir='ltr'><strong><em>ἀποδεξάμενος</em></strong></span> <span class='ocrx_word' id='word_1_19' title='bbox 953 313 1191 377; x_wconf 89' lang='grc' dir='ltr'><strong><em>θαρρῶν</em></strong></span> <span class='ocrx_word' id='word_1_20' title='bbox 1209 305 1387 364; x_wconf 81' lang='grc' dir='ltr'><strong>ὁπόσα</strong></span> <span class='ocrx_word' id='word_1_21' title='bbox 1406 310 1599 380; x_wconf 84' lang='grc' dir='ltr'><strong><em>βούλει</em></strong></span> <span class='ocrx_word' id='word_1_22' title='bbox 1618 311 1763 381; x_wconf 78' lang='grc' dir='ltr'><strong><em>λέγε.</em></strong></span> 
     </span>
     <span class='ocr_line' id='line_1_4' title="bbox 78 382 1858 464; baseline 0 -17"><span class='ocrx_word' id='word_1_23' title='bbox 78 395 206 464; x_wconf 83' lang='grc' dir='ltr'><strong><em>τῇδε</em></strong></span> <span class='ocrx_word' id='word_1_24' title='bbox 221 390 329 460; x_wconf 79' lang='grc' dir='ltr'><strong><em>γὰρ</em></strong></span> <span class='ocrx_word' id='word_1_25' title='bbox 340 397 474 454; x_wconf 83' lang='grc' dir='ltr'><strong><em>ἴσως</em></strong></span> <span class='ocrx_word' id='word_1_26' title='bbox 488 385 735 458; x_wconf 74' lang='grc' dir='ltr'><strong><em>ἀκήκοας</em></strong></span> <span class='ocrx_word' id='word_1_27' title='bbox 744 384 820 451; x_wconf 77' lang='grc' dir='ltr'><strong><em>ὥς</em></strong></span> <span class='ocrx_word' id='word_1_28' title='bbox 831 382 1173 459; x_wconf 80' lang='grc' dir='ltr'><strong><em>Ἐπιμενίδης</em></strong></span> <span class='ocrx_word' id='word_1_29' title='bbox 1189 391 1422 463; x_wconf 72' lang='grc' dir='ltr'><strong><em>γέγονεν</em></strong></span> <span class='ocrx_word' id='word_1_30' title='bbox 1433 389 1576 461; x_wconf 84' lang='grc' dir='ltr'><strong><em>α’νὴρ</em></strong></span> <span class='ocrx_word' id='word_1_31' title='bbox 1588 398 1759 463; x_wconf 84' lang='grc' dir='ltr'><strong><em>θεῖος,</em></strong></span> <span class='ocrx_word' id='word_1_32' title='bbox 1844 397 1858 405; x_wconf 76' lang='grc'><em>“</em></span> 
     </span>
     <span class='ocr_line' id='line_1_5' title="bbox 76 466 1760 546; baseline 0 -18"><span class='ocrx_word' id='word_1_33' title='bbox 76 471 137 537; x_wconf 83' lang='grc' dir='ltr'><strong><em>ὂς</em></strong></span> <span class='ocrx_word' id='word_1_34' title='bbox 171 466 245 543; x_wconf 83' lang='grc' dir='ltr'><strong><em>ἦν</em></strong></span> <span class='ocrx_word' id='word_1_35' title='bbox 275 468 409 541; x_wconf 74' lang='grc' dir='ltr'><strong><em>ἡμῖν</em></strong></span> <span class='ocrx_word' id='word_1_36' title='bbox 441 472 660 546; x_wconf 68' lang='grc' dir='ltr'><strong><em>οἰκεῖος,</em></strong></span> <span class='ocrx_word' id='word_1_37' title='bbox 700 466 887 524; x_wconf 71' lang='grc' dir='ltr'><strong><em>ἐλθών</em></strong></span> <span class='ocrx_word' id='word_1_38' title='bbox 923 469 983 525; x_wconf 79' lang='grc' dir='ltr'><strong><em>δὲ</em></strong></span> <span class='ocrx_word' id='word_1_39' title='bbox 1020 468 1128 541; x_wconf 86' lang='grc' dir='ltr'><strong><em>πρὸ</em></strong></span> <span class='ocrx_word' id='word_1_40' title='bbox 1164 474 1279 525; x_wconf 88' lang='grc' dir='ltr'><strong><em>τῶν</em></strong></span> <span class='ocrx_word' id='word_1_41' title='bbox 1295 469 1599 541; x_wconf 74' lang='grc' dir='ltr'><strong><em>Περσικῶν</em></strong></span> <span class='ocrx_word' id='word_1_42' title='bbox 1627 476 1760 529; x_wconf 90' lang='grc' dir='ltr'><strong><em>δέκα</em></strong></span> 
     </span>
     <span class='ocr_line' id='line_1_6' title="bbox 75 547 1760 624; baseline -0.001 -14"><span class='ocrx_word' id='word_1_43' title='bbox 75 559 219 610; x_wconf 76' lang='grc' dir='ltr'><strong><em>ἔτεσι</em></strong></span> <span class='ocrx_word' id='word_1_44' title='bbox 237 550 512 622; x_wconf 88' lang='grc' dir='ltr'><strong><em>πρότερον</em></strong></span> <span class='ocrx_word' id='word_1_45' title='bbox 538 547 675 621; x_wconf 82' lang='grc' dir='ltr'><strong><em>παρ’</em></strong></span> <span class='ocrx_word' id='word_1_46' title='bbox 711 547 1028 621; x_wconf 74' lang='grc' dir='ltr'><strong><em>ὑμᾶς-,κατὰ</em></strong></span> <span class='ocrx_word' id='word_1_47' title='bbox 1056 548 1161 622; x_wconf 83' lang='grc' dir='ltr'><strong><em>τὴν</em></strong></span> <span class='ocrx_word' id='word_1_48' title='bbox 1186 558 1290 607; x_wconf 93' lang='grc' dir='ltr'><strong><em>τοῦ</em></strong></span> <span class='ocrx_word' id='word_1_49' title='bbox 1319 559 1466 608; x_wconf 85' lang='grc' dir='ltr'><strong><em>θεοῦ</em></strong></span> <span class='ocrx_word' id='word_1_50' title='bbox 1496 559 1760 624; x_wconf 85' lang='grc' dir='ltr'><strong><em>μαντείαν</em></strong></span> 
     </span>
     <span class='ocr_line' id='line_1_7' title="bbox 73 628 1761 705; baseline -0.001 -14"><span class='ocrx_word' id='word_1_51' title='bbox 73 638 279 699; x_wconf 83' lang='grc' dir='ltr'><strong><em>θυσίας</em></strong></span> <span class='ocrx_word' id='word_1_52' title='bbox 311 653 371 688; x_wconf 92' lang='grc' dir='ltr'><strong><em>τε</em></strong></span> <span class='ocrx_word' id='word_1_53' title='bbox 404 631 651 688; x_wconf 79' lang='grc' dir='ltr'><strong><em>ἐθύσατό</em></strong></span> <span class='ocrx_word' id='word_1_54' title='bbox 686 653 856 703; x_wconf 85' lang='grc' dir='ltr'><strong><em>τινας,</em></strong></span> <span class='ocrx_word' id='word_1_55' title='bbox 896 629 962 696; x_wconf 74' lang='grc' dir='ltr'><strong><em>ἃς</em></strong></span> <span class='ocrx_word' id='word_1_56' title='bbox 990 628 1020 688; x_wconf 85' lang='lat'><strong>6</strong></span> <span class='ocrx_word' id='word_1_57' title='bbox 1048 630 1184 697; x_wconf 83' lang='grc' dir='ltr'><strong><em>θεὸς</em></strong></span> <span class='ocrx_word' id='word_1_58' title='bbox 1216 630 1418 704; x_wconf 82' lang='grc' dir='ltr'><strong><em>άνεῖλε,</em></strong></span> <span class='ocrx_word' id='word_1_59' title='bbox 1454 635 1547 689; x_wconf 79' lang='grc' dir='ltr'><strong><em>καὶ</em></strong></span> <span class='ocrx_word' id='word_1_60' title='bbox 1575 633 1640 705; x_wconf 86' lang='grc' dir='ltr'><strong><em>δὴ</em></strong></span> <span class='ocrx_word' id='word_1_61' title='bbox 1669 637 1761 690; x_wconf 83' lang='grc' dir='ltr'><strong><em>καὶ</em></strong></span> 
     </span>
     <span class='ocr_line' id='line_1_8' title="bbox 74 711 1827 788; baseline 0.001 -19"><span class='ocrx_word' id='word_1_62' title='bbox 74 717 444 788; x_wconf 74' lang='grc' dir='ltr'><strong><em>φοβουμένων</em></strong></span> <span class='ocrx_word' id='word_1_63' title='bbox 472 713 574 770; x_wconf 81' lang='grc' dir='ltr'><strong><em>τὸν</em></strong></span> <span class='ocrx_word' id='word_1_64' title='bbox 597 711 883 782; x_wconf 86' lang='grc' dir='ltr'><strong><em>Περσικὸν</em></strong></span> <span class='ocrx_word' id='word_1_65' title='bbox 906 711 1222 786; x_wconf 77' lang='grc' dir='ltr'><strong><em>Ἀθηναίων</em></strong></span> <span class='ocrx_word' id='word_1_66' title='bbox 1252 716 1454 772; x_wconf 82' lang='grc' dir='ltr'><strong><em>στόλον</em></strong></span> <span class='ocrx_word' id='word_1_67' title='bbox 1478 713 1649 786; x_wconf 85' lang='grc' dir='ltr'><strong><em>εἶπεν,</em></strong></span> <span class='ocrx_word' id='word_1_68' title='bbox 1680 714 1764 771; x_wconf 82' lang='grc' dir='ltr'><strong><em>ὅτι</em></strong></span> <span class='ocrx_word' id='word_1_69' title='bbox 1794 732 1827 771; x_wconf 88' lang='grc' dir='ltr'>Ε</span> 
     </span>
     <span class='ocr_line' id='line_1_9' title="bbox 23 792 1766 870; baseline -0.001 -16"><span class='ocrx_word' id='word_1_70' title='bbox 23 851 27 854; x_wconf 75' lang='grc'>,</span> <span class='ocrx_word' id='word_1_71' title='bbox 74 800 207 854; x_wconf 86' lang='grc' dir='ltr'><strong><em>δέκα</em></strong></span> <span class='ocrx_word' id='word_1_72' title='bbox 220 797 326 869; x_wconf 78' lang='grc' dir='ltr'><strong><em>μὲν</em></strong></span> <span class='ocrx_word' id='word_1_73' title='bbox 345 799 485 852; x_wconf 81' lang='grc' dir='ltr'><strong><em>ἐτῶν</em></strong></span> <span class='ocrx_word' id='word_1_74' title='bbox 505 793 608 867; x_wconf 80' lang='grc' dir='ltr'><strong><em>οὐχ</em></strong></span> <span class='ocrx_word' id='word_1_75' title='bbox 623 793 871 867; x_wconf 79' lang='grc' dir='ltr'><strong><em>ἥξουσιν,</em></strong></span> <span class='ocrx_word' id='word_1_76' title='bbox 889 792 1028 852; x_wconf 81' lang='grc' dir='ltr'><strong><em>ὅταν</em></strong></span> <span class='ocrx_word' id='word_1_77' title='bbox 1056 795 1117 853; x_wconf 76' lang='grc' dir='ltr'><strong><em>δὲ</em></strong></span> <span class='ocrx_word' id='word_1_78' title='bbox 1145 802 1408 870; x_wconf 81' lang='grc' dir='ltr'><strong><em>ἔλθωσιν,</em></strong></span> <span class='ocrx_word' id='word_1_79' title='bbox 1441 796 1766 869; x_wconf 76' lang='grc' dir='ltr'><strong><em>ἀπαλλαγή-</em></strong></span> 
     </span>
     <span class='ocr_line' id='line_1_10' title="bbox 73 870 1766 951; baseline 0.001 -17"><span class='ocrx_word' id='word_1_80' title='bbox 73 898 269 936; x_wconf 83' lang='grc' dir='ltr'><strong><em>σονται</em></strong></span> <span class='ocrx_word' id='word_1_81' title='bbox 289 879 596 949; x_wconf 76' lang='grc' dir='ltr'><strong><em>πράξαντες</em></strong></span> <span class='ocrx_word' id='word_1_82' title='bbox 614 876 783 934; x_wconf 79' lang='grc' dir='ltr'><strong><em>οὐδὲν</em></strong></span> <span class='ocrx_word' id='word_1_83' title='bbox 803 870 884 934; x_wconf 76' lang='grc' dir='ltr'><strong><em>ῶν</em></strong></span> <span class='ocrx_word' id='word_1_84' title='bbox 901 876 1151 949; x_wconf 80' lang='grc' dir='ltr'><strong><em>ἤλπιζον,</em></strong></span> <span class='ocrx_word' id='word_1_85' title='bbox 1172 880 1453 946; x_wconf 83' lang='grc' dir='ltr'><strong><em>παθόντες</em></strong></span> <span class='ocrx_word' id='word_1_86' title='bbox 1480 902 1540 937; x_wconf 86' lang='grc' dir='ltr'><strong><em>τε</em></strong></span> <span class='ocrx_word' id='word_1_87' title='bbox 1570 877 1605 951; x_wconf 74' lang='grc' dir='ltr'><strong><em>ἦ</em></strong></span> <span class='ocrx_word' id='word_1_88' title='bbox 1628 880 1766 950; x_wconf 81' lang='grc' dir='ltr'><strong><em>δρά-</em></strong></span> 
     </span>
     <span class='ocr_line' id='line_1_11' title="bbox 72 952 1766 1037; baseline -0.001 -19"><span class='ocrx_word' id='word_1_89' title='bbox 72 980 270 1027; x_wconf 81' lang='grc' dir='ltr'><strong><em>σαντες</em></strong></span> <span class='ocrx_word' id='word_1_90' title='bbox 291 964 463 1017; x_wconf 81' lang='grc' dir='ltr'><strong><em>πλείω</em></strong></span> <span class='ocrx_word' id='word_1_91' title='bbox 482 959 641 1016; x_wconf 88' lang='grc' dir='ltr'><strong><em>κακά.</em></strong></span> <span class='ocrx_word' id='word_1_92' title='bbox 679 958 798 1017; x_wconf 84' lang='grc' dir='ltr'><strong><em>τότ’</em></strong></span> <span class='ocrx_word' id='word_1_93' title='bbox 819 952 928 1015; x_wconf 79' lang='grc' dir='ltr'><strong><em>οὖν</em></strong></span> <span class='ocrx_word' id='word_1_94' title='bbox 948 961 1305 1033; x_wconf 70' lang='grc' dir='ltr'><strong><em>ἐξενώθησαν</em></strong></span> <span class='ocrx_word' id='word_1_95' title='bbox 1326 959 1462 1037; x_wconf 69' lang='grc' dir='ltr'><strong><em>ὑμῖν</em></strong></span> <span class='ocrx_word' id='word_1_96' title='bbox 1481 965 1539 1018; x_wconf 76' lang='lat' dir='ltr'><strong><em>oc</em></strong></span> <span class='ocrx_word' id='word_1_97' title='bbox 1553 960 1766 1032; x_wconf 78' lang='grc' dir='ltr'><strong><em>πρόγο-</em></strong></span> 
     </span>
     <span class='ocr_line' id='line_1_12' title="bbox 76 1040 1882 1115; baseline 0.001 -16"><span class='ocrx_word' id='word_1_98' title='bbox 76 1065 167 1099; x_wconf 85' lang='grc' dir='ltr'><strong><em>νοι</em></strong></span> <span class='ocrx_word' id='word_1_99' title='bbox 182 1041 361 1114; x_wconf 81' lang='grc' dir='ltr'><strong><em>ἡμῶν,</em></strong></span> <span class='ocrx_word' id='word_1_100' title='bbox 380 1044 473 1098; x_wconf 82' lang='grc' dir='ltr'><strong><em>καὶ</em></strong></span> <span class='ocrx_word' id='word_1_101' title='bbox 493 1040 725 1098; x_wconf 80' lang='grc' dir='ltr'><strong><em>εὔνοιαν</em></strong></span> <span class='ocrx_word' id='word_1_102' title='bbox 746 1044 807 1097; x_wconf 79' lang='grc' dir='ltr'><strong><em>ἐκ</em></strong></span> <span class='ocrx_word' id='word_1_103' title='bbox 824 1041 997 1098; x_wconf 88' lang='grc' dir='ltr'><strong><em>τόσου</em></strong></span> <span class='ocrx_word' id='word_1_104' title='bbox 1016 1046 1188 1114; x_wconf 78' lang='grc' dir='ltr'><strong><em>ἔγωγε</em></strong></span> <span class='ocrx_word' id='word_1_105' title='bbox 1207 1041 1343 1115; x_wconf 75' lang='grc' dir='ltr'><strong><em>ὑμῖν</em></strong></span> <span class='ocrx_word' id='word_1_106' title='bbox 1370 1046 1463 1100; x_wconf 87' lang='grc' dir='ltr'><strong><em>καὶ</em></strong></span> <span class='ocrx_word' id='word_1_107' title='bbox 1491 1047 1547 1100; x_wconf 76' lang='grc' dir='ltr'><strong><em>οἰ</em></strong></span> <span class='ocrx_word' id='word_1_108' title='bbox 1571 1041 1766 1115; x_wconf 85' lang='grc' dir='ltr'><strong><em>ἡμέτε-</em></strong></span> <span class='ocrx_word' id='word_1_109' title='bbox 1794 1060 1882 1106; x_wconf 82' lang='grc'><strong><em>643</em></strong></span> 
     </span>
     <span class='ocr_line' id='line_1_13' title="bbox 75 1126 1656 1193; baseline 0 -14"><span class='ocrx_word' id='word_1_110' title='bbox 75 1144 165 1193; x_wconf 87' lang='grc' dir='ltr'><strong><em>ροι</em></strong></span> <span class='ocrx_word' id='word_1_111' title='bbox 177 1126 363 1193; x_wconf 73' lang='grc' dir='ltr'><strong><em>ἔχουσι</em></strong></span> <span class='ocrx_word' id='word_1_112' title='bbox 379 1129 565 1193; x_wconf 79' lang='grc' dir='ltr'><strong><em>γονῆς.</em></strong></span> <span class='ocrx_word' id='word_1_113' title='bbox 817 1175 822 1180; x_wconf 95' lang='grc'><strong><em>.</em></strong></span> <span class='ocrx_word' id='word_1_114' title='bbox 1388 1179 1391 1182; x_wconf 23' lang='lat'><em>⁴</em></span> <span class='ocrx_word' id='word_1_115' title='bbox 1650 1174 1656 1179; x_wconf 89' lang='lat'><strong><em>.</em></strong></span> 
     </span>
    </p>

    <p class='ocr_par' dir='ltr' id='par_1_3' title="bbox 0 1202 1768 1603">
     <span class='ocr_line' id='line_1_14' title="bbox 214 1202 1763 1277; baseline 0.002 -18"><span class='ocrx_word' id='word_1_116' title='bbox 214 1210 334 1260; x_wconf 80' lang='grc' dir='ltr'><strong><em>ΑΘ.</em></strong></span> <span class='ocrx_word' id='word_1_117' title='bbox 378 1203 457 1260; x_wconf 78' lang='grc' dir='ltr'><strong><em>Τὰ</em></strong></span> <span class='ocrx_word' id='word_1_118' title='bbox 493 1202 597 1274; x_wconf 72' lang='grc' dir='ltr'><strong><em>μὲν</em></strong></span> <span class='ocrx_word' id='word_1_119' title='bbox 632 1209 828 1260; x_wconf 85' lang='grc' dir='ltr'><strong><em>τοίνυν</em></strong></span> <span class='ocrx_word' id='word_1_120' title='bbox 875 1202 1116 1276; x_wconf 81' lang='grc' dir='ltr'><strong><em>ὑμέτερα</em></strong></span> <span class='ocrx_word' id='word_1_121' title='bbox 1157 1203 1407 1277; x_wconf 80' lang='grc' dir='ltr'><strong><em>ἀκούειν,</em></strong></span> <span class='ocrx_word' id='word_1_122' title='bbox 1458 1202 1543 1271; x_wconf 76' lang='grc' dir='ltr'><strong><em>ὡς.</em></strong></span> <span class='ocrx_word' id='word_1_123' title='bbox 1565 1209 1763 1276; x_wconf 80' lang='grc' dir='ltr'><strong><em>ἔοικεν,</em></strong></span> 
     </span>
     <span class='ocr_line' id='line_1_15' title="bbox 71 1279 1767 1357; baseline 0.002 -18"><span class='ocrx_word' id='word_1_124' title='bbox 71 1282 244 1353; x_wconf 78' lang='grc' dir='ltr'><strong><em>ἕτοιμ’</em></strong></span> <span class='ocrx_word' id='word_1_125' title='bbox 270 1279 344 1338; x_wconf 74' lang='grc' dir='ltr'><strong><em>ἂν</em></strong></span> <span class='ocrx_word' id='word_1_126' title='bbox 362 1291 448 1353; x_wconf 73' lang='grc' dir='ltr'><strong><em>εἰη</em></strong></span> <span class='ocrx_word' id='word_1_127' title='bbox 462 1304 473 1314; x_wconf 90' lang='grc'><em>·</em></span> <span class='ocrx_word' id='word_1_128' title='bbox 509 1280 576 1338; x_wconf 81' lang='grc' dir='ltr'><strong><em>τὰ</em></strong></span> <span class='ocrx_word' id='word_1_129' title='bbox 597 1281 651 1338; x_wconf 88' lang='grc' dir='ltr'><strong><em>δ’</em></strong></span> <span class='ocrx_word' id='word_1_130' title='bbox 670 1283 775 1354; x_wconf 78' lang='grc' dir='ltr'><strong><em>ἐμὰ</em></strong></span> <span class='ocrx_word' id='word_1_131' title='bbox 794 1286 1107 1354; x_wconf 82' lang='grc' dir='ltr'><strong><em>βούλεσθαι</em></strong></span> <span class='ocrx_word' id='word_1_132' title='bbox 1126 1286 1231 1355; x_wconf 75' lang='grc' dir='ltr'><strong><em>μὲν</em></strong></span> <span class='ocrx_word' id='word_1_133' title='bbox 1251 1288 1460 1357; x_wconf 81' lang='grc' dir='ltr'><strong><em>ἕτοιμα,</em></strong></span> <span class='ocrx_word' id='word_1_134' title='bbox 1483 1286 1767 1343; x_wconf 85' lang='grc' dir='ltr'><strong><em>δύνασθαι</em></strong></span> 
     </span>
     <span class='ocr_line' id='line_1_16' title="bbox 0 1360 1768 1438; baseline 0.001 -17"><span class='ocrx_word' id='word_1_135' title='bbox 0 1402 7 1438; x_wconf 54' lang='grc' dir='ltr'>μ</span> <span class='ocrx_word' id='word_1_136' title='bbox 72 1363 133 1421; x_wconf 72' lang='grc' dir='ltr'><strong><em>δὲ</em></strong></span> <span class='ocrx_word' id='word_1_137' title='bbox 151 1363 223 1420; x_wconf 83' lang='grc' dir='ltr'><strong><em>οὐ</em></strong></span> <span class='ocrx_word' id='word_1_138' title='bbox 241 1364 396 1420; x_wconf 87' lang='grc' dir='ltr'><strong><em>πάνυ</em></strong></span> <span class='ocrx_word' id='word_1_139' title='bbox 413 1363 600 1437; x_wconf 73' lang='grc' dir='ltr'><strong><em>ῥοίδια,</em></strong></span> <span class='ocrx_word' id='word_1_140' title='bbox 613 1362 765 1434; x_wconf 80' lang='grc' dir='ltr'><strong><em>ὅμως</em></strong></span> <span class='ocrx_word' id='word_1_141' title='bbox 776 1364 837 1421; x_wconf 76' lang='grc' dir='ltr'><strong><em>δὲ</em></strong></span> <span class='ocrx_word' id='word_1_142' title='bbox 849 1366 1155 1436; x_wconf 81' lang='grc' dir='ltr'><strong><em>πειρατέον.</em></strong></span> <span class='ocrx_word' id='word_1_143' title='bbox 1176 1371 1401 1435; x_wconf 89' lang='grc' dir='ltr'><strong><em>πρῶτον</em></strong></span> <span class='ocrx_word' id='word_1_144' title='bbox 1421 1365 1488 1437; x_wconf 85' lang='grc' dir='ltr'><strong><em>δὴ</em></strong></span> <span class='ocrx_word' id='word_1_145' title='bbox 1501 1360 1609 1423; x_wconf 80' lang='grc' dir='ltr'><strong><em>οὖν</em></strong></span> <span class='ocrx_word' id='word_1_146' title='bbox 1628 1366 1768 1437; x_wconf 81' lang='grc' dir='ltr'><strong><em>πρὸς</em></strong></span> 
     </span>
     <span class='ocr_line' id='line_1_17' title="bbox 68 1443 1767 1517; baseline 0 -14"><span class='ocrx_word' id='word_1_147' title='bbox 68 1444 171 1503; x_wconf 86' lang='grc' dir='ltr'><strong><em>τὸν</em></strong></span> <span class='ocrx_word' id='word_1_148' title='bbox 189 1446 362 1517; x_wconf 79' lang='grc' dir='ltr'><strong><em>λόγον</em></strong></span> <span class='ocrx_word' id='word_1_149' title='bbox 378 1443 705 1517; x_wconf 70' lang='grc' dir='ltr'><strong><em>ὁρισώμεθα</em></strong></span> <span class='ocrx_word' id='word_1_150' title='bbox 724 1449 997 1516; x_wconf 89' lang='grc' dir='ltr'><strong><em>παιδείαν,</em></strong></span> <span class='ocrx_word' id='word_1_151' title='bbox 1016 1451 1073 1501; x_wconf 90' lang='grc' dir='ltr'><strong><em>τί</em></strong></span> <span class='ocrx_word' id='word_1_152' title='bbox 1097 1444 1223 1502; x_wconf 91' lang='grc' dir='ltr'><strong><em>ποτ’</em></strong></span> <span class='ocrx_word' id='word_1_153' title='bbox 1257 1447 1370 1503; x_wconf 84' lang='grc' dir='ltr'><strong><em>ἐστὶ</em></strong></span> <span class='ocrx_word' id='word_1_154' title='bbox 1389 1448 1482 1503; x_wconf 87' lang='grc' dir='ltr'><strong><em>καὶ</em></strong></span> <span class='ocrx_word' id='word_1_155' title='bbox 1510 1452 1635 1503; x_wconf 72' lang='grc' dir='ltr'><strong><em>τίνα</em></strong></span> <span class='ocrx_word' id='word_1_156' title='bbox 1664 1448 1767 1504; x_wconf 86' lang='grc' dir='ltr'><strong><em>δύ-</em></strong></span> 
     </span>
     <span class='ocr_line' id='line_1_18' title="bbox 70 1528 1768 1603; baseline 0.001 -18"><span class='ocrx_word' id='word_1_157' title='bbox 70 1550 239 1601; x_wconf 85' lang='grc' dir='ltr'><strong><em>ναμιν</em></strong></span> <span class='ocrx_word' id='word_1_158' title='bbox 256 1534 391 1601; x_wconf 67' lang='grc' dir='ltr'><strong><em>ἔχει·</em></strong></span> <span class='ocrx_word' id='word_1_159' title='bbox 413 1528 506 1585; x_wconf 81' lang='grc' dir='ltr'><strong><em>διὰ</em></strong></span> <span class='ocrx_word' id='word_1_160' title='bbox 525 1550 636 1600; x_wconf 78' lang='grc' dir='ltr'><strong><em>γαρ</em></strong></span> <span class='ocrx_word' id='word_1_161' title='bbox 656 1530 861 1603; x_wconf 82' lang='grc' dir='ltr'><strong><em>ταύτης</em></strong></span> <span class='ocrx_word' id='word_1_162' title='bbox 878 1551 1065 1601; x_wconf 87' lang='grc' dir='ltr'><strong><em>φαμεν</em></strong></span> <span class='ocrx_word' id='word_1_163' title='bbox 1087 1532 1234 1587; x_wconf 80' lang='grc' dir='ltr'><strong><em>ἰτέον</em></strong></span> <span class='ocrx_word' id='word_1_164' title='bbox 1263 1528 1405 1597; x_wconf 82' lang='grc' dir='ltr'><strong><em>εἶναι</em></strong></span> <span class='ocrx_word' id='word_1_165' title='bbox 1429 1528 1533 1586; x_wconf 83' lang='grc' dir='ltr'><strong><em>τὸν</em></strong></span> <span class='ocrx_word' id='word_1_166' title='bbox 1561 1550 1768 1602; x_wconf 89' lang='grc' dir='ltr'><strong><em>προκε-</em></strong></span> 
     </span>
    </p>

    <p class='ocr_par' dir='ltr' id='par_1_4' title="bbox 0 1601 1769 1776">
     <span class='ocr_line' id='line_1_19' title="bbox 0 1601 1769 1686; baseline -0.001 -17"><span class='ocrx_word' id='word_1_167' title='bbox 0 1601 4 1660; x_wconf 72' lang='grc' dir='ltr'><strong>ἷ</strong></span> <span class='ocrx_word' id='word_1_168' title='bbox 68 1617 413 1685; x_wconf 76' lang='grc' dir='ltr'><strong><em>χειρισμένον</em></strong></span> <span class='ocrx_word' id='word_1_169' title='bbox 431 1615 493 1669; x_wconf 78' lang='grc' dir='ltr'><strong><em>έν</em></strong></span> <span class='ocrx_word' id='word_1_170' title='bbox 510 1619 589 1669; x_wconf 88' lang='grc' dir='ltr'><strong><em>τῶ</em></strong></span> <span class='ocrx_word' id='word_1_171' title='bbox 605 1618 718 1670; x_wconf 90' lang='grc' dir='ltr'><strong><em>νῦν</em></strong></span> <span class='ocrx_word' id='word_1_172' title='bbox 738 1612 911 1684; x_wconf 81' lang='grc' dir='ltr'><strong><em>λόγον</em></strong></span> <span class='ocrx_word' id='word_1_173' title='bbox 928 1610 1031 1685; x_wconf 82' lang='grc' dir='ltr'><strong><em>ὑφ’</em></strong></span> <span class='ocrx_word' id='word_1_174' title='bbox 1058 1609 1236 1686; x_wconf 82' lang='grc' dir='ltr'><strong><em>ἡμῶν,</em></strong></span> <span class='ocrx_word' id='word_1_175' title='bbox 1255 1615 1515 1686; x_wconf 86' lang='grc' dir='ltr'><strong><em>μέχριπερ</em></strong></span> <span class='ocrx_word' id='word_1_176' title='bbox 1535 1607 1610 1668; x_wconf 81' lang='grc' dir='ltr'><strong><em>άν</em></strong></span> <span class='ocrx_word' id='word_1_177' title='bbox 1628 1610 1769 1684; x_wconf 85' lang='grc' dir='ltr'><strong><em>πρὸς</em></strong></span> 
     </span>
     <span class='ocr_line' id='line_1_20' title="bbox 0 1676 649 1776; baseline 0.002 -26"><span class='ocrx_word' id='word_1_178' title='bbox 0 1676 3 1776; x_wconf 38' lang='lat' dir='ltr'><em>J</em></span> <span class='ocrx_word' id='word_1_179' title='bbox 71 1692 172 1751; x_wconf 82' lang='grc' dir='ltr'><strong><em>τὸν</em></strong></span> <span class='ocrx_word' id='word_1_180' title='bbox 195 1692 340 1751; x_wconf 80' lang='grc' dir='ltr'><strong><em>θεὸν</em></strong></span> <span class='ocrx_word' id='word_1_181' title='bbox 369 1692 649 1766; x_wconf 78' lang='grc' dir='ltr'><strong><em>ἀφίκηται.</em></strong></span> 
     </span>
    </p>

    <p class='ocr_par' dir='ltr' id='par_1_5' title="bbox 209 1770 1764 1854">
     <span class='ocr_line' id='line_1_21' title="bbox 209 1770 1764 1854; baseline -0.001 -20"><span class='ocrx_word' id='word_1_182' title='bbox 209 1782 330 1834; x_wconf 82' lang='grc' dir='ltr'><strong><em>ΚΛ.</em></strong></span> <span class='ocrx_word' id='word_1_183' title='bbox 370 1777 540 1833; x_wconf 90' lang='grc' dir='ltr'><strong><em>Πάνυ</em></strong></span> <span class='ocrx_word' id='word_1_184' title='bbox 558 1776 661 1854; x_wconf 73' lang='grc' dir='ltr'><strong><em>μὲν</em></strong></span> <span class='ocrx_word' id='word_1_185' title='bbox 678 1770 786 1833; x_wconf 83' lang='grc' dir='ltr'><strong><em>οὖν</em></strong></span> <span class='ocrx_word' id='word_1_186' title='bbox 815 1779 1037 1848; x_wconf 86' lang='grc' dir='ltr'><strong><em>δρῶμεν</em></strong></span> <span class='ocrx_word' id='word_1_187' title='bbox 1055 1781 1247 1848; x_wconf 88' lang='grc' dir='ltr'><strong><em>ταῦτα,</em></strong></span> <span class='ocrx_word' id='word_1_188' title='bbox 1269 1784 1426 1846; x_wconf 75' lang='grc' dir='ltr'><strong><em>εἴπερ</em></strong></span> <span class='ocrx_word' id='word_1_189' title='bbox 1445 1782 1539 1833; x_wconf 90' lang='grc' dir='ltr'><strong><em>σοί</em></strong></span> <span class='ocrx_word' id='word_1_190' title='bbox 1557 1798 1620 1847; x_wconf 71' lang='grc' dir='ltr'><strong><em>γε</em></strong></span> <span class='ocrx_word' id='word_1_191' title='bbox 1639 1773 1764 1848; x_wconf 84' lang='grc' dir='ltr'><strong><em>ἡδύ.</em></strong></span> 
     </span>
    </p>

    <p class='ocr_par' dir='ltr' id='par_1_6' title="bbox 71 1856 1834 2014">
     <span class='ocr_line' id='line_1_22' title="bbox 211 1856 1834 1933; baseline -0.001 -18"><span class='ocrx_word' id='word_1_192' title='bbox 211 1864 331 1916; x_wconf 78' lang='grc' dir='ltr'><strong><em>ΑΘ.</em></strong></span> <span class='ocrx_word' id='word_1_193' title='bbox 370 1861 649 1929; x_wconf 73' lang='grc' dir='ltr'><strong><em>Λέγοντος</em></strong></span> <span class='ocrx_word' id='word_1_194' title='bbox 664 1864 861 1915; x_wconf 88' lang='grc' dir='ltr'><strong><em>τοίνυν</em></strong></span> <span class='ocrx_word' id='word_1_195' title='bbox 880 1860 1037 1931; x_wconf 83' lang='grc' dir='ltr'><strong><em>ἐμοῦ,</em></strong></span> <span class='ocrx_word' id='word_1_196' title='bbox 1065 1866 1120 1916; x_wconf 89' lang='grc' dir='ltr'><strong><em>τί</em></strong></span> <span class='ocrx_word' id='word_1_197' title='bbox 1148 1879 1282 1915; x_wconf 90' lang='grc' dir='ltr'><strong><em>ποτε</em></strong></span> <span class='ocrx_word' id='word_1_198' title='bbox 1299 1856 1401 1933; x_wconf 83' lang='grc' dir='ltr'><strong><em>χρὴ</em></strong></span> <span class='ocrx_word' id='word_1_199' title='bbox 1432 1858 1611 1931; x_wconf 85' lang='grc' dir='ltr'><strong><em>φάναι</em></strong></span> <span class='ocrx_word' id='word_1_200' title='bbox 1637 1878 1768 1914; x_wconf 91' lang='grc' dir='ltr'><strong><em>παι-</em></strong></span> <span class='ocrx_word' id='word_1_201' title='bbox 1801 1865 1834 1907; x_wconf 92' lang='grc' dir='ltr'><strong>Β</strong></span> 
     </span>
     <span class='ocr_line' id='line_1_23' title="bbox 71 1938 1406 2014; baseline -0.004 -15"><span class='ocrx_word' id='word_1_202' title='bbox 71 1945 226 1999; x_wconf 86' lang='grc' dir='ltr'><strong><em>δείαν</em></strong></span> <span class='ocrx_word' id='word_1_203' title='bbox 248 1940 408 2013; x_wconf 83' lang='grc' dir='ltr'><strong><em>εἶναι,</em></strong></span> <span class='ocrx_word' id='word_1_204' title='bbox 428 1938 777 2008; x_wconf 60' lang='grc' dir='ltr'><strong><em>σκέψασθε*</em></strong></span> <span class='ocrx_word' id='word_1_205' title='bbox 739 1964 813 1998; x_wconf 93' lang='grc' dir='ltr'><strong><em>αν</em></strong></span> <span class='ocrx_word' id='word_1_206' title='bbox 829 1939 1040 2014; x_wconf 78' lang='grc' dir='ltr'><strong><em>ἀρέσκῃ</em></strong></span> <span class='ocrx_word' id='word_1_207' title='bbox 1058 1939 1127 1997; x_wconf 84' lang='grc' dir='ltr'><strong><em>τὸ</em></strong></span> <span class='ocrx_word' id='word_1_208' title='bbox 1141 1942 1358 2012; x_wconf 82' lang='grc' dir='ltr'><strong><em>λεχθέν.</em></strong></span> <span class='ocrx_word' id='word_1_209' title='bbox 1401 1987 1406 1992; x_wconf 92' lang='grc'><strong><em>.</em></strong></span> 
     </span>
    </p>

    <p class='ocr_par' dir='ltr' id='par_1_7' title="bbox 211 2022 809 2093">
     <span class='ocr_line' id='line_1_24' title="bbox 211 2022 809 2093; baseline 0.005 -14"><span class='ocrx_word' id='word_1_210' title='bbox 211 2027 331 2079; x_wconf 80' lang='grc' dir='ltr'><strong><em>ΚΛ.</em></strong></span> <span class='ocrx_word' id='word_1_211' title='bbox 366 2025 565 2093; x_wconf 62' lang='lat' dir='ltr'><strong><em>Atym</em></strong></span> <span class='ocrx_word' id='word_1_212' title='bbox 581 2022 670 2080; x_wconf 75' lang='grc' dir='ltr'><strong><em>ἄν.</em></strong></span> <span class='ocrx_word' id='word_1_213' title='bbox 804 2079 809 2082; x_wconf 81' lang='grc'><strong>,</strong></span> 
     </span>
    </p>

    <p class='ocr_par' dir='ltr' id='par_1_8' title="bbox 70 2099 1899 2831">
     <span class='ocr_line' id='line_1_25' title="bbox 213 2099 1769 2175; baseline -0.001 -16"><span class='ocrx_word' id='word_1_214' title='bbox 213 2106 321 2159; x_wconf 78' lang='lat' dir='ltr'><strong>m</strong></span> <span class='ocrx_word' id='word_1_215' title='bbox 358 2110 478 2160; x_wconf 74' lang='lat' dir='ltr'><strong><em>Ae.</em></strong></span> <span class='ocrx_word' id='word_1_216' title='bbox 514 2105 677 2173; x_wconf 73' lang='grc' dir='ltr'><strong><em>Λέγω</em></strong></span> <span class='ocrx_word' id='word_1_217' title='bbox 695 2103 783 2175; x_wconf 82' lang='grc' dir='ltr'><strong><em>δή,</em></strong></span> <span class='ocrx_word' id='word_1_218' title='bbox 802 2108 902 2160; x_wconf 89' lang='grc' dir='ltr'><strong><em>καί</em></strong></span> <span class='ocrx_word' id='word_1_219' title='bbox 922 2125 1065 2174; x_wconf 83' lang='grc' dir='ltr'><strong><em>φημι</em></strong></span> <span class='ocrx_word' id='word_1_220' title='bbox 1084 2101 1186 2159; x_wconf 85' lang='grc' dir='ltr'><strong><em>τὸν</em></strong></span> <span class='ocrx_word' id='word_1_221' title='bbox 1205 2100 1398 2159; x_wconf 86' lang='grc' dir='ltr'><strong><em>ὁτιοῦν</em></strong></span> <span class='ocrx_word' id='word_1_222' title='bbox 1416 2099 1639 2173; x_wconf 81' lang='grc' dir='ltr'><strong><em>άγαθόν</em></strong></span> <span class='ocrx_word' id='word_1_223' title='bbox 1662 2099 1769 2157; x_wconf 78' lang='grc' dir='ltr'><strong><em>ἅν-</em></strong></span> 
     </span>
     <span class='ocr_line' id='line_1_26' title="bbox 74 2180 1767 2255; baseline -0.001 -16"><span class='ocrx_word' id='word_1_224' title='bbox 74 2185 180 2251; x_wconf 82' lang='grc' dir='ltr'><strong><em>δρα</em></strong></span> <span class='ocrx_word' id='word_1_225' title='bbox 196 2186 468 2255; x_wconf 77' lang='grc' dir='ltr'><strong><em>μέλλοντα</em></strong></span> <span class='ocrx_word' id='word_1_226' title='bbox 488 2188 716 2242; x_wconf 72' lang='grc' dir='ltr'><strong><em>ἔσεσθαι</em></strong></span> <span class='ocrx_word' id='word_1_227' title='bbox 742 2190 909 2242; x_wconf 88' lang='grc' dir='ltr'><strong><em>τοῦτο</em></strong></span> <span class='ocrx_word' id='word_1_228' title='bbox 930 2182 1067 2242; x_wconf 85' lang='grc' dir='ltr'><strong><em>αὐτὸ</em></strong></span> <span class='ocrx_word' id='word_1_229' title='bbox 1087 2187 1149 2241; x_wconf 80' lang='grc' dir='ltr'><strong><em>ἐκ</em></strong></span> <span class='ocrx_word' id='word_1_230' title='bbox 1167 2187 1383 2240; x_wconf 87' lang='grc' dir='ltr'><strong><em>παίδων</em></strong></span> <span class='ocrx_word' id='word_1_231' title='bbox 1409 2180 1588 2248; x_wconf 80' lang='grc' dir='ltr'><strong><em>εὐθὺς</em></strong></span> <span class='ocrx_word' id='word_1_232' title='bbox 1606 2192 1767 2254; x_wconf 86' lang='grc' dir='ltr'><strong><em>μελε-</em></strong></span> 
     </span>
     <span class='ocr_line' id='line_1_27' title="bbox 72 2263 1766 2336; baseline 0 -17"><span class='ocrx_word' id='word_1_233' title='bbox 72 2270 180 2336; x_wconf 79' lang='grc' dir='ltr'><strong><em>τᾷν</em></strong></span> <span class='ocrx_word' id='word_1_234' title='bbox 197 2267 318 2321; x_wconf 78' lang='grc' dir='ltr'><strong><em>δεῖν</em></strong></span> <span class='ocrx_word' id='word_1_235' title='bbox 336 2265 602 2332; x_wconf 82' lang='grc' dir='ltr'><strong><em>παίζοντά</em></strong></span> <span class='ocrx_word' id='word_1_236' title='bbox 624 2287 685 2323; x_wconf 81' lang='grc' dir='ltr'><strong><em>τε</em></strong></span> <span class='ocrx_word' id='word_1_237' title='bbox 711 2270 804 2323; x_wconf 81' lang='grc' dir='ltr'><strong><em>καὶ</em></strong></span> <span class='ocrx_word' id='word_1_238' title='bbox 836 2265 1220 2334; x_wconf 77' lang='grc' dir='ltr'><strong><em>σπουδάζοντα</em></strong></span> <span class='ocrx_word' id='word_1_239' title='bbox 1239 2266 1302 2321; x_wconf 79' lang='grc' dir='ltr'><strong><em>ἐν</em></strong></span> <span class='ocrx_word' id='word_1_240' title='bbox 1320 2275 1434 2329; x_wconf 79' lang='grc' dir='ltr'><strong><em>τοῖς</em></strong></span> <span class='ocrx_word' id='word_1_241' title='bbox 1452 2270 1556 2320; x_wconf 88' lang='grc' dir='ltr'><strong><em>τοῦ</em></strong></span> <span class='ocrx_word' id='word_1_242' title='bbox 1583 2263 1766 2336; x_wconf 78' lang='grc' dir='ltr'><strong><em>πράγ-</em></strong></span> 
     </span>
     <span class='ocr_line' id='line_1_28' title="bbox 70 2343 1766 2419; baseline 0 -18"><span class='ocrx_word' id='word_1_243' title='bbox 70 2365 241 2415; x_wconf 83' lang='grc' dir='ltr'><strong><em>ματος</em></strong></span> <span class='ocrx_word' id='word_1_244' title='bbox 267 2344 520 2413; x_wconf 80' lang='grc' dir='ltr'><strong><em>ἑκάστοις</em></strong></span> <span class='ocrx_word' id='word_1_245' title='bbox 543 2346 943 2419; x_wconf 84' lang='grc' dir='ltr'><strong><em>προσήκουσιν.</em></strong></span> <span class='ocrx_word' id='word_1_246' title='bbox 980 2344 1103 2405; x_wconf 81' lang='grc' dir='ltr'><strong><em>οἷον</em></strong></span> <span class='ocrx_word' id='word_1_247' title='bbox 1119 2346 1222 2403; x_wconf 84' lang='grc' dir='ltr'><strong><em>τὸν</em></strong></span> <span class='ocrx_word' id='word_1_248' title='bbox 1240 2349 1512 2418; x_wconf 89' lang='grc' dir='ltr'><strong><em>μέλλοντα</em></strong></span> <span class='ocrx_word' id='word_1_249' title='bbox 1542 2343 1766 2417; x_wconf 78' lang='grc' dir='ltr'><strong><em>ἀγαθὸν</em></strong></span> 
     </span>
     <span class='ocr_line' id='line_1_29' title="bbox 74 2426 1764 2501; baseline -0.001 -18"><span class='ocrx_word' id='word_1_250' title='bbox 74 2429 301 2483; x_wconf 64' lang='grc' dir='ltr'><strong><em>ἔσεσθαι</em></strong></span> <span class='ocrx_word' id='word_1_251' title='bbox 317 2426 571 2498; x_wconf 72' lang='grc' dir='ltr'><strong><em>γεωργὸν</em></strong></span> <span class='ocrx_word' id='word_1_252' title='bbox 587 2427 626 2500; x_wconf 84' lang='grc' dir='ltr'><strong><em>ἥ</em></strong></span> <span class='ocrx_word' id='word_1_253' title='bbox 642 2450 769 2487; x_wconf 88' lang='grc' dir='ltr'><strong><em>τινα</em></strong></span> <span class='ocrx_word' id='word_1_254' title='bbox 788 2427 1105 2501; x_wconf 80' lang='grc' dir='ltr'><strong><em>οἰκοδόμον,</em></strong></span> <span class='ocrx_word' id='word_1_255' title='bbox 1120 2426 1221 2486; x_wconf 82' lang='grc' dir='ltr'><strong><em>τὸν</em></strong></span> <span class='ocrx_word' id='word_1_256' title='bbox 1235 2428 1338 2500; x_wconf 76' lang='grc' dir='ltr'><strong><em>μὲν</em></strong></span> <span class='ocrx_word' id='word_1_257' title='bbox 1357 2426 1764 2499; x_wconf 81' lang='grc' dir='ltr'><strong><em>οἰκοδομοῦντά</em></strong></span> 
     </span>
     <span class='ocr_line' id='line_1_30' title="bbox 75 2501 1764 2583; baseline -0.001 -18"><span class='ocrx_word' id='word_1_258' title='bbox 75 2524 131 2561; x_wconf 73' lang='grc' dir='ltr'><strong><em>τι</em></strong></span> <span class='ocrx_word' id='word_1_259' title='bbox 153 2502 268 2565; x_wconf 64' lang='grc' dir='ltr'><strong><em>τῶν</em></strong></span> <span class='ocrx_word' id='word_1_260' title='bbox 293 2513 560 2567; x_wconf 85' lang='grc' dir='ltr'><strong><em>παιδείων</em></strong></span> <span class='ocrx_word' id='word_1_261' title='bbox 587 2510 1049 2583; x_wconf 78' lang='grc' dir='ltr'><strong><em>οἰκοδομημάτων</em></strong></span> <span class='ocrx_word' id='word_1_262' title='bbox 1077 2514 1290 2578; x_wconf 77' lang='grc' dir='ltr'><strong><em>παίζειν</em></strong></span> <span class='ocrx_word' id='word_1_263' title='bbox 1317 2509 1439 2583; x_wconf 76' lang='grc' dir='ltr'><strong><em>χρή,</em></strong></span> <span class='ocrx_word' id='word_1_264' title='bbox 1467 2506 1569 2565; x_wconf 83' lang='grc' dir='ltr'><strong><em>τὸν</em></strong></span> <span class='ocrx_word' id='word_1_265' title='bbox 1604 2506 1656 2564; x_wconf 90' lang='grc' dir='ltr'><strong><em>δ’</em></strong></span> <span class='ocrx_word' id='word_1_266' title='bbox 1690 2501 1764 2564; x_wconf 80' lang='grc' dir='ltr'><strong><em>αὖ</em></strong></span> 
     </span>
     <span class='ocr_line' id='line_1_31' title="bbox 75 2589 1831 2669; baseline 0.002 -22"><span class='ocrx_word' id='word_1_267' title='bbox 75 2594 446 2662; x_wconf 56' lang='grc' dir='ltr'><strong><em>γεωργοῦντα,</em></strong></span> <span class='ocrx_word' id='word_1_268' title='bbox 461 2589 606 2649; x_wconf 57' lang='lat' dir='ltr'><strong><em>nal*</em></strong></span> <span class='ocrx_word' id='word_1_269' title='bbox 572 2612 786 2664; x_wconf 77' lang='grc' dir='ltr'><strong><em>οργανα</em></strong></span> <span class='ocrx_word' id='word_1_270' title='bbox 805 2594 1045 2669; x_wconf 80' lang='grc' dir='ltr'><strong><em>ἑκατέρω</em></strong></span> <span class='ocrx_word' id='word_1_271' title='bbox 1076 2591 1299 2665; x_wconf 90' lang='grc' dir='ltr'><strong><em>σμικρά,</em></strong></span> <span class='ocrx_word' id='word_1_272' title='bbox 1330 2598 1445 2649; x_wconf 88' lang='grc' dir='ltr'><strong><em>τῶν</em></strong></span> <span class='ocrx_word' id='word_1_273' title='bbox 1475 2591 1764 2663; x_wconf 78' lang='grc' dir='ltr'><strong><em>ἀληθινῶν</em></strong></span> <span class='ocrx_word' id='word_1_274' title='bbox 1800 2609 1831 2651; x_wconf 87' lang='lat' dir='ltr'>c</span> 
     </span>
     <span class='ocr_line' id='line_1_32' title="bbox 76 2668 1899 2750; baseline -0.003 -17"><span class='ocrx_word' id='word_1_275' title='bbox 76 2668 376 2742; x_wconf 66' lang='grc' dir='ltr'><strong><em>μιμήματα,</em></strong></span> <span class='ocrx_word' id='word_1_276' title='bbox 393 2675 831 2745; x_wconf 72' lang='grc' dir='ltr'><strong><em>παρασκευάζειν</em></strong></span> <span class='ocrx_word' id='word_1_277' title='bbox 847 2675 950 2734; x_wconf 87' lang='grc' dir='ltr'><strong><em>τὸν</em></strong></span> <span class='ocrx_word' id='word_1_278' title='bbox 968 2679 1245 2750; x_wconf 85' lang='grc' dir='ltr'><strong><em>τρέφοντα</em></strong></span> <span class='ocrx_word' id='word_1_279' title='bbox 1266 2673 1454 2733; x_wconf 81' lang='grc' dir='ltr'><strong><em>αὐτῶν</em></strong></span> <span class='ocrx_word' id='word_1_280' title='bbox 1473 2674 1760 2745; x_wconf 78' lang='grc' dir='ltr'><strong><em>ἑκάτερον·</em></strong></span> <span class='ocrx_word' id='word_1_281' title='bbox 1897 2682 1899 2685; x_wconf 83' lang='grc'><strong>’</strong></span> 
     </span>
     <span class='ocr_line' id='line_1_33' title="bbox 76 2749 1764 2831; baseline -0.008 -8"><span class='ocrx_word' id='word_1_282' title='bbox 76 2752 169 2806; x_wconf 71' lang='lat'><strong><em>’‘“2</em></strong></span> <span class='ocrx_word' id='word_1_283' title='bbox 189 2749 257 2822; x_wconf 63' lang='grc' dir='ltr'><strong><em>δὴ</em></strong></span> <span class='ocrx_word' id='word_1_284' title='bbox 279 2752 497 2812; x_wconf 61' lang='grc' dir='ltr'><strong><em>καὶῐόν</em></strong></span> <span class='ocrx_word' id='word_1_285' title='bbox 524 2758 875 2831; x_wconf 70' lang='grc' dir='ltr'><strong><em>μαθημάτων</em></strong></span> <span class='ocrx_word' id='word_1_286' title='bbox 905 2757 1011 2817; x_wconf 85' lang='grc' dir='ltr'><strong><em>ὅσα</em></strong></span> <span class='ocrx_word' id='word_1_287' title='bbox 1031 2757 1306 2831; x_wconf 75' lang='grc' dir='ltr'><strong><em>ἀναγκαῖα</em></strong></span> <span class='ocrx_word' id='word_1_288' title='bbox 1336 2757 1764 2829; x_wconf 81' lang='grc' dir='ltr'><strong><em>προμεμαθηκέ-</em></strong></span> 
     </span>
    </p>
   </div>
   <div class='ocr_carea' id='block_1_3' title="bbox 0 0 36 1404">
    <p class='ocr_par' dir='ltr' id='par_1_9' title="bbox 0 0 36 1404">
     <span class='ocr_line' id='line_1_34' title="bbox 0 0 36 1404; baseline 0 0"><span class='ocrx_word' id='word_1_289' title='bbox 0 0 36 1404; x_wconf 95' lang='lat' dir='ltr'><strong><em> </em></strong></span> 
     </span>
    </p>
   </div>
   <div class='ocr_carea' id='block_1_4' title="bbox 0 1431 7 1600">
    <p class='ocr_par' dir='ltr' id='par_1_10' title="bbox 0 1431 7 1600">
     <span class='ocr_line' id='line_1_35' title="bbox 0 1431 7 1600; baseline 0 0"><span class='ocrx_word' id='word_1_290' title='bbox 0 1431 7 1600; x_wconf 95' lang='lat' dir='ltr'><strong><em> </em></strong></span> 
     </span>
    </p>
   </div>
  </div>
 </body>
</html>
