1976 3172
295 99 402 152 404
912 72 1389 147 ’ΠΛΑΤΩΝΟΣ
1472 127 1476 130 -

234 250 266 294 1)
298 238 489 307 μέτρια
508 233 874 288 ἀναλίσκοντα
896 250 968 294 ως
985 233 1061 295 εἰς
1085 228 1304 301 ἄψυχον
1322 236 1571 301 χθονίων
1587 234 1808 305 βωμόν·
1840 234 1902 291 τὸ
1925 237 1976 292 δὲ

295 318 517 387 μέτριον
543 303 853 383 νομοθέτης
889 305 962 365 ἂν
990 310 1355 380 μαντεύσαιτο
1386 311 1491 368 οὐκ
1519 312 1976 385 ἀσχημονέστατα.

295 401 433 453 ἔστω
459 393 526 467 δὴ
548 394 718 466 νόμος
737 385 928 456 οὗτος·
961 398 1042 467 τῷ
1059 392 1162 463 μευ
1179 390 1247 463 δὴ
1268 397 1372 448 τοῦ
1399 398 1662 492 μεγίστου
1681 397 1976 469 τιμήματος

295 483 370 544 εἰς
389 476 493 548 τὴν
511 483 697 532 πᾶσαν
715 473 900 546 ταφὴν
920 473 1326 546 ἀναλισκόμενα
1345 476 1418 547 μή
1440 479 1610 533 πλέον
1630 479 1791 534 πέντε
1804 499 1976 550 μνων,

293 565 372 633 τῷ
391 559 450 615 δὲ
471 564 586 614 τοῦ
603 560 867 627 δευτέρου
903 568 1048 626 τρεῖς
1061 567 1250 658 μναῖς,
1254 560 1346 613 καὶ
1384 558 1486 613 δύο
1522 563 1601 633 τῷ
1635 580 1736 615 του
1774 565 1976 630 τρίτου,

292 648 407 712 μνᾶ
425 641 483 696 δὲ
503 660 579 713 τω
597 646 700 695 τοῦ
717 637 983 710 τετάρτου
1002 640 1206 708 μέτρον
1224 635 1296 694 ἀν
1315 643 1428 709 ἔχοι
1452 646 1566 696 τῶν
1585 639 1976 714 ἀναλωμάτων

292 719 643 792 νομοφύλαξι
662 719 722 774 δε
745 720 923 775 πολλά
950 739 1018 774 τε
1029 718 1169 775 ἄλλα
1198 717 1416 793 ἀνάγκη
1443 723 1704 793 πράττειν
1730 727 1821 780 καὶ
1847 731 1976 780 πολ-

293 809 408 858 λῶν
434 803 831 871 ἐπιμελεῖσθαι,
863 800 1081 853 τούτων
1119 798 1172 854 δ’
1207 801 1310 871 οὐχ
1337 801 1551 874 ἥκιστα,
1574 802 1723 868 ὅπως
1751 804 1823 858 ἂν
1848 811 1976 862 παί-

236 899 267 938 Ε
295 887 410 939 δων
428 903 486 938 τε
506 884 595 937 καὶ
614 879 841 952 ἀνδρων
860 881 952 936 καὶ
967 873 1145 979 πάσης
1161 879 1376 952 ἡλικίας
1395 885 1815 955 ἐπιμελούμενοι
1835 892 1976 957 ζωσι,

290 965 383 1022 καὶ
413 963 480 1034 δὴ
513 963 604 1019 καὶ
633 960 774 1034 πρὸς
805 959 866 1017 τὸ
896 963 1049 1026 τέλος
1079 959 1343 1017 ἁπάντων
1362 963 1685 1033 νομοφύλαξ
1717 962 1790 1029 εἷς
1808 971 1873 1036 γε’
1901 989 1976 1032 τις

289 1041 606 1117 ἐπιστατῇ,
587 1066 655 1100 ον
680 1065 752 1099 αν
771 1047 827 1098 οἰ
850 1049 952 1099 τοῦ
985 1042 1433 1114 τετελευτηκότος
1461 1047 1764 1102 ἐπίσκοπον
1793 1051 1976 1103 οἰκεῖοι

290 1128 709 1199 παραλάβωσιν,
743 1119 791 1200 ᾦ
827 1126 1001 1181 καλόν
1039 1121 1090 1180 τ’
1129 1128 1268 1180 ἔστω
1303 1131 1486 1190 καλῶς
1518 1128 1608 1182 καὶ
1643 1127 1880 1198 μετρίως
1913 1130 1976 1184 τὰ

289 1211 414 1279 πἐρὶ
437 1207 538 1264 τὸν
555 1207 980 1278 τετελευτηκότα
1002 1206 1304 1277 γιγνόμενα
1323 1208 1414 1263 καὶ
1433 1205 1709 1278 μὴκαλῶς
1735 1210 1976 1281 αἰσχρόν.

287 1291 556 1361 πρόθεσις
577 1288 747 1347 δὲκαὶ
766 1283 939 1345 τᾶλλα
959 1292 1097 1343 ἔστω
1116 1289 1218 1361 μὲν
1238 1288 1376 1343 κατὰ
1395 1286 1499 1349 τὸν.
1512 1293 1637 1360 περὶ
1655 1288 1722 1345 τὰ
1751 1297 1976 1348 τοιαῦτα

288 1371 466 1443 νόμον
485 1371 806 1467 γιγνόμενα,
821 1390 898 1440 τῳ
919 1371 979 1423 δὲ
997 1373 1261 1439 πολιτικοῦ
1281 1367 1435 1441 νόμω
1456 1376 1862 1439 νομοθετοῦντι
1879 1391 1976 1426 πα-

288 1463 558 1524 ραχωρεῖν
577 1450 679 1522 χρὴ
697 1451 763 1504 τὰ
782 1449 990 1505 τοιάδε·
1029 1447 1292 1520 δακρύειν
1309 1447 1410 1519 μὲν
1430 1448 1528 1505 τὸν
1556 1453 1976 1532 τετελευτηκότα

143 1545 260 1592 ’960
290 1532 593 1590 ἐπιτάττειν
624 1555 658 1602 η
683 1530 757 1602 μὴ
790 1529 1067 1602 άμορφον,
1089 1539 1326 1600 θρηνεῖν
1346 1527 1406 1585 δὲ
1436 1532 1528 1585 καὶ
1557 1519 1658 1596 ἔξω
1686 1538 1782 1602 τῆς
1805 1537 1976 1599 οἰκίας

287 1612 486 1686 φωνὴν
517 1615 860 1683 ἐξαγγέλλειν
897 1610 1286 1682 ἀπαγορεύειν,
1320 1613 1413 1667 και
1450 1608 1550 1667 τὸν
1580 1611 1782 1683 νεκρὸν
1813 1620 1888 1680 εἰς
1915 1618 1975 1672 τὸ

287 1692 537 1764 φανερὰν
562 1692 831 1763 προάγειν
867 1698 981 1747 τῶν
1011 1689 1163 1747 ὁδῶν
1194 1692 1447 1763 κωλύειν,
1477 1694 1568 1749 καὶ
1595 1696 1656 1748 ἐν
1682 1706 1799 1760 ταῖς
1830 1693 1976 1762 ὁδοῖς

287 1775 670 1846 πορευόμενον
687 1776 1058 1845 φθέγγεσθαι,
1079 1775 1171 1830 καὶ
1189 1772 1296 1846 πρὸ
1314 1770 1518 1846 ἡμέρας
1531 1779 1631 1841 ἔξω
1651 1782 1746 1847 τῆς
1763 1778 1976 1842 πόλεως

288 1856 442 1914 εἶναι.
481 1863 655 1913 ταῦτα
676 1855 744 1928 δὴ
766 1862 977 1913 κείσθω
996 1878 1053 1913 τε
1073 1855 1221 1912 οὕτω
1242 1859 1367 1928 περὶ
1392 1855 1460 1912 τὰ
1488 1863 1716 1914 τοιαῦτα
1746 1859 1971 1930 νόμιμα,

285 1936 424 1997 καὶὸ
445 1940 548 2011 μὲν
565 1939 901 2011 πειθόμενος
918 1943 1056 1996 ἔστω
1071 1943 1264 2011 ’ζημίας
1283 1938 1451 2008 ἐκτός,
1474 1935 1503 1995 ὁ
1531 1938 1590 1995 δὲ
1619 1935 1873 1996 ἀπειθῶν
1894 1942 1976 1996 ἑνὶ

283 2025 398 2076 τῶν
433 2021 853 2093 νομοφυλάκων
894 2019 1005 2078 ὑπὸ
1044 2021 1273 2078 πάντων
1309 2020 1627 2093 ζημιούσθω
1663 2028 1731 2094 τῇ
1769 2023 1974 2095 δοξάσῃ

221 2111 254 2151 Β
284 2107 421 2156 πᾶσι
436 2107 600 2175 κοινῇ
618 2108 793 2177 ζημία.
830 2102 957 2160 ὅσαι
976 2103 1030 2160 δ’
1061 2103 1222 2160 ἄλλαι
1243 2108 1538 2175 γίγνονται
1565 2105 1690 2174 περὶ
1713 2105 1974 2176 τελευτή-

285 2198 488 2249 σαντας
505 2187 676 2254 ταφαὶ
700 2191 807 2241 εἴτε
825 2188 917 2242 καὶ
946 2185 1152 2257 ἄταφοι
1179 2183 1416 2256 πράξεις,
1447 2187 1572 2256 περὶ
1600 2186 1974 2258 πατροφόνων

281 2265 372 2320 καὶ
409 2266 719 2335 ἱεροσύλων
753 2268 846 2322 καὶ
873 2273 986 2323 τῶν
1014 2267 1287 2324 τοιούτων
1315 2268 1560 2338 πάντων,
1602 2271 1880 2341 εἰρημέναι
1913 2271 1973 2324 έν

280 2355 393 2410 τοῖς
412 2348 734 2416 ἔμπροσθεν
753 2358 963 2403 κεῖνται
983 2348 1072 2404 διὰ
1099 2347 1307 2419 νόμων,
1342 2347 1480 2404 ὥστε
1511 2348 1708 2418 σχεδὸν
1735 2348 1769 2418 ἡ
1798 2369 1970 2418 νομο-

278 2431 444 2482 θεσία
463 2430 615 2491 τέλος
634 2422 708 2482 ἂν
728 2424 1017 2504 ἡμΐνῃὲχοι·
1054 2434 1169 2483 τῶν
1193 2428 1421 2483 πάντων
1449 2427 1501 2482 δ’
1537 2427 1792 2483 ἑκάστοτε
1815 2433 1969 2494 τέλος

283 2506 352 2564 οὐ
371 2506 431 2564 τὸ
460 2512 664 2578 δρᾶσαί
675 2530 729 2565 τι
750 2507 949 2580 σχεδὸν
979 2506 1111 2566 ούδὲ
1139 2509 1200 2566 τὸ
1236 2511 1550 2582 κτήσασθαι
1579 2515 1884 2567 κατοικίσαι
1915 2510 1967 2566 τ’

280 2591 447 2658 ἐστίν,
484 2586 626 2646 ἀλλά
662 2596 740 2664 τῷ
768 2594 1099 2663 γεννηθέντι
1127 2596 1403 2663 σωτηρίαν
1440 2591 1736 2661 ἐξευρόντα
1773 2595 1968 2658 τελέως

279 2666 364 2725 ἀεὶ
377 2666 482 2725 τότ’
502 2668 608 2742 ἤδη
629 2674 871 2743 νομίζειν
889 2678 1002 2729 πᾶν
1018 2670 1155 2730 ὅσον
1167 2676 1275 2729 ἔδει
1290 2680 1610 2745 πραχθῆναι
1629 2679 1962 2746 πεπρᾶχθαι,

219 2765 251 2812 c
280 2752 553 2823 πρότερον
572 2752 625 2810 δ’
648 2752 831 2822 ἀτελὲς
855 2754 994 2813 εἶναι
1011 2755 1071 2813 τὸ
1097 2751 1244 2832 ὅλον.
