1976 3172
207 148 310 200 268
785 147 1263 195 ΠΛΑΤΩΝΟΣ

207 299 395 354 σηται,
401 281 663 354 βοτρύων
682 288 788 337 εἴτε
807 282 898 337 καὶ
917 280 1124 351 σύκων,
1143 281 1275 352 πρὶν
1295 283 1482 338 ἐλθεῖν
1500 280 1604 354 τὴν
1625 280 1777 351 ὤραν
1795 281 1897 353 τὴν

149 378 183 419 Ε
209 371 312 420 τοῦ
328 370 543 438 τρυγᾷν
561 362 855 436 ἀρκτούρῳ
876 363 1208 435 ξύνδρομον,
1225 361 1314 419 εἴτ’
1333 367 1393 420 έν
1411 376 1524 430 τοῖς
1543 362 1721 421 αὑτοῦ
1738 370 1897 435 χωρί-

209 469 289 511 οις
313 454 420 503 εἴτε
437 447 611 503 καὶέν
629 445 835 516 ἄλλων,
857 443 1008 517 ίεράς
1025 446 1126 517 μὲν
1150 444 1495 516 πεντήκοντα
1522 445 1788 517 ὀφειλέτω
1817 450 1897 518 τῷ

207 529 476 603 Διονύσῳ
513 528 777 599 δραχμάς,
808 527 907 583 ἐὰν
932 530 993 584 έκ
1022 533 1136 583 τῶν
1173 528 1377 584 ἑαυτοῦ
1406 532 1598 601 δρέπῃ,
1629 526 1727 584 ἐὰν
1757 523 1809 582 δ’
1838 529 1898 581 έκ

207 617 322 666 τῶν
341 610 632 681 γειτόνων,
653 615 822 680 μνᾶν,
846 607 948 665 ε’ἀν
967 606 1020 664 δ’
1043 611 1097 675 ἐξ
1118 607 1323 679 ἄλλων,
1345 609 1447 664 δύο
1467 612 1604 681 μέρη
1624 613 1722 680 τῆς
1738 612 1897 678 μνοῖς.

209 690 269 757 ὃς
290 690 338 747 δ’
363 687 435 747 ἀν
453 688 556 763 τὴν
572 696 838 761 γενναίαν
856 695 964 746 νῦν
983 692 1287 762 λεγομένην
1307 689 1599 761 σταφυλὴν
1617 686 1654 761 ἢ
1681 688 1748 745 τὰ
1768 710 1899 759 γεν-

208 785 337 829 ναῖα
355 779 499 843 σῦκα
519 771 968 842 ἐπονομαζόμενα
987 769 1275 848 ὀπωρίζειν
1292 770 1576 844 βούληται,
1597 768 1697 826 έάν
1716 770 1819 840 μὲν
1837 770 1899 824 ἐκ

208 860 322 909 τιόν
340 857 561 908 οἰκείων
582 852 857 924 λαμβάνῃ,
879 850 1030 915 ὅπως
1049 848 1121 906 ὄὶν
1141 856 1307 924 ἐθέλῃ
1336 856 1428 907 καὶ
1457 850 1667 908 ὁπόταν
1686 851 1899 923 βούλη-

207 955 296 990 ται
315 932 683 1005 καρπούσθω,
704 930 805 989 έάν
824 931 879 988 δ’
899 935 954 998 ἐξ
976 932 1163 987 ἄλλων
1187 931 1260 1003 μὴ
1295 938 1500 1003 πείσας,
1523 934 1802 1003 ἑπομένως
1821 935 1898 1002 τῷ
1924 926 1927 929 ’

89 1025 177 1074 845
207 1016 380 1089 νόμῳ,
400 1021 480 1089 τῷ
497 1013 571 1087 μὴ
595 1026 770 1071 κινεῖν
788 1013 820 1070 ὅ
839 1037 890 1070 τι
906 1014 980 1086 μὴ
1001 1016 1285 1085 κατέθετο,
1317 1016 1539 1079 ἐκείνως
1560 1010 1644 1070 ἀεὶ
1673 1012 1901 1085 ζημιού-
1971 1079 1976 1086 .

208 1106 333 1154 σθω
347 1120 358 1130 ·
397 1097 496 1153 ε’ἀν
516 1100 576 1153 δὲ
596 1095 664 1169 δὴ
688 1100 890 1162 δοῦλος
906 1097 981 1168 μὴ
1002 1100 1194 1162 πείσας
1212 1095 1312 1152 τὸν
1343 1097 1620 1167 δεσπότην
1648 1102 1761 1151 τῶν
1788 1116 1900 1166 χω-

207 1184 345 1251 ρίων
364 1178 606 1250 ἅπτηταί
617 1200 718 1235 του
736 1184 851 1235 τῶν
868 1178 1158 1250 τοιούτων,
1180 1178 1316 1235 κατὰ
1347 1181 1491 1251 ῥᾶγα
1520 1177 1780 1250 βοτρύων
1808 1176 1900 1231 καὶ

198 1269 388 1318 ’σῦκον
417 1269 592 1334 συκῆς
623 1267 958 1334 ἰσαρίθμους
988 1260 1202 1335 πληγὰς
1236 1261 1453 1327 τούτοις
1483 1258 1898 1334 μαστιγούσθω.

211 1347 463 1416 μέτοικος
480 1346 540 1402 δὲ
560 1342 882 1416 ωνούμενος
909 1343 1013 1416 τὴν
1033 1348 1298 1415 γενναίαν
1319 1341 1549 1414 ὀπώραν
1573 1341 1915 1413 ὀπωριζέτω,

209 1425 307 1482 έάν
324 1425 616 1499 βούληται·
658 1425 757 1483 ἐὰν
782 1426 842 1482 δε
860 1429 1014 1491 ξένος
1039 1425 1379 1497 ἐπιδημήσας
1405 1423 1629 1495 ὀπώρας
1652 1426 1899 1521 ἐπιθυμῇ

207 1521 408 1581 φαγεῖν
427 1508 897 1580 διαπορευόμενος
914 1507 1011 1573 τάς
1030 1504 1215 1578 ὁδούς,
1235 1514 1331 1578 τῆς
1348 1529 1450 1578 μεν
1466 1509 1726 1576 γενναίας
1746 1501 1900 1558 ἁπτέ-

208 1599 351 1660 σθω,
383 1589 484 1646 έάν
512 1590 797 1661 βούληται,
828 1587 963 1660 μεθ’
1004 1587 1128 1655 ἑνὸς
1167 1586 1494 1644 ἀκολούθου
1521 1587 1686 1657 χωρὶς
1704 1589 1899 1682 υτιμῆς,

145 1686 179 1727 Β
211 1677 359 1740 ξένια
390 1671 701 1743 δεχόμενος,
722 1677 817 1743 τῆς
837 1670 897 1727 δὲ
916 1669 1185 1742 ἀγροίκου
1202 1667 1501 1742 λεγομένης
1529 1670 1622 1724 καὶ
1648 1670 1763 1724 τιὸν
1785 1687 1902 1722 τοι-

207 1755 393 1812 ούτων
420 1751 449 1810 ὁ
484 1753 656 1825 νόμος
685 1756 908 1824 εἰργέτω
936 1751 1011 1825 μὴ
1041 1763 1334 1810 κοινωνεῖν
1362 1750 1497 1825 ἡμῖν
1524 1749 1656 1815 τοὺς
1684 1751 1900 1816 ξένους·

207 1835 308 1894 έάν
328 1841 389 1893 δέ
407 1858 489 1901 τις
508 1832 714 1906 ἀΐστωρ
732 1831 814 1891 (ὂν
829 1833 998 1901 αὐτὸς
1014 1858 1048 1907 η
1027 1831 1270 1900 ”δοῦλος
1292 1833 1515 1906 ἅψηται,
1533 1830 1634 1888 τὸν
1651 1833 1755 1902 μὲν
1775 1834 1900 1885 δοῦ-

206 1925 308 1975 λον
326 1925 560 1989 πληγαῖς
579 1917 848 1989 κολάζειν,
867 1915 967 1973 τὸν
986 1917 1046 1973 δὲ
1075 1916 1389 2016 ἐλεύθερον
1399 1914 1746 1994 ἀποπέμπειν
1763 1933 1902 1968 νου-

206 1999 523 2071 θετήσαντα
541 2001 634 2056 καὶ
652 1999 950 2080 διδάξαντα
967 2006 1063 2071 τῆς
1083 1997 1251 2071 άλλης
1267 1997 1492 2070 ὀπώρας
1510 1986 1786 2052 ἅπτεσθαι
1806 1998 1904 2066 τῆς

209 2087 285 2148 εἰς
314 2081 593 2140 ἀπόθεσιν
623 2077 932 2154 ὀσταφίδος
955 2089 1117 2138 οἴνου
1143 2102 1202 2137 τε
1222 2083 1313 2137 καὶ
1343 2082 1528 2152 ξηρῶν
1561 2077 1754 2134 σύκων
1771 2073 1903 2131 ἀνε-

208 2157 494 2236 πιτηδείου
512 2171 832 2236 κεκτῆσθαι.
872 2163 1052 2220 ἀπίων
1072 2165 1132 2220 δε
1156 2167 1281 2235 πέρι
1307 2165 1399 2219 καὶ
1426 2162 1620 2234 μήλων
1642 2162 1733 2216 καὶ
1753 2163 1904 2229 ροων

151 2264 181 2306 C
211 2250 303 2303 καὶ
323 2247 549 2304 πάντων
566 2255 681 2304 τῶν
699 2247 987 2319 τοιούτων,
1008 2247 1238 2318 αἰσχρὸν
1249 2244 1351 2318 μὲν
1361 2246 1534 2317 μηδὲν
1554 2249 1692 2300 ἔστω
1714 2240 1904 2313 λάθρᾳ
1974 2245 1976 2247 ’

210 2328 536 2400 λαμβάνειν,
557 2327 586 2384 ὁ
616 2329 676 2384 δὲ
706 2332 943 2399 ληφθεὶς
974 2330 1130 2394 έντός
1164 2327 1462 2399 τριάκοντα
1488 2330 1629 2382 ἐτῶν
1657 2320 1904 2394 γεγονώς

209 2415 504 2468 τυπτέσθω
529 2413 621 2466 καὶ
639 2408 942 2481 ἀμυνέσθω
962 2409 1100 2465 ἄνευ
1118 2409 1470 2479 τραυμάτων,
1495 2410 1656 2476 δίκην
1685 2401 1903 2459 δἐἶναι

211 2493 490 2564 ἐλευθέρῳ
519 2496 636 2547 τῶν
661 2490 932 2555 τοιούτων
942 2495 1180 2567 πληγῶν
1205 2491 1504 2560 μηδεμίαν·
1540 2487 1675 2559 ξένῳ
1709 2484 1768 2540 δε
1798 2506 1902 2539 κα-

209 2575 397 2645 θάπερ
431 2571 657 2645 ὀπώρας
688 2575 884 2640 ἐξέστω
911 2576 1004 2630 καὶ
1034 2594 1148 2628 των
1175 2568 1446 2627 τοιούτων
1473 2571 1706 2641 μέτοχον
1733 2564 1898 2622 εἶναι·

209 2659 309 2714 ἐὰν
348 2661 408 2714 δε
444 2658 819 2729 πρεσβύτερος
855 2679 937 2712 ων
967 2654 1203 2727 άπτηται
1227 2653 1462 2726 τούτων,
1493 2672 1696 2724 φαγων
1723 2646 1902 2705 αὐτοῦ
1958 2685 1966 2689 -

209 2743 302 2796 καὶ
320 2739 624 2811 ἀποφέρων
642 2742 835 2811 μηδέν,
854 2739 1113 2809 καθάπερ
1132 2735 1161 2795 ὁ
1181 2738 1334 2804 ξένος
1361 2734 1535 2807 ταύτῃ
1563 2735 1899 2791 κοινωνείτω

209 2827 325 2878 τῶν
361 2822 633 2879 τοιούτων
682 2820 979 2893 ἁπάντων,
1016 2819 1090 2893 μὴ
1139 2820 1474 2891 πειθόμενος
1517 2820 1581 2873 δὲ
1615 2821 1691 2890 τῷ
1740 2814 1896 2886 νόμῳ
