1976 3172
263 134 366 186 124
876 132 1351 181 ΠΛΑΤΩΝΟΣ
1398 130 1412 143 “

260 287 403 337 ματα
422 266 725 337 θεραπεύει
742 286 799 320 τε
819 265 910 321 καὶ
929 266 1225 332 ἐπισκοπεῖ,
1245 265 1336 320 καὶ
1363 268 1534 319 ταῦτα
1564 263 1822 330 ἐξετάζων
1841 262 1938 319 ἀπ’
1974 304 1976 306 -

261 346 430 419 ἀρχῆς
454 349 545 404 καὶ
582 347 721 404 κατὰ
759 347 952 417 φύσιν,
988 353 1064 420 τῷ
1098 346 1369 417 κάμνοντι
1397 346 1759 418 κοινούμενος
1790 344 1941 420 αὐτῷ

259 451 317 486 τε
337 430 430 484 καὶ
448 440 561 494 τοῖς
579 433 777 499 φίλοις,
798 427 913 499 ἅμα
942 426 1043 498 μὲν
1071 426 1236 493 αὐτὸς
1259 427 1536 499 μανθάνει
1570 449 1621 483 τι
1649 425 1797 499 παρὰ
1828 432 1942 483 τῶν
1968 418 1976 444 ³

259 511 601 582 νοσούντων,
621 510 733 581 ἅμα
754 513 831 581 δέ,
854 507 990 567 καθ’
1013 508 1151 566 ὅσον
1182 506 1297 575 οἷός
1325 508 1374 570 τ’
1402 512 1531 579 ἐστί,
1566 508 1814 565 διδάσκει
1842 508 1942 565 τὸν

259 589 615 648 ἀσθενοῦντα
633 591 827 661 αὐτόν,
852 593 944 648 καὶ
961 590 1030 648 οὐ
1060 592 1335 664 πρότερον
1361 594 1579 656 ἐπέταξε
1609 588 1795 662 πρὶν’
1771 589 1842 645 άν
1864 609 1966 662 πῃ

259 677 547 746 ξυμπείσῃ,
567 673 692 729 τότε
721 672 780 729 δε
815 693 949 744 μετα
978 679 1215 739 πειθοῦς
1236 670 1622 745 ἡμερούμενον
1650 671 1731 728 ἀεὶ
1759 690 1941 740 παρα-
1966 674 1976 727 ἓ

195 763 228 803 E
262 755 548 821 σκευάζων
566 752 667 810 τὸν
685 755 995 826 κάμνοντα,
1012 760 1087 820 εἰς
1103 753 1205 826 τὴν
1223 753 1438 824 ὑγίειαν
1464 753 1632 825 άγων,
1652 751 1941 808 αποτελεῖν
1968 772 1976 815 ε

1966 735 1976 768 ἱ

258 841 539 906 πειρᾶται;
576 836 815 904 πότερον
850 834 1028 900 οὕτως
1062 832 1098 905 ἢ
1121 839 1355 901 ,ἐκείνως
1391 836 1576 907 ἰατρός
1611 857 1668 890 τε
1706 833 1940 903 ἰώμενος
1969 866 1976 907 :³

257 914 501 987 ἀμείνων
519 918 610 972 καὶ
629 914 947 986 γυμναστὴς
965 917 1260 985 γυμνάζων
1274 938 1285 948 ·
1321 921 1443 989 διχῇ
1461 915 1566 988 τὴν
1589 923 1720 988 μίαν
1740 913 1941 971 άποτε-

258 1004 374 1068 λῶν
394 998 652 1068 δύναμιν,
676 993 714 1068 ἢ
734 1003 946 1068 μοναχῇ
966 999 1057 1052 καὶ
1077 997 1215 1053 κατὰ
1235 996 1297 1052 τὸ
1319 1009 1502 1067 χεῖρον
1520 1009 1639 1053 τοῖν
1659 1002 1818 1052 δυοῖν
1848 997 1938 1051 καὶ

260 1079 601 1151 ἀγριώτερον
619 1076 1086 1151 άπεργαζόμενος;

400 1167 520 1220 KA.
558 1161 718 1216 Πολύ
742 1180 854 1216 που
875 1164 1160 1231 διαφέρον,
1182 1153 1227 1215 «5
1247 1162 1384 1229 ξένε,
1405 1158 1466 1214 τὸ
1491 1162 1673 1230 διπλῇ.

399 1250 516 1300 ΑΘ.
556 1243 758 1300 Βούλει
778 1241 844 1314 δὴ
865 1245 957 1298 καὶ
973 1241 1314 1312 θεασώμεθα
1332 1239 1392 1298 τὸ
1415 1245 1651 1297 διπλοῦν
1669 1244 1831 1296 τοῦτο
1851 1239 1941 1294 καὶ

259 1325 526 1382 ἁπλοῦν’
499 1348 561 1382 εν
583 1337 700 1390 ταῖς
718 1330 1074 1395 νομοθεσίαις
1094 1321 1283 1389 αὐταις
1301 1323 1662 1393 γιγνόμενον;

396 1414 514 1471 ΚΛ.
551 1414 682 1472 Πως
699 1428 807 1477 γαρ
827 1403 897 1462 οὐ
913 1405 1213 1477 βούλομαι·
1201 1447 1214 1472 ,

395 1492 480 1545 XI.
518 1493 636 1586 ΑΘ.
676 1488 818 1557 Φέρε
839 1485 906 1557 δὴ
941 1484 1080 1557 πρὸς
1099 1492 1271 1556 θεων,
1302 1472 1408 1540 τίν’
1448 1483 1556 1553 άρα
1586 1502 1808 1553 πρωτον
1841 1481 1940 1538 νό-

256 1593 373 1642 μον
393 1568 533 1626 θειτ’
575 1565 647 1625 ἂν
677 1568 706 1625 ὁ
735 1570 1070 1640 νομοθέτης;
1096 1561 1184 1638 αρ’
1214 1565 1284 1622 οὐ
1315 1587 1454 1622 κατα
1485 1564 1660 1635 φύσιν
1686 1562 1788 1634 τὴν
1816 1563 1941 1633 περὶ

142 1662 225 1707 721
258 1654 525 1723 γενέσεως
544 1649 720 1722 άρχήν
740 1650 971 1722 πρώτην
995 1649 1212 1706 πόλεων
1239 1651 1365 1717 πέρι
1391 1644 1795 1716 κατακοσμήσει
1824 1654 1939 1710 ταῖς

256 1735 503 1800 τάξεσιν·
489 1777 505 1801 ,

398 1821 515 1871 KA.
557 1819 626 1869 Τί
640 1813 780 1884 μήν·
767 1855 780 1879 ,
915 1876 926 1881 -

397 1901 514 1951 ΑΘ.
550 1893 710 1994 Ἀρχὴ
742 1890 795 1948 δ’
828 1893 937 1948 ἐστὶ
957 1911 1070 1947 των
1090 1895 1361 1962 γενέσεων
1379 1891 1577 1954 πάσαις
1597 1887 1825 1944 πόλεσιν
1845 1880 1935 1958 ἆρ’

255 1977 360 2050 οὐχ
377 1976 409 2049 ἡ
430 1999 544 2033 των
562 1977 760 2047 γάμων
779 1975 1031 2046 σύμμιξις
1050 1975 1142 2030 καὶ
1163 1977 1451 2030 κοινωνία·
1440 2014 1453 2036 ,

398 2065 514 2117 ΚΛ.
553 2066 683 2123 Πως
701 2055 808 2129 γὰρ
829 2055 925 2123 ού;

396 2149 513 2198 ΑΘ.
550 2141 785 2211 Γαμικοὶ
807 2138 872 2209 δὴ
898 2122 1058 2208 νόμοι
1077 2139 1285 2207 πρῶτοι
1304 2132 1698 2189 κινδυνεύουσι
1716 2134 1938 2202 τιθέμε-
1962 2141 1976 2193 ,ἴς

191 2267 199 2272 -
256 2237 347 2282 νοι
361 2230 543 2288 καλῶς
563 2219 635 2280 ἂν
652 2229 913 2279 τίθεσθαι
930 2218 1069 2292 πρὸς
1090 2217 1372 2290 ὀρθότητα
1390 2217 1542 2288 πάσῃ
1560 2213 1730 2270 πόλει.

396 2311 517 2360 ΚΛ.
555 2304 884 2359 Παντάπασι
908 2325 1008 2372 μεν
1034 2295 1154 2357 οὖν.

397 2393 514 2442 ΑΘ.
556 2387 819 2454 Λέγωμεν
839 2381 905 2452 δὴ
924 2387 1146 2452 πρῶτον
1163 2379 1265 2435 τὸν
1283 2377 1516 2448 ἁπλοῦν,
1538 2381 1648 2446 ἔχοι
1668 2374 1771 2429 δ”
1735 2397 1807 2430 αν
1823 2394 1939 2439 πως
1972 2362 1976 2364 ‚

257 2475 389 2535 ἰσως
411 2461 541 2524 ω’δε·
566 2477 762 2538 γαμεῖν
783 2467 858 2536 δέ,
883 2461 1106 2520 ε’πειδαν
1131 2464 1270 2517 ε’των
1289 2453 1327 2532 ᾗ
1346 2481 1428 2523 τις
1446 2457 1759 2529 τριάκοντα,
1782 2461 1939 2528 μέχρι

184 2564 217 2605 Β
258 2557 395 2610 ἐτι-ὅν
416 2547 577 2608 πέντε
598 2550 687 2605 καὶ
706 2547 1021 2620 τριάκοντα,
1043 2549 1093 2601 εἰ
1121 2543 1179 2600 δε
1209 2542 1303 2615 μή,
1332 2546 1664 2614 ζημιοῦσθαι
1698 2540 1959 2618 χρήμασί

257 2657 315 2691 τε
338 2637 429 2691 καὶ
449 2634 652 2706 ἀτιμία,
670 2631 909 2703 χρήμασι
929 2629 1030 2701 μεν
1057 2628 1238 2693 τόσοις
1262 2628 1353 2683 καὶ
1380 2625 1577 2694 τόσοις,
1599 2630 1665 2695 τῇ
1685 2625 1775 2679 καὶ
1793 2628 1857 2696 τῇ
1880 2622 1938 2678 δε

256 2716 460 2792 ἀτιμία.
494 2712 523 2772 ὁ
547 2716 649 2787 μὲν
668 2712 878 2779 ἁπλοῦς
898 2716 1036 2769 ἔστω
1059 2733 1140 2777 τις
1167 2715 1418 2775 τοιοῦτος
1445 2711 1569 2780 περὶ
1593 2706 1803 2778 γάμων,
1826 2705 1855 2761 ὁ
1876 2704 1973 2781 61⁸÷

260 2803 489 2864 διπλοῦς
515 2796 638 2854 ὅδε·
676 2807 872 2869 γαμεῖν
895 2797 972 2867 δέ,
1011 2791 1234 2850 έπειδαν
1275 2795 1415 2849 ἐτῶν
1445 2785 1483 2864 ᾗ
1515 2811 1595 2856 τις
1621 2789 1963 2861 τριάκοντα,-
