<?xml version="1.0" encoding="UTF-8"?>
<!DOCTYPE html PUBLIC "-//W3C//DTD XHTML 1.0 Transitional//EN"
    "http://www.w3.org/TR/xhtml1/DTD/xhtml1-transitional.dtd">
<html xmlns="http://www.w3.org/1999/xhtml" xml:lang="en" lang="en">
 <head>
  <title>
</title>
<meta http-equiv="Content-Type" content="text/html;charset=utf-8" />
  <meta name='ocr-system' content='tesseract 3.04.00' />
  <meta name='ocr-capabilities' content='ocr_page ocr_carea ocr_par ocr_line ocrx_word'/>
</head>
<body>
  <div class='ocr_page' id='page_1' title='image "./dialogisecumdumt05platuoft_0158.png"; bbox 0 0 1976 3172; ppageno 0'>
   <div class='ocr_carea' id='block_1_1' title="bbox 265 128 1421 219">
    <p class='ocr_par' dir='ltr' id='par_1_1' title="bbox 265 128 1421 219">
     <span class='ocr_line' id='line_1_1' title="bbox 265 128 1421 219; baseline -0.009 0"><span class='ocrx_word' id='word_1_1' title='bbox 265 165 369 219; x_wconf 82' lang='lat'><strong><em>126</em></strong></span> <span class='ocrx_word' id='word_1_2' title='bbox 567 191 571 194; x_wconf 33' lang='lat' dir='ltr'>v</span> <span class='ocrx_word' id='word_1_3' title='bbox 879 163 1364 211; x_wconf 71' lang='grc' dir='ltr'><em>ΠΛΑΤΩΝΟΣ</em></span> <span class='ocrx_word' id='word_1_4' title='bbox 1409 128 1421 141; x_wconf 20' lang='grc' dir='ltr'>Χ</span> 
     </span>
    </p>
   </div>
   <div class='ocr_carea' id='block_1_2' title="bbox 163 291 1966 2915">
    <p class='ocr_par' dir='ltr' id='par_1_2' title="bbox 401 291 1949 369">
     <span class='ocr_line' id='line_1_2' title="bbox 401 291 1949 369; baseline -0.001 -14"><span class='ocrx_word' id='word_1_5' title='bbox 401 304 508 355; x_wconf 91' lang='lat' dir='ltr'><strong>XII.</strong></span> <span class='ocrx_word' id='word_1_6' title='bbox 546 304 668 361; x_wconf 62' lang='grc' dir='ltr'><strong><em>ΑΘ,</em></strong></span> <span class='ocrx_word' id='word_1_7' title='bbox 691 296 766 353; x_wconf 83' lang='grc' dir='ltr'><strong><em>Τὸ</em></strong></span> <span class='ocrx_word' id='word_1_8' title='bbox 788 296 891 367; x_wconf 72' lang='grc' dir='ltr'><strong><em>μὲν</em></strong></span> <span class='ocrx_word' id='word_1_9' title='bbox 907 291 1015 352; x_wconf 84' lang='grc' dir='ltr'><strong><em>οὖν</em></strong></span> <span class='ocrx_word' id='word_1_10' title='bbox 1033 298 1158 366; x_wconf 83' lang='grc' dir='ltr'><strong><em>περὶ</em></strong></span> <span class='ocrx_word' id='word_1_11' title='bbox 1181 301 1404 351; x_wconf 78' lang='grc' dir='ltr'><strong><em>πολλῶν</em></strong></span> <span class='ocrx_word' id='word_1_12' title='bbox 1421 291 1458 366; x_wconf 79' lang='grc' dir='ltr'><strong><em>ἦ</em></strong></span> <span class='ocrx_word' id='word_1_13' title='bbox 1478 294 1681 366; x_wconf 79' lang='grc' dir='ltr'><strong><em>ὀλίγων</em></strong></span> <span class='ocrx_word' id='word_1_14' title='bbox 1702 299 1949 369; x_wconf 81' lang='grc' dir='ltr'><strong><em>γραμμά-</em></strong></span> 
     </span>
    </p>

    <p class='ocr_par' dir='ltr' id='par_1_3' title="bbox 261 375 1950 452">
     <span class='ocr_line' id='line_1_3' title="bbox 261 375 1950 452; baseline -0.001 -15"><span class='ocrx_word' id='word_1_15' title='bbox 261 403 373 437; x_wconf 87' lang='grc' dir='ltr'><strong><em>των</em></strong></span> <span class='ocrx_word' id='word_1_16' title='bbox 391 380 735 452; x_wconf 86' lang='grc' dir='ltr'><strong><em>ποιήσασθαι</em></strong></span> <span class='ocrx_word' id='word_1_17' title='bbox 751 379 850 435; x_wconf 79' lang='grc' dir='ltr'><strong><em>τὸν</em></strong></span> <span class='ocrx_word' id='word_1_18' title='bbox 867 377 1039 449; x_wconf 89' lang='grc' dir='ltr'><strong><em>λόγον</em></strong></span> <span class='ocrx_word' id='word_1_19' title='bbox 1056 383 1180 434; x_wconf 86' lang='grc' dir='ltr'><strong><em>λίαν</em></strong></span> <span class='ocrx_word' id='word_1_20' title='bbox 1198 376 1400 448; x_wconf 78' lang='grc' dir='ltr'><strong><em>εὔηθες</em></strong></span> <span class='ocrx_word' id='word_1_21' title='bbox 1413 397 1426 411; x_wconf 87' lang='grc'><em>·</em></span> <span class='ocrx_word' id='word_1_22' title='bbox 1450 375 1517 432; x_wconf 80' lang='grc' dir='ltr'><strong><em>τὰ</em></strong></span> <span class='ocrx_word' id='word_1_23' title='bbox 1535 376 1644 449; x_wconf 75' lang='grc' dir='ltr'><strong><em>γὰρ</em></strong></span> <span class='ocrx_word' id='word_1_24' title='bbox 1664 377 1814 449; x_wconf 84' lang='grc' dir='ltr'><strong><em>οἶμαι</em></strong></span> <span class='ocrx_word' id='word_1_25' title='bbox 1833 383 1950 451; x_wconf 80' lang='grc' dir='ltr'><strong><em>βέλ-</em></strong></span> 
     </span>
    </p>

    <p class='ocr_par' dir='ltr' id='par_1_4' title="bbox 198 456 1950 535">
     <span class='ocr_line' id='line_1_4' title="bbox 198 456 1950 535; baseline -0.002 -15"><span class='ocrx_word' id='word_1_26' title='bbox 198 481 229 520; x_wconf 83' lang='grc' dir='ltr'><strong>Β</strong></span> <span class='ocrx_word' id='word_1_27' title='bbox 261 459 433 535; x_wconf 80' lang='grc' dir='ltr'><strong><em>τιστα,</em></strong></span> <span class='ocrx_word' id='word_1_28' title='bbox 467 459 591 522; x_wconf 81' lang='grc' dir='ltr'><strong><em>ἀλλ’</em></strong></span> <span class='ocrx_word' id='word_1_29' title='bbox 624 459 693 517; x_wconf 83' lang='grc' dir='ltr'><strong><em>οὐ</em></strong></span> <span class='ocrx_word' id='word_1_30' title='bbox 722 458 790 516; x_wconf 76' lang='grc' dir='ltr'><strong><em>τὰ</em></strong></span> <span class='ocrx_word' id='word_1_31' title='bbox 810 459 1124 533; x_wconf 80' lang='grc' dir='ltr'><em>βραχύτατα</em></span> <span class='ocrx_word' id='word_1_32' title='bbox 1147 457 1278 515; x_wconf 80' lang='grc' dir='ltr'><strong><em>οὐδὲ</em></strong></span> <span class='ocrx_word' id='word_1_33' title='bbox 1305 459 1370 514; x_wconf 82' lang='grc' dir='ltr'><strong><em>τὰ</em></strong></span> <span class='ocrx_word' id='word_1_34' title='bbox 1393 456 1540 530; x_wconf 84' lang='grc' dir='ltr'><strong><em>μήκη</em></strong></span> <span class='ocrx_word' id='word_1_35' title='bbox 1564 464 1843 531; x_wconf 81' lang='grc' dir='ltr'><strong><em>τιμητέον·</em></strong></span> <span class='ocrx_word' id='word_1_36' title='bbox 1882 462 1950 516; x_wconf 79' lang='grc' dir='ltr'><strong><em>τὰ</em></strong></span> 
     </span>
    </p>

    <p class='ocr_par' dir='ltr' id='par_1_5' title="bbox 261 538 1951 615">
     <span class='ocr_line' id='line_1_5' title="bbox 261 538 1951 615; baseline -0.002 -14"><span class='ocrx_word' id='word_1_37' title='bbox 261 543 318 601; x_wconf 86' lang='grc' dir='ltr'><strong><em>δ’</em></strong></span> <span class='ocrx_word' id='word_1_38' title='bbox 345 547 407 600; x_wconf 81' lang='grc' dir='ltr'><strong><em>ἐν</em></strong></span> <span class='ocrx_word' id='word_1_39' title='bbox 425 556 538 609; x_wconf 83' lang='grc' dir='ltr'><strong><em>τοῖς</em></strong></span> <span class='ocrx_word' id='word_1_40' title='bbox 558 549 667 600; x_wconf 87' lang='grc' dir='ltr'><strong><em>νῦν</em></strong></span> <span class='ocrx_word' id='word_1_41' title='bbox 688 544 755 614; x_wconf 81' lang='grc' dir='ltr'><strong><em>δή</em></strong></span> <span class='ocrx_word' id='word_1_42' title='bbox 785 541 977 613; x_wconf 91' lang='grc' dir='ltr'><strong><em>νόμοις</em></strong></span> <span class='ocrx_word' id='word_1_43' title='bbox 1005 544 1259 614; x_wconf 79' lang='grc' dir='ltr'><strong><em>ῥηθεῖσιν</em></strong></span> <span class='ocrx_word' id='word_1_44' title='bbox 1292 538 1362 596; x_wconf 81' lang='grc' dir='ltr'><strong><em>οὐ</em></strong></span> <span class='ocrx_word' id='word_1_45' title='bbox 1391 544 1566 615; x_wconf 75' lang='grc' dir='ltr'><strong><em>διπλῷ</em></strong></span> <span class='ocrx_word' id='word_1_46' title='bbox 1595 542 1810 613; x_wconf 79' lang='grc' dir='ltr'><em>θάτερα</em></span> <span class='ocrx_word' id='word_1_47' title='bbox 1838 548 1951 598; x_wconf 76' lang='grc' dir='ltr'><strong><em>τῶν</em></strong></span> 
     </span>
    </p>

    <p class='ocr_par' dir='ltr' id='par_1_6' title="bbox 259 618 1951 701">
     <span class='ocr_line' id='line_1_6' title="bbox 259 618 1951 701; baseline -0.002 -17"><span class='ocrx_word' id='word_1_48' title='bbox 259 630 463 701; x_wconf 78' lang='grc' dir='ltr'><strong><em>ἑτέρων</em></strong></span> <span class='ocrx_word' id='word_1_49' title='bbox 484 627 727 698; x_wconf 81' lang='grc' dir='ltr'><strong><em>διάφορα</em></strong></span> <span class='ocrx_word' id='word_1_50' title='bbox 757 625 937 697; x_wconf 85' lang='grc' dir='ltr'><strong><em>μόνον</em></strong></span> <span class='ocrx_word' id='word_1_51' title='bbox 968 628 1044 689; x_wconf 76' lang='grc' dir='ltr'><strong><em>εἰς</em></strong></span> <span class='ocrx_word' id='word_1_52' title='bbox 1072 621 1276 695; x_wconf 76' lang='grc' dir='ltr'><strong><em>ἀρετὴν</em></strong></span> <span class='ocrx_word' id='word_1_53' title='bbox 1305 629 1401 694; x_wconf 81' lang='grc' dir='ltr'><strong><em>τῆς</em></strong></span> <span class='ocrx_word' id='word_1_54' title='bbox 1427 629 1626 696; x_wconf 83' lang='grc' dir='ltr'><em>χρείας,</em></span> <span class='ocrx_word' id='word_1_55' title='bbox 1657 618 1783 681; x_wconf 73' lang='grc' dir='ltr'><strong><em>ἀλλ’</em></strong></span> <span class='ocrx_word' id='word_1_56' title='bbox 1813 622 1951 697; x_wconf 83' lang='grc' dir='ltr'><strong><em>ὅπερ</em></strong></span> 
     </span>
    </p>

    <p class='ocr_par' dir='ltr' id='par_1_7' title="bbox 259 705 1951 782">
     <span class='ocr_line' id='line_1_7' title="bbox 259 705 1951 782; baseline -0.003 -15"><span class='ocrx_word' id='word_1_57' title='bbox 259 708 474 782; x_wconf 82' lang='grc' dir='ltr'><strong><em>ἐρρήθη</em></strong></span> <span class='ocrx_word' id='word_1_58' title='bbox 509 715 620 766; x_wconf 82' lang='grc' dir='ltr'><strong><em>νῦν</em></strong></span> <span class='ocrx_word' id='word_1_59' title='bbox 656 708 743 780; x_wconf 86' lang='grc' dir='ltr'><strong><em>δή,</em></strong></span> <span class='ocrx_word' id='word_1_60' title='bbox 781 707 842 763; x_wconf 83' lang='grc' dir='ltr'><strong><em>τὸ</em></strong></span> <span class='ocrx_word' id='word_1_61' title='bbox 874 713 987 763; x_wconf 75' lang='grc' dir='ltr'><strong><em>τῶν</em></strong></span> <span class='ocrx_word' id='word_1_62' title='bbox 1018 711 1218 763; x_wconf 73' lang='grc' dir='ltr'><strong><em>διττῶν</em></strong></span> <span class='ocrx_word' id='word_1_63' title='bbox 1246 710 1454 776; x_wconf 76' lang='grc' dir='ltr'><em>ἰατρῶν</em></span> <span class='ocrx_word' id='word_1_64' title='bbox 1482 709 1643 776; x_wconf 86' lang='grc' dir='ltr'><strong><em>γένος</em></strong></span> <span class='ocrx_word' id='word_1_65' title='bbox 1672 705 1951 777; x_wconf 89' lang='grc' dir='ltr'><strong><em>ὀρθότατα</em></strong></span> 
     </span>
    </p>

    <p class='ocr_par' dir='ltr' id='par_1_8' title="bbox 258 787 1951 864">
     <span class='ocr_line' id='line_1_8' title="bbox 258 787 1951 864; baseline -0.004 -15"><span class='ocrx_word' id='word_1_66' title='bbox 258 795 553 864; x_wconf 87' lang='grc' dir='ltr'><strong><em>παρετέθη.</em></strong></span> <span class='ocrx_word' id='word_1_67' title='bbox 593 791 733 862; x_wconf 86' lang='grc' dir='ltr'><strong><em>πρὸς</em></strong></span> <span class='ocrx_word' id='word_1_68' title='bbox 762 790 942 863; x_wconf 80' lang='grc' dir='ltr'><strong><em>τούτω</em></strong></span> <span class='ocrx_word' id='word_1_69' title='bbox 971 789 1031 846; x_wconf 75' lang='grc' dir='ltr'><strong><em>δὲ</em></strong></span> <span class='ocrx_word' id='word_1_70' title='bbox 1050 787 1232 854; x_wconf 82' lang='grc' dir='ltr'><strong><em>οὐδεὶς</em></strong></span> <span class='ocrx_word' id='word_1_71' title='bbox 1257 793 1402 845; x_wconf 82' lang='grc' dir='ltr'><strong><em>ἔοικε</em></strong></span> <span class='ocrx_word' id='word_1_72' title='bbox 1431 792 1803 859; x_wconf 85' lang='grc' dir='ltr'><strong><em>διανοηθῆναι</em></strong></span> <span class='ocrx_word' id='word_1_73' title='bbox 1831 788 1951 843; x_wconf 90' lang='grc' dir='ltr'><strong><em>πω’-</em></strong></span> 
     </span>
    </p>

    <p class='ocr_par' dir='ltr' id='par_1_9' title="bbox 259 867 1952 942">
     <span class='ocr_line' id='line_1_9' title="bbox 259 867 1952 942; baseline -0.003 -13"><span class='ocrx_word' id='word_1_74' title='bbox 259 894 394 929; x_wconf 90' lang='grc' dir='ltr'><strong><em>ποτε</em></strong></span> <span class='ocrx_word' id='word_1_75' title='bbox 424 879 539 928; x_wconf 74' lang='grc' dir='ltr'><strong><em>τῶν</em></strong></span> <span class='ocrx_word' id='word_1_76' title='bbox 574 878 920 942; x_wconf 75' lang='grc' dir='ltr'><strong><em>νομοθετῶν,</em></strong></span> <span class='ocrx_word' id='word_1_77' title='bbox 959 869 1032 934; x_wconf 75' lang='grc' dir='ltr'><strong><em>ὥς</em></strong></span> <span class='ocrx_word' id='word_1_78' title='bbox 1069 869 1194 936; x_wconf 83' lang='grc' dir='ltr'><strong><em>ἐξὸν</em></strong></span> <span class='ocrx_word' id='word_1_79' title='bbox 1228 874 1389 925; x_wconf 82' lang='grc' dir='ltr'><strong><em>δυοῖν</em></strong></span> <span class='ocrx_word' id='word_1_80' title='bbox 1415 876 1657 939; x_wconf 85' lang='grc' dir='ltr'><strong><em>χρῆσθαι</em></strong></span> <span class='ocrx_word' id='word_1_81' title='bbox 1691 868 1830 937; x_wconf 82' lang='grc' dir='ltr'><strong><em>πρὸς</em></strong></span> <span class='ocrx_word' id='word_1_82' title='bbox 1856 867 1952 933; x_wconf 79' lang='grc' dir='ltr'><strong><em>τὰς</em></strong></span> 
     </span>
    </p>

    <p class='ocr_par' dir='ltr' id='par_1_10' title="bbox 163 945 1951 1025">
     <span class='ocr_line' id='line_1_10' title="bbox 163 945 1951 1025; baseline -0.004 -14"><span class='ocrx_word' id='word_1_83' title='bbox 163 954 166 958; x_wconf 66' lang='grc'><strong>’</strong></span> <span class='ocrx_word' id='word_1_84' title='bbox 259 958 613 1025; x_wconf 79' lang='grc' dir='ltr'><strong><em>νομοθεσίας,</em></strong></span> <span class='ocrx_word' id='word_1_85' title='bbox 651 961 845 1008; x_wconf 86' lang='grc' dir='ltr'><strong><em>πειθοῖ</em></strong></span> <span class='ocrx_word' id='word_1_86' title='bbox 867 952 960 1007; x_wconf 89' lang='grc' dir='ltr'><strong><em>καὶ</em></strong></span> <span class='ocrx_word' id='word_1_87' title='bbox 995 955 1108 1023; x_wconf 77' lang='grc' dir='ltr'><strong><em>βίᾳ,</em></strong></span> <span class='ocrx_word' id='word_1_88' title='bbox 1146 947 1281 1005; x_wconf 88' lang='grc' dir='ltr'><strong><em>καθ’</em></strong></span> <span class='ocrx_word' id='word_1_89' title='bbox 1322 947 1459 1005; x_wconf 82' lang='grc' dir='ltr'><strong><em>ὅσον</em></strong></span> <span class='ocrx_word' id='word_1_90' title='bbox 1489 945 1613 1005; x_wconf 85' lang='grc' dir='ltr'><strong><em>οἷόν</em></strong></span> <span class='ocrx_word' id='word_1_91' title='bbox 1641 970 1700 1005; x_wconf 89' lang='grc' dir='ltr'><strong><em>τε</em></strong></span> <span class='ocrx_word' id='word_1_92' title='bbox 1735 951 1823 1006; x_wconf 82' lang='grc' dir='ltr'><strong><em>ἐπὶ</em></strong></span> <span class='ocrx_word' id='word_1_93' title='bbox 1851 948 1951 1005; x_wconf 82' lang='grc' dir='ltr'><strong><em>τὸν</em></strong></span> 
     </span>
    </p>

    <p class='ocr_par' dir='ltr' id='par_1_11' title="bbox 260 1032 1949 1108">
     <span class='ocr_line' id='line_1_11' title="bbox 260 1032 1949 1108; baseline -0.004 -14"><span class='ocrx_word' id='word_1_94' title='bbox 260 1038 494 1108; x_wconf 72' lang='grc' dir='ltr'><strong><em>ἄπειρον</em></strong></span> <span class='ocrx_word' id='word_1_95' title='bbox 516 1041 763 1100; x_wconf 81' lang='grc' dir='ltr'><em>παιδείας</em></span> <span class='ocrx_word' id='word_1_96' title='bbox 781 1033 950 1106; x_wconf 81' lang='grc' dir='ltr'><strong><em>ὄχλον</em></strong></span> <span class='ocrx_word' id='word_1_97' title='bbox 967 1041 1046 1108; x_wconf 77' lang='grc' dir='ltr'><strong><em>τῷ</em></strong></span> <span class='ocrx_word' id='word_1_98' title='bbox 1066 1035 1230 1107; x_wconf 81' lang='grc' dir='ltr'><em>ἑτέρῳ</em></span> <span class='ocrx_word' id='word_1_99' title='bbox 1253 1040 1493 1105; x_wconf 74' lang='grc' dir='ltr'><strong><em>χρῶνται</em></strong></span> <span class='ocrx_word' id='word_1_100' title='bbox 1509 1034 1708 1105; x_wconf 89' lang='grc' dir='ltr'><strong><em>μόνον·</em></strong></span> <span class='ocrx_word' id='word_1_101' title='bbox 1747 1032 1817 1089; x_wconf 82' lang='grc' dir='ltr'><strong><em>οὐ</em></strong></span> <span class='ocrx_word' id='word_1_102' title='bbox 1841 1033 1949 1104; x_wconf 83' lang='grc' dir='ltr'><strong><em>γὰρ</em></strong></span> 
     </span>
    </p>

    <p class='ocr_par' dir='ltr' id='par_1_12' title="bbox 196 1113 1951 1189">
     <span class='ocr_line' id='line_1_12' title="bbox 196 1113 1951 1189; baseline -0.005 -12"><span class='ocrx_word' id='word_1_103' title='bbox 196 1128 226 1170; x_wconf 88' lang='lat' dir='ltr'>C</span> <span class='ocrx_word' id='word_1_104' title='bbox 262 1129 452 1177; x_wconf 82' lang='grc' dir='ltr'><strong><em>πειθοῖ</em></strong></span> <span class='ocrx_word' id='word_1_105' title='bbox 471 1117 845 1189; x_wconf 82' lang='grc' dir='ltr'><strong><em>κεραννύντες</em></strong></span> <span class='ocrx_word' id='word_1_106' title='bbox 867 1115 968 1188; x_wconf 85' lang='grc' dir='ltr'><strong><em>τὴν</em></strong></span> <span class='ocrx_word' id='word_1_107' title='bbox 989 1114 1166 1189; x_wconf 71' lang='grc' dir='ltr'><strong><em>ἀρχὴν</em></strong></span> <span class='ocrx_word' id='word_1_108' title='bbox 1183 1121 1608 1187; x_wconf 82' lang='grc' dir='ltr'><strong><em>νομοθετοῦσιν,</em></strong></span> <span class='ocrx_word' id='word_1_109' title='bbox 1630 1113 1753 1171; x_wconf 77' lang='grc' dir='ltr'><strong><em>ἀλλ’</em></strong></span> <span class='ocrx_word' id='word_1_110' title='bbox 1776 1113 1951 1186; x_wconf 76' lang='grc' dir='ltr'><strong><em>ἀκρά-</em></strong></span> 
     </span>
    </p>

    <p class='ocr_par' dir='ltr' id='par_1_13' title="bbox 258 1191 1952 1276">
     <span class='ocr_line' id='line_1_13' title="bbox 258 1191 1952 1276; baseline -0.004 -17"><span class='ocrx_word' id='word_1_111' title='bbox 258 1225 334 1276; x_wconf 79' lang='grc' dir='ltr'><strong><em>τῳ</em></strong></span> <span class='ocrx_word' id='word_1_112' title='bbox 376 1201 556 1273; x_wconf 86' lang='grc' dir='ltr'><strong><em>μόνον</em></strong></span> <span class='ocrx_word' id='word_1_113' title='bbox 590 1206 657 1272; x_wconf 84' lang='grc' dir='ltr'><strong><em>τῇ</em></strong></span> <span class='ocrx_word' id='word_1_114' title='bbox 696 1204 804 1275; x_wconf 79' lang='grc' dir='ltr'><strong><em>βία.</em></strong></span> <span class='ocrx_word' id='word_1_115' title='bbox 855 1199 961 1270; x_wconf 72' lang='grc' dir='ltr'><strong><em>ἐγώ</em></strong></span> <span class='ocrx_word' id='word_1_116' title='bbox 1003 1202 1079 1270; x_wconf 87' lang='grc' dir='ltr'><strong><em>δέ,</em></strong></span> <span class='ocrx_word' id='word_1_117' title='bbox 1118 1191 1162 1254; x_wconf 76' lang='grc' dir='ltr'><em>ὦ</em></span> <span class='ocrx_word' id='word_1_118' title='bbox 1200 1198 1478 1270; x_wconf 75' lang='grc' dir='ltr'><strong><em>μακάριοι,</em></strong></span> <span class='ocrx_word' id='word_1_119' title='bbox 1522 1199 1614 1253; x_wconf 83' lang='grc' dir='ltr'><strong><em>καὶ</em></strong></span> <span class='ocrx_word' id='word_1_120' title='bbox 1647 1202 1834 1266; x_wconf 88' lang='grc' dir='ltr'><strong><em>τρίτον</em></strong></span> <span class='ocrx_word' id='word_1_121' title='bbox 1874 1201 1952 1252; x_wconf 76' lang='grc' dir='ltr'><strong><em>ἔτι</em></strong></span> 
     </span>
    </p>

    <p class='ocr_par' dir='ltr' id='par_1_14' title="bbox 258 1277 1952 1438">
     <span class='ocr_line' id='line_1_14' title="bbox 259 1277 1952 1354; baseline -0.003 -14"><span class='ocrx_word' id='word_1_122' title='bbox 259 1288 384 1354; x_wconf 80' lang='grc' dir='ltr'><strong><em>περὶ</em></strong></span> <span class='ocrx_word' id='word_1_123' title='bbox 403 1284 534 1349; x_wconf 80' lang='grc' dir='ltr'><strong><em>τοὺς</em></strong></span> <span class='ocrx_word' id='word_1_124' title='bbox 554 1283 766 1354; x_wconf 84' lang='grc' dir='ltr'><strong><em>νόμους</em></strong></span> <span class='ocrx_word' id='word_1_125' title='bbox 786 1279 902 1353; x_wconf 75' lang='grc' dir='ltr'><strong><em>ὁρῶ</em></strong></span> <span class='ocrx_word' id='word_1_126' title='bbox 920 1285 1212 1352; x_wconf 86' lang='grc' dir='ltr'><strong><em>γίγνεσθαι</em></strong></span> <span class='ocrx_word' id='word_1_127' title='bbox 1231 1282 1378 1351; x_wconf 89' lang='grc' dir='ltr'><strong><em>δέον,</em></strong></span> <span class='ocrx_word' id='word_1_128' title='bbox 1410 1278 1630 1352; x_wconf 82' lang='grc' dir='ltr'><strong><em>οὐδαμῇ</em></strong></span> <span class='ocrx_word' id='word_1_129' title='bbox 1648 1277 1715 1336; x_wconf 80' lang='grc' dir='ltr'><strong><em>τὰ</em></strong></span> <span class='ocrx_word' id='word_1_130' title='bbox 1736 1285 1846 1336; x_wconf 89' lang='grc' dir='ltr'><strong><em>νῦν</em></strong></span> <span class='ocrx_word' id='word_1_131' title='bbox 1864 1301 1952 1350; x_wconf 88' lang='grc' dir='ltr'><strong><em>γι·-</em></strong></span> 
     </span>
     <span class='ocr_line' id='line_1_15' title="bbox 258 1366 552 1438; baseline -0.01 -15"><span class='ocrx_word' id='word_1_132' title='bbox 258 1366 552 1438; x_wconf 91' lang='grc' dir='ltr'><strong><em>γνόμενον.</em></strong></span> 
     </span>
    </p>

    <p class='ocr_par' dir='ltr' id='par_1_15' title="bbox 399 1445 1128 1516">
     <span class='ocr_line' id='line_1_16' title="bbox 399 1445 1128 1516; baseline -0.005 -12"><span class='ocrx_word' id='word_1_133' title='bbox 399 1455 518 1504; x_wconf 86' lang='lat' dir='ltr'><strong><em>KA.</em></strong></span> <span class='ocrx_word' id='word_1_134' title='bbox 563 1447 638 1504; x_wconf 86' lang='grc' dir='ltr'><strong><em>Τὸ</em></strong></span> <span class='ocrx_word' id='word_1_135' title='bbox 660 1458 821 1502; x_wconf 89' lang='grc' dir='ltr'><strong><em>ποῖον</em></strong></span> <span class='ocrx_word' id='word_1_136' title='bbox 841 1445 908 1516; x_wconf 87' lang='grc' dir='ltr'><strong><em>δὴ</em></strong></span> <span class='ocrx_word' id='word_1_137' title='bbox 928 1447 1128 1515; x_wconf 84' lang='grc' dir='ltr'><strong><em>λέγεις;</em></strong></span> 
     </span>
    </p>

    <p class='ocr_par' dir='ltr' id='par_1_16' title="bbox 258 1520 1953 1851">
     <span class='ocr_line' id='line_1_17' title="bbox 401 1520 1950 1597; baseline -0.005 -10"><span class='ocrx_word' id='word_1_138' title='bbox 401 1538 519 1588; x_wconf 83' lang='grc' dir='ltr'><strong><em>ΑΘ.</em></strong></span> <span class='ocrx_word' id='word_1_139' title='bbox 551 1529 637 1596; x_wconf 83' lang='grc' dir='ltr'><strong><em>Ἐξ</em></strong></span> <span class='ocrx_word' id='word_1_140' title='bbox 656 1527 845 1584; x_wconf 75' lang='grc' dir='ltr'><em>αὐτῶν</em></span> <span class='ocrx_word' id='word_1_141' title='bbox 865 1520 947 1583; x_wconf 75' lang='grc' dir='ltr'><strong><em>ὦν</em></strong></span> <span class='ocrx_word' id='word_1_142' title='bbox 975 1534 1084 1583; x_wconf 85' lang='grc' dir='ltr'><strong><em>νῦν</em></strong></span> <span class='ocrx_word' id='word_1_143' title='bbox 1111 1528 1460 1597; x_wconf 79' lang='grc' dir='ltr'><strong><em>διειλέγμεθα</em></strong></span> <span class='ocrx_word' id='word_1_144' title='bbox 1479 1523 1631 1596; x_wconf 80' lang='grc' dir='ltr'><em>ἡμεῖς</em></span> <span class='ocrx_word' id='word_1_145' title='bbox 1650 1524 1788 1580; x_wconf 82' lang='grc' dir='ltr'><strong><em>κατὰ</em></strong></span> <span class='ocrx_word' id='word_1_146' title='bbox 1809 1524 1950 1579; x_wconf 92' lang='grc' dir='ltr'><strong><em>θεόν</em></strong></span> 
     </span>
     <span class='ocr_line' id='line_1_18' title="bbox 258 1604 1952 1683; baseline -0.005 -14"><span class='ocrx_word' id='word_1_147' title='bbox 258 1612 647 1683; x_wconf 69' lang='grc' dir='ltr'><strong><em>τινα’γεγονός.</em></strong></span> <span class='ocrx_word' id='word_1_148' title='bbox 690 1609 888 1681; x_wconf 85' lang='grc' dir='ltr'><strong><em>σχεδὸν</em></strong></span> <span class='ocrx_word' id='word_1_149' title='bbox 905 1609 1012 1680; x_wconf 81' lang='grc' dir='ltr'><strong><em>γὰρ</em></strong></span> <span class='ocrx_word' id='word_1_150' title='bbox 1030 1611 1097 1675; x_wconf 63' lang='grc' dir='ltr'><strong><em>’ἐξ</em></strong></span> <span class='ocrx_word' id='word_1_151' title='bbox 1127 1608 1268 1664; x_wconf 82' lang='grc' dir='ltr'><strong><em>ὅσου</em></strong></span> <span class='ocrx_word' id='word_1_152' title='bbox 1297 1609 1424 1678; x_wconf 84' lang='grc' dir='ltr'><strong><em>περὶ</em></strong></span> <span class='ocrx_word' id='word_1_153' title='bbox 1450 1612 1565 1663; x_wconf 79' lang='grc' dir='ltr'><strong><em>τῶν</em></strong></span> <span class='ocrx_word' id='word_1_154' title='bbox 1590 1606 1784 1677; x_wconf 89' lang='grc' dir='ltr'><strong><em>νόμων</em></strong></span> <span class='ocrx_word' id='word_1_155' title='bbox 1810 1604 1952 1677; x_wconf 85' lang='grc' dir='ltr'><strong><em>ἤργ-</em></strong></span> 
     </span>
     <span class='ocr_line' id='line_1_19' title="bbox 259 1687 1952 1767; baseline -0.005 -16"><span class='ocrx_word' id='word_1_156' title='bbox 259 1703 408 1767; x_wconf 87' lang='grc' dir='ltr'><strong><em>μεθα</em></strong></span> <span class='ocrx_word' id='word_1_157' title='bbox 429 1695 624 1765; x_wconf 86' lang='grc' dir='ltr'><strong><em>λέγειν,</em></strong></span> <span class='ocrx_word' id='word_1_158' title='bbox 647 1696 699 1759; x_wconf 83' lang='grc' dir='ltr'><strong><em>ἐξ</em></strong></span> <span class='ocrx_word' id='word_1_159' title='bbox 719 1694 962 1749; x_wconf 80' lang='grc' dir='ltr'><strong><em>ἑωθινοῦ</em></strong></span> <span class='ocrx_word' id='word_1_160' title='bbox 983 1694 1292 1763; x_wconf 84' lang='grc' dir='ltr'><strong><em>μεσημβρία</em></strong></span> <span class='ocrx_word' id='word_1_161' title='bbox 1313 1710 1371 1747; x_wconf 92' lang='grc' dir='ltr'><strong><em>τε</em></strong></span> <span class='ocrx_word' id='word_1_162' title='bbox 1387 1691 1582 1760; x_wconf 89' lang='grc' dir='ltr'><strong><em>γέγονε</em></strong></span> <span class='ocrx_word' id='word_1_163' title='bbox 1595 1690 1760 1745; x_wconf 84' lang='grc' dir='ltr'><strong><em>καὶέν</em></strong></span> <span class='ocrx_word' id='word_1_164' title='bbox 1777 1687 1952 1760; x_wconf 82' lang='grc' dir='ltr'><em>ταύτῃ</em></span> 
     </span>
     <span class='ocr_line' id='line_1_20' title="bbox 259 1766 1953 1851; baseline -0.005 -19"><span class='ocrx_word' id='word_1_165' title='bbox 259 1776 520 1851; x_wconf 81' lang='grc' dir='ltr'><strong><em>παγκάλῃ</em></strong></span> <span class='ocrx_word' id='word_1_166' title='bbox 555 1773 852 1846; x_wconf 77' lang='grc' dir='ltr'><strong><em>ἀναπαύλῃ</em></strong></span> <span class='ocrx_word' id='word_1_167' title='bbox 875 1776 982 1830; x_wconf 89' lang='grc' dir='ltr'><strong><em>τινὶ</em></strong></span> <span class='ocrx_word' id='word_1_168' title='bbox 1018 1773 1344 1845; x_wconf 87' lang='grc' dir='ltr'><strong><em>γεγόναμεν,</em></strong></span> <span class='ocrx_word' id='word_1_169' title='bbox 1383 1768 1712 1828; x_wconf 79' lang='grc' dir='ltr'><strong><em>οὐδὲν·ἆλλ’</em></strong></span> <span class='ocrx_word' id='word_1_170' title='bbox 1753 1766 1790 1841; x_wconf 78' lang='grc' dir='ltr'><strong><em>ἢ</em></strong></span> <span class='ocrx_word' id='word_1_171' title='bbox 1828 1769 1953 1838; x_wconf 82' lang='grc' dir='ltr'><strong><em>περὶ</em></strong></span> 
     </span>
    </p>

    <p class='ocr_par' dir='ltr' id='par_1_17' title="bbox 174 1854 1963 2505">
     <span class='ocr_line' id='line_1_21' title="bbox 174 1854 1952 1930; baseline -0.007 -13"><span class='ocrx_word' id='word_1_172' title='bbox 174 1881 186 1888; x_wconf 95' lang='grc'>·</span> <span class='ocrx_word' id='word_1_173' title='bbox 201 1862 237 1903; x_wconf 84' lang='lat' dir='ltr'>D</span> <span class='ocrx_word' id='word_1_174' title='bbox 260 1858 454 1930; x_wconf 86' lang='grc' dir='ltr'><strong><em>νόμων</em></strong></span> <span class='ocrx_word' id='word_1_175' title='bbox 480 1856 879 1928; x_wconf 83' lang='grc' dir='ltr'><strong><em>διαλεγόμενοι,</em></strong></span> <span class='ocrx_word' id='word_1_176' title='bbox 903 1855 1112 1926; x_wconf 84' lang='grc' dir='ltr'><strong><em>νόμους</em></strong></span> <span class='ocrx_word' id='word_1_177' title='bbox 1131 1855 1190 1911; x_wconf 80' lang='grc' dir='ltr'><strong><em>δὲ</em></strong></span> <span class='ocrx_word' id='word_1_178' title='bbox 1209 1854 1333 1926; x_wconf 78' lang='grc' dir='ltr'><strong><em>ἄρτι</em></strong></span> <span class='ocrx_word' id='word_1_179' title='bbox 1351 1875 1451 1925; x_wconf 92' lang='grc' dir='ltr'><strong><em>μοι·</em></strong></span> <span class='ocrx_word' id='word_1_180' title='bbox 1465 1858 1743 1923; x_wconf 83' lang='grc' dir='ltr'><strong><em>δοκοῦμεν</em></strong></span> <span class='ocrx_word' id='word_1_181' title='bbox 1770 1854 1952 1921; x_wconf 89' lang='grc' dir='ltr'><strong><em>λέγειν</em></strong></span> 
     </span>
     <span class='ocr_line' id='line_1_22' title="bbox 261 1931 1951 2014; baseline -0.006 -17"><span class='ocrx_word' id='word_1_182' title='bbox 261 1940 549 2014; x_wconf 78' lang='grc' dir='ltr'><strong><em>ἄρχεσθαι,</em></strong></span> <span class='ocrx_word' id='word_1_183' title='bbox 568 1938 635 1995; x_wconf 81' lang='grc' dir='ltr'><strong><em>τὰ</em></strong></span> <span class='ocrx_word' id='word_1_184' title='bbox 659 1936 710 1994; x_wconf 88' lang='grc' dir='ltr'><strong><em>δ’</em></strong></span> <span class='ocrx_word' id='word_1_185' title='bbox 746 1943 1066 2011; x_wconf 81' lang='grc' dir='ltr'><strong><em>ἔμπροσθεν</em></strong></span> <span class='ocrx_word' id='word_1_186' title='bbox 1093 1931 1167 2008; x_wconf 81' lang='grc' dir='ltr'><strong><em>ἦν</em></strong></span> <span class='ocrx_word' id='word_1_187' title='bbox 1192 1936 1373 1992; x_wconf 80' lang='grc' dir='ltr'><strong><em>πάντα</em></strong></span> <span class='ocrx_word' id='word_1_188' title='bbox 1401 1932 1534 2008; x_wconf 82' lang='grc' dir='ltr'><strong><em>ἡμῖν</em></strong></span> <span class='ocrx_word' id='word_1_189' title='bbox 1561 1938 1822 2006; x_wconf 79' lang='grc' dir='ltr'><strong><em>προοίμια</em></strong></span> <span class='ocrx_word' id='word_1_190' title='bbox 1854 1931 1951 1988; x_wconf 86' lang='grc' dir='ltr'><strong><em>νό-</em></strong></span> 
     </span>
     <span class='ocr_line' id='line_1_23' title="bbox 261 2014 1953 2097; baseline -0.007 -17"><span class='ocrx_word' id='word_1_191' title='bbox 261 2047 398 2097; x_wconf 87' lang='grc' dir='ltr'><strong><em>μων.</em></strong></span> <span class='ocrx_word' id='word_1_192' title='bbox 431 2029 487 2079; x_wconf 90' lang='grc' dir='ltr'><strong><em>τί</em></strong></span> <span class='ocrx_word' id='word_1_193' title='bbox 502 2022 562 2079; x_wconf 74' lang='grc' dir='ltr'><strong><em>δὲ</em></strong></span> <span class='ocrx_word' id='word_1_194' title='bbox 580 2021 739 2078; x_wconf 84' lang='grc' dir='ltr'><strong><em>ταῦτ’</em></strong></span> <span class='ocrx_word' id='word_1_195' title='bbox 761 2029 982 2094; x_wconf 81' lang='grc' dir='ltr'><strong><em>εἴρηκα;</em></strong></span> <span class='ocrx_word' id='word_1_196' title='bbox 1003 2019 1116 2076; x_wconf 82' lang='grc' dir='ltr'><strong><em>τόδ’</em></strong></span> <span class='ocrx_word' id='word_1_197' title='bbox 1138 2023 1310 2076; x_wconf 81' lang='grc' dir='ltr'><strong><em>εἰπεῖν</em></strong></span> <span class='ocrx_word' id='word_1_198' title='bbox 1330 2022 1646 2091; x_wconf 86' lang='grc' dir='ltr'><strong><em>βουληθείς,</em></strong></span> <span class='ocrx_word' id='word_1_199' title='bbox 1663 2015 1749 2071; x_wconf 82' lang='grc' dir='ltr'><strong><em>ὅτι</em></strong></span> <span class='ocrx_word' id='word_1_200' title='bbox 1767 2014 1953 2084; x_wconf 84' lang='grc' dir='ltr'><strong><em>λόγων</em></strong></span> 
     </span>
     <span class='ocr_line' id='line_1_24' title="bbox 262 2095 1954 2183; baseline -0.007 -22"><span class='ocrx_word' id='word_1_201' title='bbox 262 2106 493 2183; x_wconf 78' lang='grc' dir='ltr'><strong><em>πάντων</em></strong></span> <span class='ocrx_word' id='word_1_202' title='bbox 512 2106 605 2161; x_wconf 84' lang='grc' dir='ltr'><strong><em>καὶ</em></strong></span> <span class='ocrx_word' id='word_1_203' title='bbox 623 2101 776 2160; x_wconf 78' lang='grc' dir='ltr'><strong><em>ὅσων</em></strong></span> <span class='ocrx_word' id='word_1_204' title='bbox 799 2101 960 2175; x_wconf 79' lang='grc' dir='ltr'><strong><em>φωνὴ</em></strong></span> <span class='ocrx_word' id='word_1_205' title='bbox 983 2101 1354 2173; x_wconf 75' lang='grc' dir='ltr'><strong><em>κεκοινώνηκε</em></strong></span> <span class='ocrx_word' id='word_1_206' title='bbox 1372 2096 1634 2173; x_wconf 81' lang='grc' dir='ltr'><strong><em>προοίμιά</em></strong></span> <span class='ocrx_word' id='word_1_207' title='bbox 1653 2096 1700 2153; x_wconf 89' lang='grc' dir='ltr'><strong><em>τ’</em></strong></span> <span class='ocrx_word' id='word_1_208' title='bbox 1723 2100 1837 2152; x_wconf 82' lang='grc' dir='ltr'><strong><em>ἔστι</em></strong></span> <span class='ocrx_word' id='word_1_209' title='bbox 1861 2095 1954 2152; x_wconf 87' lang='grc' dir='ltr'><strong><em>καὶ</em></strong></span> 
     </span>
     <span class='ocr_line' id='line_1_25' title="bbox 263 2180 1963 2258; baseline -0.003 -16"><span class='ocrx_word' id='word_1_210' title='bbox 263 2188 460 2258; x_wconf 86' lang='grc' dir='ltr'><strong><em>σχεδὸν</em></strong></span> <span class='ocrx_word' id='word_1_211' title='bbox 482 2181 604 2243; x_wconf 82' lang='grc' dir='ltr'><strong><em>οἶόν</em></strong></span> <span class='ocrx_word' id='word_1_212' title='bbox 623 2207 769 2251; x_wconf 89' lang='grc' dir='ltr'><strong><em>τινες</em></strong></span> <span class='ocrx_word' id='word_1_213' title='bbox 791 2184 1161 2258; x_wconf 76' lang='grc' dir='ltr'><strong><em>ἀνακινήσεις,</em></strong></span> <span class='ocrx_word' id='word_1_214' title='bbox 1184 2185 1415 2255; x_wconf 80' lang='grc' dir='ltr'><strong><em>ἔχουσαί</em></strong></span> <span class='ocrx_word' id='word_1_215' title='bbox 1425 2202 1550 2237; x_wconf 89' lang='grc' dir='ltr'><strong><em>τινα</em></strong></span> <span class='ocrx_word' id='word_1_216' title='bbox 1567 2183 1824 2250; x_wconf 81' lang='grc' dir='ltr'><strong><em>ἔντεχνον</em></strong></span> <span class='ocrx_word' id='word_1_217' title='bbox 1841 2180 1963 2237; x_wconf 57' lang='grc' dir='ltr'><strong><em>ἐπιψ,</em></strong></span> 
     </span>
     <span class='ocr_line' id='line_1_26' title="bbox 262 2259 1958 2340; baseline -0.003 -17"><span class='ocrx_word' id='word_1_218' title='bbox 262 2273 510 2340; x_wconf 82' lang='grc' dir='ltr'><strong><em>χείρησιν</em></strong></span> <span class='ocrx_word' id='word_1_219' title='bbox 545 2268 817 2338; x_wconf 86' lang='grc' dir='ltr'><strong><em>χρήσιμον</em></strong></span> <span class='ocrx_word' id='word_1_220' title='bbox 853 2267 991 2338; x_wconf 86' lang='grc' dir='ltr'><strong><em>πρὸς</em></strong></span> <span class='ocrx_word' id='word_1_221' title='bbox 1015 2268 1076 2339; x_wconf 76' lang='grc' dir='ltr'><strong><em>τὸ</em></strong></span> <span class='ocrx_word' id='word_1_222' title='bbox 1109 2269 1313 2337; x_wconf 81' lang='grc' dir='ltr'><strong><em>μέλλον</em></strong></span> <span class='ocrx_word' id='word_1_223' title='bbox 1341 2268 1717 2334; x_wconf 86' lang='grc' dir='ltr'><strong><em>περαίνεσθαι.</em></strong></span> <span class='ocrx_word' id='word_1_224' title='bbox 1765 2262 1856 2316; x_wconf 89' lang='grc' dir='ltr'><strong><em>καὶ</em></strong></span> <span class='ocrx_word' id='word_1_225' title='bbox 1885 2259 1958 2331; x_wconf 78' lang='grc' dir='ltr'><strong><em>δή,</em></strong></span> 
     </span>
     <span class='ocr_line' id='line_1_27' title="bbox 265 2343 1955 2423; baseline -0.008 -16"><span class='ocrx_word' id='word_1_226' title='bbox 265 2372 376 2407; x_wconf 89' lang='grc' dir='ltr'><strong><em>που</em></strong></span> <span class='ocrx_word' id='word_1_227' title='bbox 395 2353 773 2423; x_wconf 74' lang='grc' dir='ltr'><strong><em>κιθαρῳδικῆς</em></strong></span> <span class='ocrx_word' id='word_1_228' title='bbox 797 2348 943 2422; x_wconf 72' lang='grc' dir='ltr'><strong><em>ᾠδῆς</em></strong></span> <span class='ocrx_word' id='word_1_229' title='bbox 960 2351 1276 2420; x_wconf 84' lang='grc' dir='ltr'><strong><em>λεγομένων</em></strong></span> <span class='ocrx_word' id='word_1_230' title='bbox 1296 2346 1486 2416; x_wconf 86' lang='grc' dir='ltr'><strong><em>νόμων</em></strong></span> <span class='ocrx_word' id='word_1_231' title='bbox 1505 2347 1595 2399; x_wconf 84' lang='grc' dir='ltr'><strong><em>καὶ</em></strong></span> <span class='ocrx_word' id='word_1_232' title='bbox 1616 2345 1794 2411; x_wconf 80' lang='grc' dir='ltr'><strong><em>πάσης</em></strong></span> <span class='ocrx_word' id='word_1_233' title='bbox 1812 2343 1955 2411; x_wconf 83' lang='grc' dir='ltr'><strong><em>μού-</em></strong></span> 
     </span>
     <span class='ocr_line' id='line_1_28' title="bbox 266 2423 1954 2505; baseline -0.007 -16"><span class='ocrx_word' id='word_1_234' title='bbox 266 2451 365 2505; x_wconf 85' lang='grc' dir='ltr'><strong><em>σης</em></strong></span> <span class='ocrx_word' id='word_1_235' title='bbox 387 2434 648 2502; x_wconf 89' lang='grc' dir='ltr'><strong><em>προοίμια</em></strong></span> <span class='ocrx_word' id='word_1_236' title='bbox 677 2435 1017 2500; x_wconf 72' lang='grc' dir='ltr'><strong><em>θαυμαστῶς</em></strong></span> <span class='ocrx_word' id='word_1_237' title='bbox 1046 2428 1466 2498; x_wconf 81' lang='grc' dir='ltr'><strong><em>ἐσπουδασμένα</em></strong></span> <span class='ocrx_word' id='word_1_238' title='bbox 1494 2423 1802 2497; x_wconf 87' lang='grc' dir='ltr'><strong><em>πρόκειται·</em></strong></span> <span class='ocrx_word' id='word_1_239' title='bbox 1840 2428 1954 2479; x_wconf 73' lang='grc' dir='ltr'><strong><em>τῶν</em></strong></span> 
     </span>
    </p>

    <p class='ocr_par' dir='ltr' id='par_1_18' title="bbox 201 2505 1966 2915">
     <span class='ocr_line' id='line_1_29' title="bbox 201 2505 1963 2585; baseline -0.007 -13"><span class='ocrx_word' id='word_1_240' title='bbox 201 2523 235 2564; x_wconf 83' lang='grc' dir='ltr'>Ε</span> <span class='ocrx_word' id='word_1_241' title='bbox 268 2517 328 2574; x_wconf 75' lang='grc' dir='ltr'><strong><em>δὲ</em></strong></span> <span class='ocrx_word' id='word_1_242' title='bbox 347 2514 522 2579; x_wconf 83' lang='grc' dir='ltr'><strong><em>ὅντως</em></strong></span> <span class='ocrx_word' id='word_1_243' title='bbox 552 2513 744 2585; x_wconf 83' lang='grc' dir='ltr'><strong><em>νόμων</em></strong></span> <span class='ocrx_word' id='word_1_244' title='bbox 773 2511 972 2583; x_wconf 84' lang='grc' dir='ltr'><strong><em>ὄντων,</em></strong></span> <span class='ocrx_word' id='word_1_245' title='bbox 1001 2508 1099 2577; x_wconf 80' lang='grc' dir='ltr'><strong><em>οὓς</em></strong></span> <span class='ocrx_word' id='word_1_246' title='bbox 1127 2507 1194 2582; x_wconf 84' lang='grc' dir='ltr'><strong><em>δὴ</em></strong></span> <span class='ocrx_word' id='word_1_247' title='bbox 1227 2507 1543 2572; x_wconf 75' lang='grc' dir='ltr'><strong><em>πολιτικούς</em></strong></span> <span class='ocrx_word' id='word_1_248' title='bbox 1579 2505 1725 2563; x_wconf 86' lang='grc' dir='ltr'><strong><em>εἷναί</em></strong></span> <span class='ocrx_word' id='word_1_249' title='bbox 1750 2526 1963 2578; x_wconf 61' lang='grc' dir='ltr'><strong><em>φαμεν,Ἴ</em></strong></span> 
     </span>
     <span class='ocr_line' id='line_1_30' title="bbox 265 2587 1966 2665; baseline -0.006 -12"><span class='ocrx_word' id='word_1_250' title='bbox 265 2596 449 2663; x_wconf 79' lang='grc' dir='ltr'><strong><em>οὐδεὶς</em></strong></span> <span class='ocrx_word' id='word_1_251' title='bbox 465 2594 686 2652; x_wconf 73' lang='grc' dir='ltr'><strong><em>πώποτε</em></strong></span> <span class='ocrx_word' id='word_1_252' title='bbox 706 2592 827 2651; x_wconf 76' lang='grc' dir='ltr'><strong><em>οὔτ’</em></strong></span> <span class='ocrx_word' id='word_1_253' title='bbox 860 2592 977 2650; x_wconf 85' lang='grc' dir='ltr'><strong><em>εἶπέ</em></strong></span> <span class='ocrx_word' id='word_1_254' title='bbox 1002 2614 1055 2649; x_wconf 91' lang='grc' dir='ltr'><strong><em>τι</em></strong></span> <span class='ocrx_word' id='word_1_255' title='bbox 1084 2597 1378 2665; x_wconf 88' lang='grc' dir='ltr'><strong><em>προοίμιον</em></strong></span> <span class='ocrx_word' id='word_1_256' title='bbox 1405 2587 1534 2648; x_wconf 76' lang='grc' dir='ltr'><strong><em>οὔτε</em></strong></span> <span class='ocrx_word' id='word_1_257' title='bbox 1563 2590 1832 2660; x_wconf 83' lang='grc' dir='ltr'><strong><em>ξυνθέτης</em></strong></span> <span class='ocrx_word' id='word_1_258' title='bbox 1858 2609 1966 2662; x_wconf 91' lang='grc' dir='ltr'><strong><em>γε-Ι</em></strong></span> 
     </span>
     <span class='ocr_line' id='line_1_31' title="bbox 266 2667 1965 2751; baseline -0.005 -14"><span class='ocrx_word' id='word_1_259' title='bbox 266 2679 503 2751; x_wconf 88' lang='grc' dir='ltr'><strong><em>νόμενος</em></strong></span> <span class='ocrx_word' id='word_1_260' title='bbox 523 2678 815 2750; x_wconf 79' lang='grc' dir='ltr'><strong><em>ἐξήνεγκεν</em></strong></span> <span class='ocrx_word' id='word_1_261' title='bbox 834 2681 908 2743; x_wconf 79' lang='grc' dir='ltr'><strong><em>εἰς</em></strong></span> <span class='ocrx_word' id='word_1_262' title='bbox 925 2675 986 2733; x_wconf 88' lang='grc' dir='ltr'>τό</span> <span class='ocrx_word' id='word_1_263' title='bbox 1007 2681 1144 2748; x_wconf 82' lang='grc' dir='ltr'><strong><em>φῶς,</em></strong></span> <span class='ocrx_word' id='word_1_264' title='bbox 1180 2673 1253 2740; x_wconf 75' lang='grc' dir='ltr'><strong><em>ὡς</em></strong></span> <span class='ocrx_word' id='word_1_265' title='bbox 1280 2671 1384 2730; x_wconf 83' lang='grc' dir='ltr'><strong><em>οὐκ</em></strong></span> <span class='ocrx_word' id='word_1_266' title='bbox 1415 2672 1574 2738; x_wconf 82' lang='grc' dir='ltr'><strong><em>ὄντος</em></strong></span> <span class='ocrx_word' id='word_1_267' title='bbox 1602 2670 1784 2743; x_wconf 86' lang='grc' dir='ltr'><strong><em>φύσει.</em></strong></span> <span class='ocrx_word' id='word_1_268' title='bbox 1823 2667 1965 2742; x_wconf 77' lang='grc' dir='ltr'><strong><em>ἡμῖν,</em></strong></span> 
     </span>
     <span class='ocr_line' id='line_1_32' title="bbox 268 2747 1965 2834; baseline -0.006 -16"><span class='ocrx_word' id='word_1_269' title='bbox 268 2759 384 2834; x_wconf 78' lang='grc' dir='ltr'><strong><em>δὲὴ</em></strong></span> <span class='ocrx_word' id='word_1_270' title='bbox 416 2768 524 2817; x_wconf 85' lang='grc' dir='ltr'><strong><em>νῦν</em></strong></span> <span class='ocrx_word' id='word_1_271' title='bbox 559 2759 808 2834; x_wconf 87' lang='grc' dir='ltr'><strong><em>διατριβὴ</em></strong></span> <span class='ocrx_word' id='word_1_272' title='bbox 839 2770 1119 2831; x_wconf 80' lang='grc' dir='ltr'><strong><em>γεγονυῖα,</em></strong></span> <span class='ocrx_word' id='word_1_273' title='bbox 1146 2755 1219 2824; x_wconf 78' lang='grc' dir='ltr'><strong><em>ὡς</em></strong></span> <span class='ocrx_word' id='word_1_274' title='bbox 1249 2759 1366 2829; x_wconf 82' lang='grc' dir='ltr'><strong><em>ἐμοὶ</em></strong></span> <span class='ocrx_word' id='word_1_275' title='bbox 1396 2761 1561 2826; x_wconf 84' lang='grc' dir='ltr'><strong><em>δοκεῖ,</em></strong></span> <span class='ocrx_word' id='word_1_276' title='bbox 1593 2758 1845 2827; x_wconf 87' lang='grc' dir='ltr'><strong><em>σημαίνει</em></strong></span> <span class='ocrx_word' id='word_1_277' title='bbox 1884 2747 1965 2816; x_wconf 76' lang='grc' dir='ltr'><strong><em>ὡς</em></strong></span> 
     </span>
     <span class='ocr_line' id='line_1_33' title="bbox 268 2833 1954 2915; baseline -0.007 -14"><span class='ocrx_word' id='word_1_278' title='bbox 268 2843 446 2914; x_wconf 82' lang='grc' dir='ltr'><strong><em>ὄντος,</em></strong></span> <span class='ocrx_word' id='word_1_279' title='bbox 467 2846 522 2900; x_wconf 81' lang='grc' dir='ltr'><strong><em>οἵ</em></strong></span> <span class='ocrx_word' id='word_1_280' title='bbox 537 2845 597 2900; x_wconf 89' lang='grc' dir='ltr'><strong><em>τέ</em></strong></span> <span class='ocrx_word' id='word_1_281' title='bbox 613 2865 674 2915; x_wconf 87' lang='grc' dir='ltr'><strong><em>γε</em></strong></span> <span class='ocrx_word' id='word_1_282' title='bbox 703 2843 769 2915; x_wconf 85' lang='grc' dir='ltr'><strong><em>δὴ</em></strong></span> <span class='ocrx_word' id='word_1_283' title='bbox 793 2846 978 2899; x_wconf 83' lang='grc' dir='ltr'><strong><em>διπλοῖ</em></strong></span> <span class='ocrx_word' id='word_1_284' title='bbox 997 2844 1192 2907; x_wconf 85' lang='grc' dir='ltr'><strong><em>ἔδοξαν</em></strong></span> <span class='ocrx_word' id='word_1_285' title='bbox 1214 2844 1324 2895; x_wconf 82' lang='grc' dir='ltr'><strong><em>νῦν</em></strong></span> <span class='ocrx_word' id='word_1_286' title='bbox 1343 2838 1410 2911; x_wconf 85' lang='grc' dir='ltr'><strong><em>δή</em></strong></span> <span class='ocrx_word' id='word_1_287' title='bbox 1428 2859 1521 2910; x_wconf 89' lang='grc' dir='ltr'><strong><em>μοι</em></strong></span> <span class='ocrx_word' id='word_1_288' title='bbox 1548 2839 1834 2908; x_wconf 88' lang='grc' dir='ltr'><strong><em>λεχθέντες</em></strong></span> <span class='ocrx_word' id='word_1_289' title='bbox 1852 2833 1954 2890; x_wconf 89' lang='grc' dir='ltr'><strong><em>νό-</em></strong></span> 
     </span>
    </p>
   </div>
  </div>
 </body>
</html>
