1976 3172
221 134 324 188 144
817 131 1294 181 ΠΛΑΤΩΝΟΣ

359 271 419 322 X.
458 264 662 336 Πρώτη
682 264 783 335 μὲν
800 270 996 321 τοίνυν
1013 265 1171 330 πόλις
1198 269 1260 320 τέ
1283 266 1397 319 ἐστι
1424 266 1515 320 καὶ
1541 253 1787 343 πολιτεία
1816 271 1916 324 καὶ
1946 256 1963 306 ³}

160 369 192 411 c
222 328 387 421 νόμοι
406 347 638 420 ἄριστοι,
652 345 797 403 ὅπου
814 346 876 403 τὸ
897 347 1068 404 πάλαι
1085 342 1434 417 λεγόμενον’
1406 344 1480 402 οἶν
1497 352 1752 417 γίγνηται
1769 348 1908 403 κατὰ
1944 354 1947 356 ’
1971 343 1976 396 ζ

220 437 405 488 πᾶσαν
423 428 526 501 τὴν
545 427 764 486 πόλιν
732 451 761 484 ο
782 450 834 484 τι
861 429 1123 500 μάλιστα·
1160 431 1375 498 λέγεται
1402 429 1462 484 δὲ
1494 449 1567 492 ως
1595 426 1770 493 ὅντως
1797 430 1941 484 ἐστὶ.-’
1974 435 1976 438 ’

219 513 382 571 κοινὰ
399 511 466 569 τὰ
485 516 682 584 φίλων.
720 510 873 567 τοῦτ’
898 504 1003 567 οὖν
1031 518 1138 567 εἴτε
1167 530 1278 566 που
1306 517 1415 566 νῦν
1445 515 1596 566 ἔστιν
1626 509 1725 567 εἴτ’
1760 513 1923 566 ἔσται)

220 594 578 667 ποτέφκοινάς
595 592 698 667 μὲν
724 603 1010 664 γυναῖκας,
1030 594 1256 658 κοινούς
1276 591 1335 648 δὲ
1355 591 1495 648 εἶναι
1513 595 1728 663 παῖδας,
1747 593 1922 648 κοινὰν

223 679 282 734 δὲ
308 678 559 749 χρήματα
592 675 898 747 ξύμπαντα,
931 676 1026 731 καὶ
1059 675 1209 748 πάσῃ
1248 666 1478 747 μηχανῇ,
1503 673 1565 731 τὸ
1605 674 1946 746 λεγόμενον-ἢ

222 762 368 815 ἴδιον
387 758 743 828 πανταχόθεν
764 760 824 813 ἐκ
842 762 944 813 τοῦ
963 763 1091 829 βίου
1122 756 1274 812 ἅπαν
1296 756 1566 829 ἐξῄρηται,
1594 755 1923 827 μεμηχάνη-.
1948 762 1953 768 “

158 883 159 886 ¹
220 861 310 894 ται
327 838 382 894 δ’
405 843 481 903 εἰς
498 840 571 894 τὸ.
589 836 834 894 δυνατὸν
853 841 948 894 καὶ
974 837 1041 893 τὰ
1074 839 1242 908 φύσει
1271 843 1384 894 ἴδια
1411 837 1573 894 κοινὰ
1603 837 1714 910 ἁμῇ
1743 841 1808 907 γέ
1835 843 1952 909 πη*

220 921 528 992 γεγονέναι,
549 917 671 975 οἷον
689 917 904 990 ὄμματα
924 921 1018 974 καὶ
1036 913 1151 974 εἶτα
1169 924 1260 975 καὶ
1277 932 1460 992 χεῖρας
1469 918 1629 976 κοινοὶ
1650 919 1752 991 μὲν
1770 916 1923 991 ὁρᾷνν
1960 987 1961 990 ¹

153 1030 189 1070 Β
224 1007 408 1060 δοκεῖν
427 1005 520 1058 καὶ
539 1001 768 1058 ἀκούειν
790 1003 881 1056 καὶ
898 999 1179 1073 πράττειν,
1202 1004 1445 1056 ἐπαινεῖν
1455 1019 1513 1056 τε
1535 995 1608 1056 αὖ
1619 1002 1711 1057 καὶ
1722 1001 1939 1070 ψέγειν·-

222 1085 358 1144 καθῆ
381 1090 445 1143 ἓν
465 1085 499 1143 3
516 1108 568 1142 τι
590 1086 828 1157 μάλιστα
847 1085 1165 1157 ξύμπαντας
1185 1087 1271 1142 ἐπὶ
1288 1097 1401 1151 τοῖς
1420 1083 1608 1151 αὐτοῖς
1626 1091 1927 1157 χαίροντας,

222 1172 315 1227 καὶ
333 1171 738 1242 λυπουμένους,
760 1174 852 1225 καὶ
877 1168 1016 1225 κατὰ
1039 1167 1284 1240 δύναμιν
1302 1171 1502 1233 οἵτινες
1530 1166 1692 1239 νόμοι
1722 1172 1853 1238 μίαν
1885 1163 1922 1222 ὅ·
1944 1161 1965 1244 Ῥ

221 1276 273 1309 τι
297 1254 535 1326 μάλιστα
564 1251 731 1308 πόλιν
766 1249 1186 1323 απεργοίζονται,
1217 1251 1436 1308 τούτων’
1470 1248 1754 1324 ὑπερβολῇ
1778 1247 1928 1318 πρὸς
1968 1243 1969 1246 “

223 1333 429 1407 ἀρετὴν
449 1332 634 1400 οὐδείς
653 1354 787 1391 ποτε
807 1332 948 1404 ὅρον
967 1332 1142 1390 α’λλον
1171 1337 1413 1404 θέμενος
1442 1330 1754 1404 ὀρθότερον
1783 1329 1930 1387 οὐδε·
1975 1400 1976 1404 ¹

223 1422 420 1490 βελτίω
439 1417 690 1488 θήσεται.
726 1413 760 1487 ἡ
782 1415 883 1487 μὲν
904 1414 971 1487 δὴ
989 1414 1217 1486 τοιαύτη
1246 1414 1422 1483 πόλις,
1454 1421 1562 1470 εἴτε
1591 1434 1703 1469 που
1730 1413 1857 1469 θεοὶ
1879 1435 1914 1483 η
1971 1412 1973 1438 ³

224 1502 418 1563 παῖδες
435 1503 594 1555 θεων
615 1495 794 1569 αὐτὴν
813 1501 1031 1554 οἰκοῦσι
1051 1502 1276 1565 πλείους
1295 1496 1438 1568 ἑνός,
1461 1493 1606 1550 οὕτω
1627 1497 1918 1560 διαζῶντες
1975 1547 1976 1550 ,

226 1579 662 1653 εὐφραινόμενοι
688 1586 1031 1636 κατοικοῦσι·
1072 1580 1156 1635 διὸ
1191 1578 1258 1650 δὴ
1289 1577 1637 1648 παράδειγμά
1666 1597 1731 1646 γε
1758 1581 1931 1631 πολι-Ι

160 1677 194 1718 Ε
225 1668 370 1729 τείας
392 1663 497 1719 οὐκ
518 1663 659 1735 ἄλλῃ
677 1661 780 1735 χρὴ
804 1674 1051 1735 σκοπεῖν,
1072 1659 1194 1718 ἀλλ’
1228 1664 1522 1732 ἐχομένους
1545 1658 1745 1730 ταύτης
1762 1658 1865 1729 τὴν
1884 1656 1917 1713 3
1927 1679 1932 1687 ’
1974 1680 1976 1723 ς

223 1769 275 1803 τι
294 1746 529 1818 μάλιστα
548 1747 809 1816 τοιαύτην
832 1750 1008 1817 ζητεῖν
1027 1742 1165 1802 κατὰ
1186 1746 1443 1816 δύναμιν.
1465 1741 1538 1814 ἣν
1558 1742 1616 1798 δὲ
1635 1749 1745 1797 νῦν
1764 1739 1925 1813 ἡμεῖς
1958 1758 1976 1822 1}

226 1827 730 1901 ἐπικεχειρήκαμεν,
752 1837 834 1900 εἴη
853 1850 913 1884 τε
944 1824 1016 1884 ἂν
1042 1829 1315 1899 γενομένη
1345 1846 1462 1891 πως
1493 1824 1804 1889 ἀθανασίας
1825 1825 1927 1893 ἐγ-“
1952 1836 1976 1901 j

224 1911 436 1982 γύτατα
471 1909 622 1983 καὶὴ
653 1916 749 1983 μία
782 1912 1079 1983 δευτέρως·
1116 1915 1307 1983 τρίτην
1342 1910 1403 1965 δὲ
1432 1908 1566 1981 μετὰ
1594 1914 1786 1978 ταῦτα,
1821 1904 1919 1961 ἐὰν
1956 1902 1960 1912 ’

226 1991 362 2058 θεὸς
379 1994 563 2067 ἐθέλῃ,
586 1994 1094 2066 διαπερανούμεθα.
1133 1999 1244 2048 νῦν
1263 1991 1316 2048 δ’
1342 1985 1449 2048 οὖν
1467 1991 1678 2061 ταύτην
1695 1995 1818 2045 τίνα
1837 1989 1917 2043 λε’-

226 2099 401 2148 γομεν
419 2078 512 2134 καὶ
530 2083 648 2143 πῶς
664 2079 973 2148 γενομένην
984 2075 1057 2133 ἄν
1074 2077 1366 2148 τοιαύτην;
1387 2073 1712 2148 νειμάσθων
1730 2073 1832 2144 μὲν
1851 2072 1931 2144 δὴ

228 2165 452 2229 πρῶτον
487 2166 596 2231 γῆν
619 2181 678 2215 τε
712 2162 805 2216 καὶ
832 2164 1023 2231 οἰκίας,
1052 2162 1144 2215 καὶ
1182 2158 1258 2232 μὴ
1295 2164 1457 2231 κοινῇ
1495 2156 1928 2229 γεωργούντων,

113 2258 202 2307 740
230 2240 415 2312 ἐπειδὴ
437 2238 496 2296 τὸ
516 2247 775 2297 τοιοῦτον
793 2247 978 2313 μεῖζον
993 2238 1031 2314 ἦ
1049 2241 1189 2298 κατὰ
1207 2239 1311 2313 τὴν
1322 2248 1432 2297 νῦν
1450 2242 1672 2312 γένεσιν
1690 2239 1782 2294 καὶ
1799 2258 1926 2309 τρο-ν

230 2320 347 2394 φὴν
375 2315 469 2377 καὶ
501 2326 795 2379 παίδευσιν
815 2332 1048 2396 εἴρηται·
1076 2325 1373 2394 νεμέσθων
1392 2321 1446 2377 δ’
1469 2315 1575 2376 οὖν
1593 2324 1778 2393 τοιᾷδε
1798 2325 1920 2375 δια-

229 2409 357 2477 νοίᾳ
376 2422 509 2475 πως,
537 2400 609 2467 ὡς
635 2404 742 2473 ἄρα
774 2407 863 2459 δεῖ
882 2402 986 2472 τὸν
1013 2404 1250 2473 λαχόντα
1279 2402 1383 2474 τὴν
1410 2408 1573 2472 λῆξιν
1589 2401 1799 2471 ταύτην
1820 2420 1919 2455 νο-

230 2490 404 2558 μίζειν
422 2486 526 2556 μὲν
549 2482 749 2556 κοινὴν
767 2483 945 2555 αὐτὴν
970 2490 1065 2555 τῆς
1085 2484 1296 2547 πόλεως
1326 2481 1628 2553 ξυμπάσης,
1660 2484 1930 2550 πατρίδος

233 2567 293 2624 δὲ
313 2566 485 2639 οὔσης
503 2573 598 2639 τῆς
617 2567 797 2638 χώρας
815 2567 1151 2638 θεραπεύειν
1171 2563 1348 2636 αὐτὴν
1378 2567 1465 2620 δεῖ
1478 2563 1740 2635 μειζόνως
1757 2562 1796 2634 ἢ
1815 2585 1919 2634 μη-

232 2650 362 2721 τέρα
376 2653 590 2721 παῖδας,
613 2670 690 2721 τω
710 2650 798 2705 και
821 2649 1122 2705 δέσποιναν
1138 2645 1279 2704 θεὸν
1299 2645 1473 2717 αὐτὴν
1494 2639 1672 2702 οὖσαν
1690 2651 1933 2717 θνητῶν-

234 2730 415 2788 ὅντων
450 2734 767 2815 γεγονέναι·
805 2729 977 2788 ταύτὰ
1015 2730 1068 2787 δ’
1113 2735 1253 2802 ἔχειν
1293 2727 1635 2801 διανοήματα
1670 2729 1762 2783 καὶ
1797 2727 1919 2825 περὶ
1959 2725 1964 2736 ’

233 2812 366 2880 τοὺς
386 2816 683 2885 ἐγχωρίους
702 2797 884 2880 θεούς
911 2836 969 2870 τε
1000 2812 1111 2886 ἅμα
1140 2812 1231 2870 καὶ
1261 2816 1538 2885 δαίμονας
1580 2810 1729 2875 ὅπως
1762 2807 1813 2864 δ’
1849 2805 1921 2864 ὄὶν
