1976 3172
263 129 366 182 140
760 92 763 97 ἱ
879 131 1356 178 ΠΛΑΤΩΝΟΣ

262 262 604 333 ἐμπεφυκότι
626 259 699 316 δι’
730 258 1003 332 εὐφημίας
1021 260 1347 332 ἀπαλλαγὴν
1369 261 1547 334 ὄνομα
1577 262 1837 321 ἀποικίαν
1866 288 1896 322 τ

261 340 764 413 θέμενοςεύμενῶς
783 340 819 397 δ’
835 364 887 397 τι
904 342 1138 413 μάλιστα
1156 346 1507 414 ἐξεπέμψατο.
1541 348 1703 402 παντὶ
1723 349 1826 418 μὲν
1846 370 1874 403 ο
1893 342 1914 366 ³

260 430 666 495 νομοθετοῦντι
703 430 868 478 τοῦτο
898 421 1050 495 ἁμῶς
1077 426 1143 495 γέ
1173 445 1288 490 πως
1307 424 1432 481 κατ’
1463 424 1635 497 ἀρχὰς
1663 432 1931 499 δραστέον

258 505 394 578 ἡμῖν
417 503 530 576 μὴν
549 510 626 561 ἔτι
646 505 864 560 τούτων
882 503 1201 579 ἀτοπώτερα
1230 506 1297 562 τὰ
1324 512 1449 579 περὶ
1474 507 1631 564 ταῦτ’
1663 513 1776 566 ἐστὶ
1805 527 1915 581 συμ

258 586 534 659 βεβηκότα
561 593 669 642 νῦν
683 607 694 618 ·
733 585 862 642 οὔτε
891 586 998 659 γὰρ
1019 587 1281 644 ἀποικίαν
1299 588 1427 645 οὔτ’
1449 591 1686 662 ἐκλογήν
1705 613 1827 646 τινα
1848 613 1917 646 κα

258 667 517 738 θάρσεως
553 671 642 724 δεῖ
668 674 1024 739 μηχανᾶσθαι
1052 669 1191 740 πρὸς
1222 669 1284 725 τὸ
1307 671 1506 742 παρόν,
1539 669 1661 728 οἷον
1692 675 1756 729 δέ
1780 694 1913 728 τινω

198 761 230 803 Β
262 749 612 820 ξυρρεόντων
629 751 690 804 ἐκ
711 756 937 806 πολλῶν
953 748 1020 805 τὰ
1040 751 1142 821 μὲν
1159 770 1356 822 πηγων
1375 751 1442 807 τα
1464 753 1522 808 δὲ
1538 754 1853 826 χειμάρρων
1874 759 1924 809 εἰ

255 834 389 900 μίαν
392 829 656 899 λίμνην’
627 842 931 898 αναγκαῖον
950 834 1320 900 προσέχοντας
1342 833 1442 889 τὸν
1462 842 1605 890 νοῦν
1628 837 1947 905 φυλάττειν,

256 910 408 975 οπως
443 909 476 965 δ’
506 932 558 965 τι
590 910 998 1011 καθαρώτατον
1018 916 1168 965 ἔσται
1197 912 1258 965 τὸ
1289 918 1528 984 συρρέον
1536 900 1730 989 ὕδωρ,
1762 915 1828 971 τὰ
1849 915 1976 1001 μεν-ΙῘΙ

253 996 671 1064 ἐξαντλοῦντας,
707 991 774 1048 τὰ
805 990 857 1048 δ’
897 991 1332 1063 ἀποχετεύοντας
1362 998 1455 1049 καὶ
1482 1002 1958 1066 παρατρέποντας.·

254 1076 428 1140 πόνος
449 1074 521 1145 δ’,
543 1073 616 1141 ὥς
635 1081 796 1146 ἔοικε,
817 1076 908 1130 καὶ
928 1073 1190 1139 κίνδυνός
1211 1077 1443 1132 ἐστινέν
1462 1077 1612 1149 πάσῃ
1631 1083 1947 1150 κατασκευῇ

253 1167 537 1233 πολιτικῇ·
576 1159 643 1216 τοὶ
681 1159 732 1216 δ’
774 1164 996 1232 ἐπείπερ
1032 1161 1181 1233 λόγῳ
1217 1157 1273 1230 γ’
1314 1162 1426 1216 ἐστὶ
1446 1182 1513 1216 τα
1543 1167 1653 1216 νῦν
1678 1159 1802 1216 ἀλλ’
1842 1159 1946 1217 οὐκ

253 1247 396 1318 ἔργῳ
416 1242 786 1314 πραττόμενα,
800 1242 1139 1312 πεπεράνθω
1156 1263 1214 1307 τε
1235 1239 1367 1313 ἡμῖν
1383 1241 1418 1314 ἡ
1439 1241 1675 1315 ξυλλογὴ
1697 1245 1788 1299 καὶ
1807 1242 1976 1303 κατὰ.

254 1332 398 1382 νοῦν
415 1323 449 1397 ἡ
469 1325 788 1396 καθαρότης
806 1323 977 1395 αὐτῆς
996 1329 1134 1380 ἔστω
1156 1327 1546 1396 ξυμβεβηκυῖα·
1569 1347 1700 1390 τους
1718 1324 1825 1395 γὰρ
1845 1348 1949 1381 κα-

194 1419 224 1461 C
254 1405 391 1472 κους
408 1412 526 1462 τῶν
544 1406 979 1477 ἐπιχειρούντων
1014 1411 1090 1471 εἰς
1119 1404 1222 1476 τὴν
1252 1412 1362 1461 νῦν
1391 1405 1558 1462 πόλιν
1590 1403 1662 1471 ὡς
1689 1413 1946 1461 πολιτευ-

255 1491 526 1561 σομένους
545 1492 790 1555 ξυνιέναι
815 1497 1009 1545 πειθοῖ
1032 1490 1184 1562 πάσῃ
1211 1492 1303 1546 καὶ
1334 1493 1512 1564 ἱκανῷ
1533 1491 1717 1563 χρόνῳ
1749 1494 1948 1561 διαβα-

255 1575 579 1637 σανίσαντες
599 1572 1034 1642 διακωλύσωμεν
1053 1570 1433 1643 ἀφικνεῖσθαι,
1453 1571 1585 1637 τούς
1618 1569 1670 1627 δ’
1696 1569 1976 1647 ἀγαθοὺς
1963 1577 1975 1594 ’”’

254 1656 331 1716 εἰς
357 1652 598 1723 δύναμιν
615 1651 862 1723 ευμενεῖς
884 1652 1044 1718 ἵλεως
1062 1675 1120 1709 τε
1139 1653 1568 1725 προσαγώμεθα.

394 1738 525 1789 VIII.
570 1735 710 1791 Τόδε
747 1735 808 1791 δε
839 1736 911 1807 μὴ
950 1738 1277 1793 λανθανέτω
1306 1735 1642 1808 γιγνόμενον
1668 1734 1816 1808 ημᾶς
1851 1732 1976 1806 εὐ-,ῑ

251 1817 484 1888 τύχημα,
505 1814 590 1872 ὅτι
613 1817 872 1890 καθάπερ
893 1825 1121 1889 εἴπομεν
1139 1818 1243 1890 τὴν
1260 1841 1374 1874 των
1386 1816 1764 1889 Ἡρακλειδων
1783 1817 1947 1873 ἀποι-
1967 1835 1976 1903 3*

252 1903 382 1953 κίαν
401 1898 669 1969 ευτυχεῖν,
691 1922 765 1965 ως
781 1906 882 1971 γῆς
901 1901 992 1961 καὶ
1009 1921 1189 1971 χρεων
1208 1899 1496 1972 ἀποκοπῆς
1515 1902 1606 1955 καὶ
1625 1904 1801 1970 νομῆς
1820 1902 1946 1968 πέρι
1972 1907 1976 1973 j

253 1977 445 2049 δεινὴν
473 1980 568 2035 καὶ
586 1981 943 2035 ἐπικίνδυνον
968 1983 1087 2048 ἔριν
1105 1977 1430 2052 ἐξέφυγεν,
1409 2003 1482 2052 ην
1509 1987 1973 2050 νομοθετεῖσθαι
1973 1999 1976 2001 ·

191 2076 227 2117 D
258 2056 708 2154 ἀναγκασθείσῃ
697 2059 854 2117 πόλει
870 2062 983 2117 των
1003 2060 1248 2134 ἀρχαίων
1266 2063 1395 2118 ούτε
1415 2065 1514 2135 ἐᾷν
1534 2059 1656 2118 οἷόν
1673 2081 1731 2116 τε
1752 2058 1966 2158 ἀκίνηή

258 2161 359 2195 τον
378 2140 500 2196 οὔτ
522 2165 594 2197 αυ
615 2128 794 2199 κινεῖν
813 2144 1060 2200 δυνατόν
1078 2149 1198 2201 ἐστί
1216 2166 1339 2201 τινα
1357 2144 1586 2216 τρόπον,
1608 2142 1738 2215 εὐχὴ
1762 2141 1820 2197 δὲ
1841 2142 1967 2228 μό-ξς

256 2240 359 2275 νον
380 2243 452 2285 ως
471 2226 602 2287 ἔπος
628 2228 802 2280 εἰπεῖν
833 2231 1074 2282 λείπεται
1103 2229 1196 2282 καὶ
1225 2225 1428 2298 σμικρὰ
1461 2225 1758 2298 μετάβασις
1779 2219 1958 2279 εὐλα-

255 2299 356 2373 βὴς
376 2305 438 2357 ἐν
462 2311 650 2377 πολλῷ
669 2306 853 2379 χρόνω
887 2310 1125 2381 σμικρὸν
1154 2308 1639 2380 μεταβιβάζουσιν·
1676 2306 1711 2376 ἡ
1745 2305 1804 2361 δὲ·
1830 2310 1945 2360 τῶν
1971 2342 1973 2346 .

188 2432 191 2433 γ
254 2384 569 2440 κινούντων
614 2383 698 2440 ἀεὶ
749 2392 1097 2458 κεκτημένων
1142 2394 1246 2459 μὲν
1291 2388 1479 2443 αὐτων
1521 2394 1629 2457 γῆν
1681 2386 1944 2456 ἄφθονον

255 2464 509 2537 ὑπάρχει,
544 2469 898 2539 κεκτημένων
928 2472 987 2524 δε
1015 2471 1108 2524 καὶ
1136 2467 1422 2540 ὀφειλέτας
1452 2467 1639 2533 αὑτοῖς
1681 2466 1955 2538 πολλούς,-

254 2545 573 2608 ἐθελόντων
592 2571 651 2605 τε
670 2550 886 2607 τούτων
906 2563 1109 2624 atu-vocs
1129 2552 1531 2622 ἀπορουμένοις
1551 2547 1624 2606 δι’
1647 2551 1953 2606 ἐπιείκειαν

191 2655 225 2696 Ε
259 2643 570 2702 κοινωνεῖν,
590 2655 657 2687 τα
675 2630 834 2704 μὲν’
802 2636 1079 2706 αφιέντας,
1099 2656 1166 2689 τα
1187 2635 1247 2691 δὲ
1267 2636 1624 2705 νεμομένους,
1657 2629 1768 2703 ἁμῇ
1787 2651 1849 2701 γε
1841 2632 1959 2708 ’πῃζ

255 2719 352 2784 τῆς
381 2714 732 2785 μετριότητος
759 2717 1056 2787 ἐχομένους
1085 2718 1176 2771 καὶ
1205 2720 1402 2771 πενίαν
1428 2713 1775 2787 ἡγουμένους
1804 2710 1963 2767 εἶναι’,

256 2793 331 2865 μὴ
353 2792 414 2851 τὸ
443 2796 548 2866 τὴν
568 2795 767 2853 οὐσίαν
789 2797 995 2854 ἐλάττω
1023 2809 1199 2854 ποιεῖν
1230 2796 1368 2854 ἀλλά
1405 2796 1467 2854 τὸ
1505 2797 1611 2869 τὴν
1638 2789 1958 2867 ἀπληστίαν
