1976 3172
226 130 329 182 428
846 129 1306 176 ΕΠΙΝΟΜΙΣ.

228 265 318 319 καὶ
341 263 536 333 ἄριστα
561 263 686 332 περὶ
705 259 892 316 αὐτῶν
916 263 1125 316 ἐπιέναι
1147 265 1325 330 λέγειν
1342 259 1503 334 ἡμῐν;
1542 261 1718 329 οὕτως
1737 260 1772 335 ἢ
1798 269 1914 330 πῶς

230 347 427 414 λέγειςς

171 438 201 479 C
372 431 489 480 KA.
531 430 873 494 Θαυμαστιός
899 426 1000 494 μὲν
1027 417 1134 479 οὖν
1162 423 1353 489 οὕτως.
1390 422 1536 495 ἀλλ’,
1569 419 1612 480 ὦ
1642 425 1912 496 δαιμόνιε,

228 506 522 570 πιστεύσας
551 518 664 571 τοῖς
691 514 846 570 θεοῖς
875 504 1043 576 εὔχου
1069 527 1127 561 τε
1156 507 1247 562 καὶ
1278 509 1402 577 λέγε
1436 505 1536 562 τὰν
1571 506 1794 563 ἐπιόντα
1827 524 1915 563 σοι

227 586 397 656 λόγον
415 593 529 641 τῶν
547 591 735 641 καλῶν
755 589 880 654 περὶ
902 585 1032 651 τοὺς
1051 587 1222 652 θεούς
1243 610 1300 643 τε
1320 589 1409 643 καὶ
1430 586 1526 652 τὰς
1546 589 1696 653 θεάς.

367 673 484 722 ΑΘ.
509 664 698 722 ’Ἐσται
717 671 908 736 ταῦτα,
938 663 1012 721 ἀν
1040 665 1207 733 αὐτὸς
1234 666 1264 724 ὁ
1272 667 1429 749 θεὸς
1455 667 1586 741 ἡμῖν
1619 666 1912 740 ὑφηγῆται.

170 808 177 827 ἱ
228 749 501 817 ξυνεύχου
521 747 712 817 μόνον.

368 834 488 884 ΚΛ.
525 824 766 896 Λέγοις
741 850 810 882 αν
827 828 888 882 τὸ
910 829 1045 897 μετὰ
1066 836 1247 885 τοῦτο.

370 914 485 966 ΑΘ.
524 913 831 979 Θεογονίαν
850 915 1043 964 τοίνυν
1062 912 1152 964 καὶ
1180 914 1481 980 ζωογονίαν
1501 912 1821 983 ἀναγκαῖον,
1844 935 1916 978 ως

227 998 388 1061 ἔοικε,
409 989 634 1062 πρῶτόν
661 1011 756 1088 μοι
784 995 970 1055 κακῶς
999 989 1423 1048 ἀπεικασάντων
1453 999 1565 1048 τῶν
1597 997 1915 1064 ἔμπροσθεν

228 1077 445 1145 βέλτιον
480 1069 774 1128 ἀπεικάσαι
807 1071 946 1127 κατὰ
990 1070 1089 1128 τὸν
1127 1078 1448 1144 ἔμπροσθεν
1481 1075 1670 1146 λόγον,
1708 1072 1919 1130 ἀναλα-

228 1151 440 1226 βόντα
423 1153 490 1210 όν
509 1152 648 1223 πρὸς
666 1152 799 1219 τούς
816 1153 1031 1226 ἀσεβεῖς
1050 1156 1428 1228 ἐπικεχείρηκα
1449 1155 1669 1237 λόγους,
1690 1157 1916 1226 φράζων

157 1254 192 1294 D
230 1235 303 1301 ὡς
333 1238 434 1292 εἰσὶ
462 1238 588 1291 θεοὶ
618 1237 1041 1307 ἐπιμελούμενοι
1069 1236 1315 1307 πάντων,
1349 1244 1600 1309 σμικρῶν
1625 1240 1716 1295 καὶ
1735 1238 1919 1309 μειζό-

226 1341 362 1389 νων,
391 1320 484 1374 καὶ
513 1319 710 1387 σχεδὸν
741 1316 1175 1390 ἀπαραμύθητοι
1199 1326 1313 1375 τῶν
1341 1324 1466 1390 περὶ
1503 1321 1570 1376 τὰ
1603 1321 1784 1377 δίκαιά
1816 1325 1919 1376 εἰσι

226 1401 522 1499 πράγματα
539 1432 612 1446 ·—·
633 1404 683 1455 εἰ
702 1398 769 1470 δὴ
790 1402 1081 1478 μέμνησθέ
1101 1422 1180 1470 γε,
1213 1423 1256 1456 ω
1283 1407 1533 1457 Κλεινία·
1567 1401 1788 1474 ἐλάβετε
1816 1403 1918 1472 μὲν

227 1484 335 1554 γὰρ
357 1483 423 1552 δὴ
451 1486 541 1537 καὶ
559 1478 959 1553 ὑπομνήματα·
1001 1485 1094 1536 καὶ
1113 1480 1221 1551 γάρ
1239 1476 1313 1552 ἦν
1332 1482 1398 1537 τὰ
1421 1485 1664 1554 ρηθέντα
1683 1484 1806 1538 τότε
1825 1483 1918 1538 καὶ

228 1565 376 1636 μάλα
397 1562 605 1633 ἀληθῆ·
643 1562 771 1618 τόδε
790 1566 850 1618 δὲ
868 1561 1054 1618 αὐτῶν
1072 1558 1147 1634 ἦν
1167 1561 1227 1618 τὸ
1250 1567 1526 1633 μέγιστον,
1557 1563 1643 1619 ότι
1672 1563 1886 1635 πρεσβ’
1858 1584 1919 1619 υ-

226 1667 389 1715 τερον
409 1652 493 1713 εἴη
523 1645 670 1714 ψυχὴ
699 1645 952 1715 σώματος
982 1642 1169 1699 ἅπασα
1199 1643 1429 1710 παντός·
1469 1638 1577 1716 ἀρα
1607 1647 1918 1717 μέμνησθε;

224 1725 260 1798 ἢ
283 1727 502 1789 πάντως
521 1744 634 1779 που
654 1726 818 1780 τοῦτό
847 1747 939 1796 γε;
978 1722 1008 1780 ὃ
1035 1726 1143 1798 γὰρ
1174 1726 1403 1797 ἄμεινον
1431 1729 1522 1783 καὶ
1552 1729 1919 1799 παλαιότερον

225 1812 318 1865 καὶ
335 1810 771 1878 θεοειδέστερον,
803 1804 1052 1863 πιθανὸν
1078 1806 1163 1862 ὅτι
1190 1813 1293 1863 τοῦ
1320 1813 1568 1880 χείρονος
1602 1812 1692 1865 καὶ
1720 1812 1920 1865 νεωτέ-

165 1912 198 1952 E
231 1913 336 1962 ρου
355 1891 447 1945 καὶ
466 1888 810 1960 ἀτιμοτέρου,
823 1895 1073 1962 πανταχῇ
1091 1910 1151 1946 τε
1171 1889 1342 1962 ἄρχον
1361 1889 1672 1962 ἀρχομένου
1683 1892 1918 1962 πρεσβύ-

138 2003 140 2006 ·
227 1994 390 2039 τερον
419 1973 510 2026 καὶ
536 1969 677 2041 ὅγον
706 1969 986 2042 ἀγομένου
1023 1971 1218 2042 πάντη.
1255 1971 1514 2043 λάβωμεν
1545 1972 1611 2046 δὴ
1643 1973 1808 2028 τοῦτό
1837 1995 1917 2043 γε,

228 2051 300 2117 ὡς
319 2052 465 2124 ψυχὴ
486 2052 871 2124 πρεσβύτερόν
889 2055 1004 2108 ἐστι
1019 2052 1286 2125 σώματος·
1308 2058 1358 2109 εἰ
1375 2051 1419 2108 6²
1441 2058 1549 2125 ἔχει
1567 2059 1731 2110 τοῦτο
1753 2053 1918 2126 οὕτω,

111 2155 196 2200 931
232 2135 295 2190 τό
316 2158 378 2205 γε
398 2143 621 2206 πρῶτον
650 2133 782 2206 ἡμῖν
810 2141 914 2191 τοῦ
934 2135 1158 2204 πρώτου
1186 2143 1282 2207 τῆς
1311 2137 1578 2206 γενέσεως
1606 2135 1921 2192 πιθανώτε-
1974 2140 1976 2190 3

232 2237 333 2283 ρον
351 2213 425 2272 ἂν
450 2226 532 2288 εἴη
559 2217 757 2287 σχεδὸν
776 2215 1162 2289 ὑπηργμένον·
1210 2220 1301 2275 καὶ
1323 2226 1518 2290 θῶμεν
1539 2217 1606 2289 δὴ
1625 2218 1728 2290 τὴν
1746 2217 1922 2290 ἀρχὴν

229 2302 325 2367 τῆς
345 2295 515 2366 ἀρχῆς
547 2296 1055 2369 εὐσχημονέστερον
1073 2305 1232 2372 ἔχειν,
1259 2302 1351 2357 καὶ
1378 2308 1492 2356 τῶν
1521 2306 1795 2372 μεγίστων
1823 2318 1921 2356 σο-

232 2387 363 2452 φίας
381 2383 506 2448 περὶ
523 2388 679 2436 θεῶν
696 2385 962 2450 γενέσεως
981 2382 1263 2453 ὀρθότατα
1282 2386 1589 2454 ἐπιβαίνειν
1605 2381 1760 2452 ἡμᾶς.

372 2468 492 2518 ΚΛ.
512 2461 688 2518 ’Ἑστω
707 2470 878 2519 ταῦτα
899 2468 974 2528 εἰς
993 2464 1234 2534 δύναμιν
1253 2463 1538 2532 λεγόμενα.

374 2551 491 2600 ΑΘ.
534 2546 676 2616 Φέρε
705 2546 790 2616 δή,
825 2545 966 2611 ζῶόν
1003 2567 1066 2615 γε
1100 2543 1448 2617 ἀληθέστατα
1484 2547 1745 2614 λέγεσθαι
1781 2543 1920 2599 κατὰ
1973 2567 1976 2613 j

233 2626 409 2698 φύσιν
441 2634 636 2698 φαῖμεν
667 2627 834 2683 τοῦτό
863 2648 945 2698 γε,
974 2628 1110 2684 ὅταν
1145 2634 1239 2699 μία
1279 2630 1631 2694 ξυνελθοῦσα
1661 2626 1922 2690 σύστασις
1971 2636 1976 2656 ·

231 2716 409 2780 ψυχῆς
429 2711 520 2766 καὶ
540 2709 792 2780 σώματος
812 2707 1051 2782 ἀποτέκῃ
1070 2715 1200 2781 μίαν
1220 2710 1472 2781 μορφήν;

375 2798 493 2848 ΚΛ.
528 2791 757 2864 Ὀρθῶς.
