1976 3172
238 131 307 182 30
854 132 1328 182 ΠΛΑΤῼΝΟΣ

379 270 498 322 KA.
533 268 668 330 Πως
686 262 794 336 γὰρ
816 263 913 330 οὕς
1259 308 1262 311 x

379 352 498 403 AQ.
540 351 610 402 Τί
623 339 755 414 οὗν;
792 344 922 410 τοὺς
943 350 1018 411 εἰς
1047 346 1114 402 τὰ
1141 351 1347 415 ἰατρεῖα
1377 345 1581 413 αὐτοὺς
1600 352 1922 419 βαδίζοντας
1951 356 1976 398 i

237 432 325 486 ἐπὶ
343 434 772 501 φαρμακοποσίᾳ
790 426 1014 497 αγνοεΐν
1041 428 1292 498 οἰόμεθα,
1315 428 1399 484 ὅτι
1417 428 1533 500 μετ’
1555 428 1746 501 ὀλίγον
1759 429 1923 487 ὕστε-
1966 399 1976 529 ἒ

238 532 339 583 ρον
359 512 451 566 καὶ
470 511 555 566 ἐπὶ
582 508 788 573 πολλάς
804 505 1009 579 ἡμέρας
1027 509 1211 574 ἕξουσι
1229 516 1485 567 τοιοῦτον
1513 511 1574 567 τό
1607 507 1923 582 σώμα,ὀἷον
1971 540 1976 587 ;

238 597 289 648 εἰ
303 591 392 647 διὰ
412 594 602 655 τέλους
620 594 762 661 ἔχειν
786 591 1053 660 μέλλοιεν,
1076 594 1174 662 ζῇν
1193 589 1299 646 οὐκ
1317 587 1391 647 ἄν
1420 597 1693 666 δέξαιντο;
1731 591 1771 666 ἢ
1788 592 1920 658 τοὺς
1972 598 1976 604 ’

157 714 164 724 ·
237 676 324 731 ἐπὶ
343 673 408 730 τὰ
429 674 708 745 γυμνάσια
728 675 819 730 καὶ
838 674 1045 738 πόνους
1064 674 1250 741 ἰόντας
1273 674 1378 732 οὐκ
1396 683 1557 748 ἴσμεν
1569 676 1923 743 οἱς-ἀσθενεῖς

237 761 313 821 εἰς
331 754 392 811 τὸ
416 762 748 827 παραχρῆμα
777 761 1094 827 γίγνονται,
1080 780 1092 793 ·

375 843 493 892 KA.
534 838 730 893 Πάντα
748 844 922 893 ταῦτα
942 845 1116 909 ἴσμεν.

376 924 493 975 ΑΘ.
533 918 693 976 Kaz'
661 941 747 976 οτι
774 925 871 991 τῆς
889 919 1024 992 μετὰ
1043 926 1217 977 ταῦτα
1238 921 1556 992 ωφελείας”
1524 943 1686 978 ενεκα
1707 922 1924 986 ἑκόντες

167 1046 169 1049 -
235 1003 603 1072 πορεύονται;

378 1088 495 1138 ΚΛ.
533 1082 830 1137 Κάλλιστα.

377 1170 495 1219 ΑΘ.
535 1162 766 1219 Οὐκοῦν
785 1162 887 1235 χρὴ
907 1164 998 1219 καὶ
1009 1168 1122 1219 τῶν
1133 1162 1321 1220 ἄλλων
1333 1163 1776 1235 ἐπιτηδευμάτων
1797 1167 1918 1236 πέρι
1965 1231 1973 1238 ἡ

238 1249 585 1302 διανοεῖσθαι
602 1243 703 1301 τὸν
719 1243 894 1302 αὐτὸν
911 1245 1152 1314 τρόπους

376 1332 496 1383 ΚΛ.
531 1327 699 1382 Πάνυ
715 1347 795 1396 γε.

374 1414 490 1464 AQ.
529 1408 639 1462 Καὶ
663 1411 761 1479 τῆς
789 1409 913 1477 περὶ
941 1408 1040 1464 τόν
1077 1405 1288 1464 οἶνον’
1262 1408 1374 1479 άρα
1403 1411 1683 1480 διατριβῆς
1714 1404 1921 1476 [ὡσαύ-

235 1479 341 1554 τως
372 1491 732 1560 διανοητέον],
763 1496 915 1559 εἴπερ
943 1492 1027 1544 ἔνι
1055 1493 1221 1545 τοῦτο
1247 1491 1309 1545 ἐν
1337 1489 1552 1555 τούτοις
1579 1484 1787 1560 ὀρθῶς
1798 1492 1922 1543 δια-
1963 1489 1969 1494 ’

235 1577 528 1642 νοηθῆναι.

363 1658 495 1708 ΚΛ.
529 1657 662 1717 Heus
682 1649 735 1708 δ’
759 1651 858 1719 οὕς

378 1740 494 1789 ΑΘ.
523 1730 624 1789 ''Av
654 1733 763 1806 ἄρα
790 1732 915 1790 τινὰ
944 1733 1075 1807 ἡμῖν
1113 1733 1386 1805 ὠφέλειαν
1422 1739 1625 1805 ἔχουσα
1660 1739 1922 1805 φαίνηται
1973 1732 1976 1734 ’

236 1817 410 1887 μηδὲν
435 1820 532 1888 τῆς
551 1818 676 1887 περὶ
705 1816 767 1872 τὸ
798 1823 958 1889 σῶμα
987 1817 1212 1887 ἐλάττω,
1241 1822 1309 1888 τῇ
1338 1837 1402 1887 γε
1430 1814 1575 1888 ἀρχῇ
1597 1815 1701 1887 τὴν
1735 1831 1923 1887 σωμα-

238 1904 399 1953 σκίαν
417 1903 548 1970 νικᾷ
573 1903 648 1972 τῷ
668 1897 772 1969 τὴν
790 1899 893 1970 μὲν
911 1897 1032 1969 μετ”
1058 1897 1384 1969 ἀλγηδόνων
1403 1896 1560 1966 εἶναι,
1583 1896 1687 1968 τὴν
1706 1900 1764 1953 δὲ
1783 1897 1875 1968 μή.

378 1985 494 2035 ΚΛ.
530 1978 744 2051 Ὀρθῶς
775 1983 967 2052 λέγεις,
997 1980 1336 2051 θαυμάζοιμι
1366 1977 1415 2035 δ’
1434 1977 1533 2049 ὅν,
1565 1986 1616 2035 εἰ·
1647 2000 1698 2034 τι
1727 1982 1922 2034 δυναί-

236 2069 384 2131 μεθα
402 2067 662 2117 τοιοῦτον
679 2063 742 2118 ἐν
761 2060 912 2134 αὐτῷ
927 2063 1294 2133 καταμαθεῖν.

377 2149 492 2198 ΑΘ.
532 2141 698 2197 Τοῦτ’
720 2140 855 2199 αὐτὸ
880 2142 947 2214 δὴ
965 2148 1092 2215 νῦν,
1109 2140 1183 2209 ὡς
1201 2139 1343 2214 ἔοιχ’,
1362 2139 1495 2214 ἡμῖν
1512 2139 1616 2214 ἤδη
1638 2143 1923 2212 πειρατέον

237 2222 480 2294 φράζειν.
522 2229 615 2277 καί
642 2244 737 2293 μοι
764 2225 913 2292 λέγε·
954 2225 1058 2279 δύο
1095 2223 1294 2295 φόβων
1328 2227 1444 2293 εἴδη
1477 2222 1674 2293 σχεδὸν
1702 2225 1923 2279 ἐναντία

238 2305 534 2377 δυνάμεθα
552 2310 917 2375 κατανοῆσαι,
902 2328 915 2341 ·

380 2392 499 2444 KA.
533 2393 678 2442 Ποῖα
707 2385 803 2456 δή;

379 2478 496 2528 ΑΘ.
542 2469 622 2525 Τα
640 2467 851 2525 τοιάδε·
873 2466 1209 2558 φοβουμεθα
1235 2470 1337 2539 μέν
1358 2485 1470 2522 που
1487 2465 1554 2521 τὰ
1573 2464 1733 2536 κακά,
1754 2485 1921 2537 προς-

242 2558 516 2618 δοκῶντες
543 2550 894 2631 γενήσεσθαι.

382 2641 500 2692 ΚΛ.
538 2638 668 2690 Ναί.

381 2725 500 2775 ΑΘ.
541 2715 883 2823 Φοβούμεθα
915 2718 978 2771 δέ
1001 2735 1066 2786 γε
1093 2713 1358 2779 πολλάκις
1395 2713 1580 2783 δόξαν,
1617 2710 1920 2783 ἡγούμενοι

244 2801 571 2868 δοξάζεσθαι
588 2802 750 2858 κακοὶ
769 2797 1102 2870 πράττοντες
1117 2794 1154 2870 ἢ
1173 2799 1423 2869 λέγοντές
1438 2818 1489 2853 τι
1507 2817 1620 2853 των
1630 2795 1702 2867 μὴ
1714 2800 1916 2851 καλῶν·
