1976 3172
234 158 335 213 178
845 162 1018 210 HAA
1038 161 1318 210 ΤῼΝΟΣ

231 317 323 361 τος
346 300 448 350 τοῦ
465 293 673 364 χρόνον
706 295 798 350 καὶ
825 300 940 350 τῶν
966 294 1247 361 δοξάντων
1276 299 1419 370 ἔργῳ
1447 295 1793 368 πειρώμενον
1821 292 1911 368 ἀρ’

232 385 334 433 οἰέι
353 376 477 432 τινὰ
497 373 673 441 οὕτως
697 375 921 448 ἄφρονα
940 380 1229 449 γεγονέναι
1248 380 1580 450 νομοθέτην,
1601 375 1724 444 ὥστ’
1746 377 1916 450 ἀγνο-

231 469 332 530 εῖν,
363 456 447 515 ὅτι
476 457 773 530 πάμπολλα
801 457 1016 532 ἀνάγκη
1044 465 1486 539 παραλείπεσθαι
1505 465 1751 534 τοιαῦτα,
1773 458 1807 517 ἃ
1836 465 1919 518 δεῖ

229 542 354 596 τινὰ
371 539 751 618 ξυνεπόμενον
766 543 1196 613 ἐπανορθοῦν,“
1173 564 1265 598 ινα
1293 546 1517 616 μηδαμῇ
1548 548 1765 614 χείρων,
1786 548 1916 614 βελ-

100 648 112 653 ⁴>
169 637 220 679 Ε
232 626 366 678 τίων
397 622 458 679 δὲ
492 619 526 694 ἡ
564 627 808 679 πολιτεία
845 626 938 680 καὶ
967 620 998 679 ὁ
1034 624 1242 696 κόσμος
1270 622 1354 681 ἀει
1382 630 1635 697 γίγνηται
1662 627 1787 696 περὶ
1815 622 1918 695 τὴν

230 701 544 779 ᾠκισμένην
565 702 717 779 αὐτῷ
744 704 935 773 πόλιν;

370 792 490 843 KA.
529 788 714 858 Εἰκός,
734 808 852 853 πως
871 786 976 885 γὰρ
997 787 1095 857 ού;
1125 789 1434 860 βούλεσθαι
1450 788 1633 845 πάντα
1652 785 1916 844 ὁντινοῦν

225 867 287 924 τό
315 875 590 924 τοιοῦτον.

367 957 487 1006 ΑΘ.
528 946 758 1006 Οὐκοῦν
798 955 852 1005 εἴ
878 955 959 1014 τίς
986 971 1108 1005 τινα
1140 971 1391 1022 μηχανην
1430 957 1541 1022 ἔχοι
1577 951 1715 1024 πρὸς
1750 956 1915 1007 τοῦτο

228 1037 371 1106 ἔργῳ
409 1033 501 1088 καὶ
535 1030 739 1102 λόγοις,
772 1037 896 1088 τίνα
923 1031 1135 1103 τρόπον
1169 1033 1442 1098 διδάξειεν
1477 1029 1549 1088 ἀν
1581 1035 1771 1105 ἕτερον
1810 1041 1916 1088 εἴτε

227 1118 450 1185 μείζονα
488 1121 594 1170 εἴτε
625 1113 830 1170 ἐλάττω
867 1115 992 1186 περὶ
1020 1111 1173 1169 τοῦτ’
1197 1117 1338 1184 ἔχειν
1362 1118 1603 1184 ἔννοιαν,
1636 1112 1785 1178 ὅπως
1814 1111 1917 1184 χρὴ
1964 1149 1976 1194 ³1

229 1194 533 1267 φυλάττειν
570 1197 662 1252 καὶ
690 1198 1055 1266 ἐπανορθοῦν
1086 1196 1314 1268 νόμους,
1345 1194 1449 1253 οὐκ
1477 1195 1550 1253 άν
1579 1217 1710 1253 ποτε
1739 1199 1916 1267 λέγων

229 1276 463 1334 ἀπείποι
469 1275 531 1334 τὸ
553 1283 810 1334 τοιοῦτον
829 1279 961 1347 πρὶν
979 1280 1066 1334 ἐπὶ
1084 1283 1237 1344 τέλος
1255 1281 1470 1346 ἐλθεῖν;

19 1399 24 1406 ·
110 1375 201 1422 770
369 1366 488 1416 KA.
524 1358 782 1430 Πῶςγάρ
805 1358 900 1427 ού;

368 1449 486 1498 ΑΘ.
509 1442 760 1498 Ὀὐκοῦν
786 1444 848 1498 ἐν
877 1447 953 1516 τῷ
985 1448 1095 1498 νῦν
1123 1443 1357 1512 παρόντι
1386 1442 1645 1513 ποιητέον
1674 1443 1795 1512 ἐμοὶ
1825 1445 1914 1497 καὶ

227 1528 393 1600 σφῷν
413 1529 576 1579 τοῦτο
594 1547 607 1588 ;

367 1611 486 1660 KA.
532 1603 607 1660 T6
631 1615 793 1660 ποῖον
815 1603 880 1676 δὴ
907 1607 1105 1675 λέγεις;

368 1693 487 1744 ΑΘ.
521 1685 731 1758 Ἐπειδὴ
764 1695 1095 1758 νομοθετεῖν
1133 1691 1235 1760 μὲν
1262 1691 1552 1760 μέλλομεν,
1586 1684 1819 1759 ᾕρηνται
1857 1687 1915 1743 δε

224 1768 357 1842 ἡμῖν
380 1770 789 1841 νομοφύλακες,
810 1768 965 1842 ἡμεῖς
987 1767 1038 1825 δ’
1066 1772 1126 1826 ἐν
1148 1773 1380 1842 δυσμαῖς
1398 1774 1499 1824 τοῦ
1519 1773 1665 1841 βίον,
1686 1771 1742 1825 οἱ
1757 1767 1810 1824 δ’
1843 1791 1914 1834 ως
1960 1768 1976 1856 {3

227 1851 368 1922 πρὸς
386 1850 528 1923 ἡμᾶς
552 1855 686 1925 νέοι,
707 1851 821 1924 ἅμα
835 1855 956 1924 μέν,
979 1851 1053 1918 ω’ς
1079 1874 1279 1923 φαμεν,
1303 1855 1389 1908 δει
1404 1859 1734 1923 νομοθετεῖν
1752 1851 1912 1922 ἡμᾶς,
1960 1875 1976 1944 3

226 1933 342 2006 ἅμα
363 1934 422 1991 δὲ
453 1939 755 2003 πειρᾶσθαι
780 1947 962 1992 ποιεῖν
987 1936 1078 1991 καὶ
1105 1935 1339 2001 τούτους
1366 1932 1571 2000 αὐτοὺς
1605 1934 1913 2005 νομοθέτας
1959 1966 1976 2027 3

223 2036 283 2072 τε
300 2017 395 2073 καὶ
415 2015 815 2088 νομοφύλακας
830 2022 906 2083 εἰς
924 2017 985 2074 τὸ
1009 2018 1270 2074 δυνατόν.

154 2113 194 2157 Β
366 2105 487 2157 ΚΛ.
522 2104 593 2155 Τί
612 2100 753 2172 μήν;
787 2106 939 2172 εἴπερ
961 2095 1071 2157 οἷοί
1085 2103 1145 2156 τέ
1158 2123 1194 2172 γ
1197 2097 1444 2172 ’ἐσμὲν
1421 2122 1640 2165 ικανως.
1951 2142 1976 2172 4„

367 2189 484 2238 ΑΘ.
517 2180 663 2239 Ἀλλ’
686 2178 792 2238 οὖν
809 2186 1065 2256 πειρατέα
1084 2204 1148 2254 γε
1168 2183 1261 2240 καὶ
1279 2184 1655 2254 προθυμητεά.
1972 2221 1976 2256 ¹

365 2268 483 2318 KA.
525 2269 658 2328 Πῶς
681 2262 790 2336 γάρ
817 2266 914 2333 οὕς
1960 2294 1976 2347 »3

364 2347 467 2398 XV.
505 2351 624 2400 ΛΘ.
660 2349 925 2416 Λέγωμεν
951 2348 1016 2418 δὴ
1048 2348 1189 2418 πρὸς
1218 2344 1447 2412 αὐτούς·
1484 2339 1531 2400 οἷ
1556 2350 1708 2416 φίλοι
1733 2348 1910 2412 σωτῆ-
1968 2350 1976 2424 ᾗ

225 2447 316 2498 ρες
346 2425 554 2497 νόμων,
583 2422 753 2496 ἡμεῖς.
765 2428 891 2494 περὶ
919 2428 1166 2483 ἑκάστων
1194 2421 1274 2482 ὧν
1299 2433 1527 2497 τίθεμεν
1554 2425 1686 2489 τοὺς
1702 2423 1910 2494 νόμους
1966 2428 1971 2491 j

132 2520 135 2526 ⁴
225 2507 521 2579 πάμπολλα
540 2513 978 2578 παραλείψομεν·
1016 2505 1230 2579 ἀνάγκη
1250 2507 1382 2578 γάρ·
1415 2505 1484 2563 οὐ
1503 2503 1614 2578 μὴν
1644 2502 1773 2560 ἀλλ’
1806 2502 1909 2559 ὅσα
1963 2548 1968 2582 ί

225 2611 288 2660 γε
307 2588 380 2660 μὴ
403 2586 606 2660 σμικροὶ
626 2585 719 2644 κἀὶ
738 2587 798 2644 τὸ
819 2587 953 2645 ὅλον
975 2594 1048 2655 εἰς
1068 2589 1309 2661 δύναμιν
1336 2586 1439 2645 οὐκ
1470 2587 1754 2660 ἀνήσομεν
1773 2584 1907 2642 ἀπε-

226 2671 491 2744 ριήγητον
509 2670 770 2743 καθάπερ
787 2673 895 2728 τινὶ
914 2678 1228 2745 περιγραφῇ
1242 2694 1253 2706 ·
1290 2678 1455 2727 τοῦτο
1477 2670 1536 2727 δὲ
1566 2671 1748 2742 δεήσει
1767 2687 1908 2739 συμ-

225 2760 480 2825 πληροῦν
500 2751 646 2825 ὑμᾶς
663 2754 724 2811 τὸ
745 2759 1101 2829 περιηγηθέν.
1137 2754 1266 2812 ὅποι
1287 2754 1344 2811 δὲ
1362 2761 1659 2827 βλέποντες
1679 2751 1907 2823 δράσετε
1959 2771 1961 2779 ⁴

164 2856 195 2897 c
225 2837 284 2894 τό
306 2843 578 2908 τοιοῦτον,
601 2836 829 2896 ἀκούειν
846 2839 964 2912 χρή.
1001 2842 1280 2910 Μέγιλλος
1304 2839 1405 2912 μὲν
1431 2837 1538 2910 γάρ
1568 2840 1658 2895 καὶ
1686 2834 1792 2908 ἐγώ
1816 2836 1907 2891 καὶ
