1976 3172
207 558 251 600 C

165 2021 254 2066 354

278 166 382 217 276
899 126 1407 212 ΠΛΑΤΩΝΟΣ

276 319 368 363 τος
398 295 540 365 πρὸς
575 295 926 367 ἐπιτήδευσιν
962 294 1157 366 ἀρετῆς
1172 317 1182 327 ·
1217 298 1278 351 ἐν
1317 296 1376 353 δὲ
1414 303 1482 368 τῇ
1515 297 1740 370 τοιαύτῃ
1779 297 1842 354 τὸ
1876 302 1970 355 καὶ

277 377 474 445 ἀξιοῦν
492 383 590 450 τῆς
613 399 730 434 των
759 376 947 434 ἄλλων
976 382 1284 448 μοχθηρίας
1311 399 1427 434 των
1455 384 1730 449 μεγίστων
1760 379 1970 451 ἐμφύε-

279 465 418 516 σθαί
433 481 558 515 τινα
577 460 899 530 μεθέξοντα,
926 457 1066 513 ω’στε
1086 461 1202 513 δεῖν
1229 468 1560 529 νομοθετεῖν
1577 468 1971 531 προκαταλαμ-

285 540 533 613 βάνοντα
561 542 655 596 καὶ
684 527 1038 609 ἀπειλοῦντα,
1069 537 1170 594 ἐάν
1196 561 1277 604 τις
1311 546 1561 604 τοιοῦτος
1592 544 1861 611 γίγνηται,
1882 543 1974 596 καὶ

278 623 498 678 τούτων
513 619 832 692 ἀποτροπῆς
849 642 909 677 τε
928 622 1092 676 ἕνεκα
1121 623 1213 676 καὶ
1239 623 1560 692 γενομένων
1589 622 1870 687 κολάσεως
1888 643 1973 677 τι·-

278 710 443 761 θέναι
461 702 542 760 ἐπ’
561 701 748 771 αὐτοῖς
767 702 977 772 νόμους
992 699 1064 767 ὥς
1081 704 1380 774 ἐσομένοις,
1398 702 1533 776 ὅπερ
1555 702 1728 774 εἷπον,
1744 703 1974 775 αἰσχρὸν

279 788 381 855 μέν
399 806 524 840 τινα
546 786 758 855 τρόπον
774 806 785 818 ·
816 782 1002 854 ἐπειδὴ
1023 786 1082 838 δὲ
1104 784 1190 852 οὐ,
1210 784 1467 853 καθάπερ
1490 788 1547 840 oc
1560 789 1779 841 παλαιοὶ
1800 807 1976 856 νομο-

279 867 443 921 θέται
467 870 625 920 θεαῖν
644 867 799 919 παισὶ
818 864 1294 933 νομοθετούμενοι
1317 877 1430 928 τοῖς
1447 864 1679 935 ἥρωσιν,
1702 864 1775 929 ὥς
1806 864 1835 921 ὁ
1866 872 1976 922 νῦν

281 944 464 1018 λόγος,
488 943 652 1000 αὐτοί
666 943 716 1000 τ’
736 947 798 1000 ἐκ
818 949 976 999 θεῶν
992 943 1149 1008 ὄντες
1169 942 1358 1009 ἄλλοις
1376 965 1434 999 τε
1454 947 1513 1000 ἐκ
1533 946 1804 1003 τοιούτων
1822 967 1975 1017 γεγο-

281 1026 447 1084 νόσιν
482 1029 880 1099 ἐνομοθέτουν,
927 1022 1048 1080 ἀλλ’
1094 1024 1398 1097 ἄνθρωποί
1426 1047 1484 1081 τε
1519 1028 1611 1082 καὶ
1647 1025 1973 1097 ἀνθρώπων

282 1111 558 1180 σπέρμασι
594 1111 1019 1180 νομοθετοῦμεν
1047 1106 1115 1163 τά
1143 1113 1269 1179 νῦν,
1301 1106 1641 1180 ἀνεμέσητον
1678 1110 1745 1181 δὴ
1781 1115 1976 1180 φοβεῖ-

284 1197 437 1260 σθαι,
444 1191 534 1262 μή
553 1213 633 1256 τις
650 1193 968 1263 ἐγγίγνηται
986 1195 1102 1246 τῶν
1120 1196 1364 1246 πολιτῶν
1390 1187 1523 1262 ἡμῖν
1552 1185 1673 1247 οἷον
1698 1191 1976 1263 κερασβό-

282 1280 394 1343 λος,
415 1269 475 1338 ὃς
495 1269 790 1345 ἀτεράμων
808 1276 884 1337 εἰς
898 1278 1172 1329 τοσοῦτον
1191 1273 1358 1343 φύσει
1382 1270 1620 1345 γίγνοιτ’
1643 1269 1715 1330 ἀν
1743 1272 1882 1330 ὥστε
1901 1271 1975 1345 μὴ

281 1357 573 1428 τήκεσθαι,
606 1357 776 1412 *καὶ*
795 1355 1054 1427 καθάπερ
1074 1358 1257 1411 ἐκεῖνα
1284 1353 1352 1410 τά
1383 1358 1666 1426 σπέρματα
1693 1362 1844 1428 πυρί,
1878 1356 1976 1410 νό-

282 1461 405 1510 μοις
426 1432 583 1493 οὖτοι
601 1442 800 1509 καίπερ
822 1436 1000 1501 οὕτως
1029 1441 1270 1507 ἰσχυροῖς
1291 1429 1460 1492 ,οὖσιν
1486 1437 1710 1508 ἄτηκτοι
1736 1443 1976 1506 γίγνων-

281 1541 386 1574 ται.
425 1514 505 1574 ὦν
526 1517 593 1590 δὴ
618 1519 783 1590 χάριν
813 1517 916 1574 οὐκ
946 1521 1194 1590 ἐπίχαριν
1213 1515 1423 1589 λέγοιμ’
1448 1513 1519 1573 ἀν
1544 1524 1766 1586 πρῶτον
1798 1518 1976 1588 νόμον

281 1598 450 1670 ἱερῶν
468 1600 593 1667 περὶ
614 1599 914 1670 συλήσεως,
936 1597 1008 1654 ἄν
1026 1621 1107 1663 τις
1131 1604 1297 1654 τοῦτο
1319 1602 1462 1671 δρᾷν
1481 1605 1671 1671 τολμᾷ.
1709 1600 1800 1654 καὶ
1820 1603 1976 1654 πολί-

281 1703 382 1752 την
415 1681 518 1751 μὲν
553 1686 667 1736 τῶν
698 1682 1104 1752 τεθραμμένων
1139 1678 1329 1751 ὀρθῶς
1367 1677 1488 1736 οὔτ’
1533 1676 1605 1736 ἀν
1633 1684 1976 1752 βουλοίμεθα

284 1761 415 1818 οὔτε
434 1760 693 1817 ἐλπιστὸν
713 1763 864 1818 πάνυ
884 1783 935 1818 τι
953 1767 1192 1833 νοσῆσαί
1210 1782 1341 1818 ποτε
1361 1759 1434 1817 ἂν
1453 1761 1660 1833 ταύτην
1672 1760 1775 1833 τὴν
1788 1762 1976 1832 νόσον,

282 1844 488 1900 οἰκέται
508 1843 567 1899 δὲ
587 1840 660 1899 ἀν
680 1845 896 1900 τούτων
916 1846 1007 1900 καὶ
1027 1847 1172 1910 ξένοι
1189 1846 1280 1900 καὶ
1301 1847 1474 1910 ξένων
1494 1847 1687 1899 δοῦλοι
1705 1844 1883 1899 πολλοὶ
1906 1840 1976 1898 ἀν

283 1925 686 1998 ἐπιχειρήσειαν
712 1931 970 1982 τοιαῦτα·
1020 1918 1101 1981 ὦν
1138 1928 1300 1982 ἕνεκα
1329 1924 1431 1997 μὲν
1461 1925 1713 1997 μάλιστα,
1743 1924 1892 1996 ὅμως
1919 1925 1976 1981 δὲ

280 2010 371 2064 καὶ
394 2007 690 2078 ξύμπασαν
707 2006 814 2079 τὴν
832 2016 927 2082 τῆς
948 2006 1311 2081 ἀνθρωπίνης
1327 2008 1554 2080 ιφύσεως
1573 2006 1873 2065 ἀσθένειαν
1894 2007 1976 2064 εὐ<

282 2090 645 2162 λαβούμενος,
666 2092 775 2159 ἐρῶ
795 2091 894 2147 τὸν
921 2097 1036 2146 τῶν
1056 2086 1366 2163 ἱεροσύλων
1393 2093 1517 2162 πέρι
1545 2091 1724 2163 νόμον
1755 2093 1976 2147 καὶτῶν

283 2169 470 2227 ἄλλων
500 2171 729 2227 πάντων
758 2176 875 2228 τοὸν
904 2171 1191 2245 τοιούτων,
1225 2172 1331 2230 ὅσα
1369 2177 1599 2230 δυσίατα
1635 2174 1727 2230 καὶ
1765 2170 1976 2246 ἀνίαταξ

284 2257 548 2323 προοίμια
581 2255 641 2333 δε
663 2253 911 2311 τούτοισι
932 2254 1072 2311 κατὰ
1101 2255 1202 2312 τὸν
1227 2260 1549 2328 ἔμπροσθεν
1577 2254 1748 2327 λόγον
1775 2253 1976 2328 ὁμολο-

224 2374 227 2379 -
282 2335 530 2403 γηθέντα
550 2339 900 2406 προρρητέον
926 2336 1134 2394 ἅπασιν
1154 2336 1228 2403 ὡς
1256 2339 1586 2410 βραχύτατα.
1628 2342 1779 2408 λέγοι
1805 2338 1876 2407 δή
1900 2355 1976 2400 τις

217 2672 247 2711 Β

285 2409 359 2468 ἂν
377 2415 569 2487 ἐκείνω
592 2416 1039 2486 διαλεγόμενος’“’
1003 2440 1117 2487 αμα
1134 2420 1226 2474 καὶ
1221 2419 1767 2522 παραμυθούμενος,
1783 2414 1850 2472 ὃν
1868 2419 1976 2472 ἐπι-

284 2500 463 2565 θυμία
484 2493 626 2568 κακὴ
647 2504 1049 2568 παρακαλοῦσα
1060 2497 1183 2569 μεθ’
1203 2497 1415 2570 ἡμέραν
1433 2520 1491 2554 τε
1509 2501 1600 2555 καὶ
1618 2502 1976 2571 ἐπεγείρουσα

285 2578 508 2650 νύκτωρ
528 2579 620 2634 ἐπί
635 2600 687 2634 τι
713 2585 828 2636 τῶν
857 2579 1082 2652 ἰερων’
1060 2579 1183 2652 άγει
1211 2581 1542 2654 συλήσοντα,
1574 2582 1732 2658 τάδε·
1764 2605 1805 2638 ω
1827 2589 1976 2656 θαυ-

286 2657 466 2730 μάσιε,
489 2658 593 2716 οὐκ
613 2659 985 2734 ἀνθρώπινόν
1005 2678 1066 2720 σε
1085 2663 1262 2737 κακὸν
1285 2664 1416 2722 οὐδε
1433 2673 1594 2726 θεῖον
1613 2655 1757 2722 κινεῖ
1783 2663 1844 2719 τὸ
1867 2686 1938 2719 νυ

286 2742 374 2797 ἐπὶ
393 2739 495 2812 τὴν
511 2746 828 2815 ἱεροσυλίαν
850 2748 1164 2818 προτρέπον
1186 2727 1342 2817 ἰέναι,
1364 2746 1580 2821 οἶστρος
1611 2751 1675 2803 δέ
1691 2750 1755 2803 σέ
1779 2768 1858 2812 τις
1879 2660 1976 2903 έμὶ

285 2823 570 2893 φυόμενος
608 2827 667 2881 ἐκ
707 2834 956 2884 παλαιων
1003 2831 1093 2885 καὶ
1131 2822 1468 2901 ἀκαθάρτων
1501 2841 1613 2896 τοῖς
1650 2829 1946 2901 ἄνθρωποι
