1976 3172
690 151 1006 202 NOMszN
1040 144 1099 214 γ’.
1676 152 1745 206 79

0 270 1 302 ³
54 298 235 363 σχῆμα
254 288 316 346 τό
337 288 655 359 σωζόμενον
672 281 743 339 οὐ
762 283 1028 354 σμικρόν·
1048 283 1308 356 καθάπερ
1326 293 1436 342 νῦν
1452 285 1553 344 τὸν
1570 291 1746 361 μέγαν

0 363 3 405 ¹
54 376 285 447 βασιλέα
323 370 660 444 φοβούμεθα
687 362 861 437 ἡμεῖς,
891 367 983 420 καὶ
1010 364 1134 421 τότε
1159 368 1380 438 ἐκείνην
1406 368 1510 439 τὴν
1539 386 1747 428 συστα-

0 499 1 503 ,
57 465 259 512 θεῖσαν
277 453 543 516 σύνταξιν
561 448 818 504 ἐδέδισαν
835 448 894 502 oc
908 446 1047 502 τότε.
1070 450 1209 518 μέγα
1227 447 1336 520 γὰρ
1350 452 1592 523 ἔγκλημα
1609 452 1749 523 πρὸς

57 535 265 602 αὐτούς
290 533 325 607 ἡ
355 540 452 604 τῆς
483 534 684 602 Τροίας
710 527 915 593 ἅλωσις
950 527 1012 583 τὸ
1049 527 1315 599 δεύτερον
1341 532 1612 602 ἐγεγόνει·
1649 541 1746 605 τῆς
1771 553 1833 593 D

55 619 224 690 ἀρχῆς
244 615 352 687 γὰρ
362 621 460 687 τῆς
476 604 753 670 ἐκείνων’
717 634 789 682 ην
800 609 1014 682 μόριον.
1035 608 1174 682 πρὸς
1189 610 1256 683 δὴ
1269 611 1418 670 ταῦτ’
1434 637 1508 686 ην
1517 616 1747 688 πανταη

54 722 156 757 του
134 699 545 769 ιστρατοπέδου
554 701 658 751 τοῦ
667 693 791 750 τότε
804 696 1203 764 διανεμηθεῖσα
1214 698 1291 760 εἰς
1303 707 1449 768 τρεῖς
1459 695 1646 763 πόλεις
1655 720 1748 754 κα·

56 798 298 851 τασκευη
318 785 417 851 μία
435 778 545 834 ὑπὸ
566 778 843 850 βασιλέων
866 772 1147 846 άδελφων,
1166 775 1406 833 παίδων
1405 781 1748 851 Ηρακλέους,

55 868 255 932 καλῶς,
277 858 351 926 ὥς
378 859 575 929 ἐδόκει,
604 858 955 930 ἀνευρημένη
979 860 1072 914 καὶ
1101 865 1627 934 κατακεκοσμημένη
1656 865 1749 919 καὶ

55 942 435 1015 διαφερόντως
462 947 560 1014 τῆς
598 943 686 996 ἐπὶ
719 937 825 1011 τήν
863 943 1072 1010 Τροίαν
1105 938 1462 1014 ἀφικομένης.
1519 948 1748 1015 πρῶτον

0 1029 11 1079 ³.
55 1027 159 1095 μὲν
205 1025 315 1096 γὰρ
361 1021 494 1088 τοὺς
539 1021 900 1094 Ἡρακλείδας
950 1027 1064 1078 τῶν
1105 1028 1439 1081 Πελοπιδῶν
1485 1022 1749 1098 ἀμείνους

4 1160 7 1165 „
56 1104 298 1176 ἡγοῦντο
318 1104 606 1177 ἀρχόντων
633 1104 905 1174 ἄρχοντας
923 1107 1082 1174 ἔχειν,
1112 1104 1281 1161 ἔπειτ’
1315 1100 1391 1163 αὖ
1421 1106 1482 1164 τὸ
1515 1107 1749 1177 στρατό-

52 1191 229 1243 πεδον
251 1193 417 1244 τοῦτο
445 1192 548 1243 τοῦ·
575 1188 664 1242 ἐπὶ
694 1189 901 1256 Τροίαν
918 1179 1267 1257 ἀφικομένου
1295 1191 1582 1260 διαφέρειν
1608 1188 1746 1262 πρὸς
1773 1198 1808 1240 Ε

54 1266 285 1341 ἀρετήνό
320 1270 671 1338 νενικηκέναι
691 1267 802 1337 γὰρ
831 1269 1084 1338 τούτους,
1111 1268 1386 1339 ἡττᾶσθαι
1403 1271 1458 1344 δ’
1478 1270 1590 1328 ὑπὸ
1610 1275 1746 1331 τού-

47 1372 169 1405 των
189 1353 453 1418 ἐκείνους,
469 1345 718 1418 Ἀχαιούς
737 1346 903 1413 ὄντας
929 1347 1041 1404 ὑπὸ
1061 1355 1345 1418 Δωριέων.
1389 1347 1482 1425 ἆρ’
1513 1353 1616 1427 οὐχ
1646 1354 1748 1412 οὕ-

48 1452 159 1496 τως
178 1431 417 1503 οίόμεθα
435 1432 530 1486 καὶ
545 1435 616 1503 τῇ
634 1433 852 1504 διανοίᾳ
878 1430 1054 1503 ταύτῃ
1076 1433 1589 1502 κατασκευάζεσθαι
1618 1436 1749 1502 τοὺς

51 1513 207 1580 τότε;
690 1537 693 1540 ·

195 1601 327 1652 ΜΕ.
362 1595 532 1652 Πάνυ
549 1595 653 1668 μὲν
671 1588 792 1652 οὖν.

193 1684 315 1734 ΑΘ.
355 1675 587 1734 Οὐκοῦν
605 1679 701 1734 καὶ
717 1675 778 1734 τὸ
799 1682 1036 1749 βεβαίως
1053 1687 1274 1736 οἴεσθαι
1302 1678 1474 1738 ταῦθ’
1507 1682 1651 1749 ἕξειν
1669 1687 1747 1739 εἰ-

53 1758 151 1825 κὸς
176 1757 381 1824 αὐτοὺς
409 1761 501 1815 καὶ
528 1758 736 1831 χρόνον
766 1758 875 1816 τιν’
905 1783 978 1817 αν
1006 1761 1188 1819 πολὺν
1207 1765 1412 1834 μένειν,
1440 1786 1536 1821 ατε
1561 1785 1746 1833 κεκοι-
1777 1772 1863 1818 686

35 1840 375 1940 νωνηκότας
405 1841 509 1913 μὲν
539 1846 766 1898 πολλῶν
798 1842 1010 1900 πόνων
1022 1846 1116 1902 καὶ
1144 1845 1430 1904 κινδύνων
1466 1847 1742 1920 ἀλλήλοις,

50 1921 161 1980 ὑπὸ
191 1926 391 1994 γένους
418 1924 535 1980 δε’
506 1925 631 1991 ενός
658 1946 773 1982 των
797 1930 1073 1998 βασιλέων
1107 1926 1427 2002 ἀδελφῶν
1406 1930 1589 1987 όντων
1622 1935 1745 1987 δια-

50 2005 518 2079 κεκοσμημένους,
546 2005 688 2077 πρὸς
714 2008 934 2074 τούτοις
953 2010 1008 2065 δ’
1040 2015 1120 2067 ἔτι
1146 2014 1238 2067 καὶ
1266 2019 1488 2077 πολλοῖς
1515 2011 1746 2084 μάντεσι
1870 2074 1872 2077 ,

11 2120 17 2145 .=
50 2089 424 2165 κεχρημένους
442 2086 583 2144 εἶναι
608 2091 723 2153 τοῖς
746 2111 805 2145 τε
830 2088 1017 2156 ἄλλοις
1035 2092 1127 2147 καὶ
1146 2096 1226 2166 τῷ
1251 2098 1522 2164 Δελφικῷ
1548 2091 1744 2150 Ἀπόλ-
1775 2133 1782 2163 f
1817 2146 1820 2151 ,
1872 2134 1875 2137 -

14 2204 19 2214 v
49 2175 218 2236 λωνι;

193 2256 325 2307 ΜΕ.
362 2256 493 2316 Πῶς
512 2249 565 2308 δ’
587 2250 692 2310 οὐκ
709 2254 883 2321 είκός;

191 2339 310 2389 ΑΘ.
355 2339 544 2389 Ταῦτα
572 2332 640 2406 δὴ
671 2334 739 2391 τα
759 2335 973 2407 μεγάλα
1001 2336 1147 2393 οὕτω
1167 2338 1604 2411 προσδοκώμενα
1631 2343 1744 2397 διέ-

16 2437 23 2468 x
49 2434 237 2488 πατο,
268 2438 342 2483 ως
377 2421 539 2487 ἔοικε,
577 2416 703 2474 τότε
736 2417 891 2490 ταχύ,
921 2417 1068 2491 πλὴν
1102 2419 1242 2490 ὅπερ
1277 2428 1525 2493 εἴπομεν
1534 2428 1645 2480 νῦν
1674 2421 1742 2497 δὴ

18 2502 291 2565 σμικροῦ
307 2502 511 2570 μέρους
528 2506 633 2556 τοῦ
649 2503 777 2572 περὶ
795 2498 896 2558 τὸν
923 2498 1191 2574 ὑμέτερον
1221 2502 1421 2561 τόπον·
1457 2506 1550 2564 καὶ
1567 2511 1734 2564 τοῦτο
1769 2517 1799 2557 Β

56 2573 125 2647 δὴ
162 2576 300 2646 πρὸς
331 2579 399 2637 τὰ
443 2582 549 2639 δύο
573 2585 727 2656 μέρη
764 2590 1049 2657 πολεμοῦν
1093 2583 1163 2643 οὐ
1205 2586 1426 2645 πώποτε
1467 2592 1740 2646 πέπαυται

18 2659 212 2730 μέχρι
234 2655 301 2716 τὰ
317 2666 452 2720 νῦν·
479 2667 596 2723 ἐπεὶ
623 2670 895 2740 γενομένη
921 2689 985 2739 γε
1007 2669 1043 2741 ἡ
1074 2669 1198 2726 τότε
1230 2670 1448 2727 διάνοια
1478 2673 1571 2728 καὶ
1600 2675 1737 2742 ξυμ-

51 2739 360 2812 φωνήσασα
377 2747 453 2812 de
470 2747 586 2804 ἕν’
553 2749 940 2809 ανυπόστατον
960 2750 1032 2808 άν
1048 2774 1172 2810 τινα
1192 2754 1435 2825 δύναμιν
1455 2757 1577 2826 ἔσχε
1596 2752 1734 2811 κατὰ

19 2843 27 2873 ι
51 2822 309 2895 πόλεμον.
