1976 3172
706 133 1030 211 NoMszN‘
1060 153 1131 220 ξ
1490 127 1498 135 “
1651 157 1756 213 241

208 304 331 355 KA.
350 297 540 362 Ἴσως·
573 298 720 351 ἔοικε
736 298 880 365 γοῦν
895 290 936 364 ἥ
953 313 1014 348 τε
1032 298 1250 349 πεττεία
1278 296 1370 350 καὶ
1397 300 1571 351 ταῦτα
1589 292 1759 367 ἀλλή-
1785 303 1823 344 D

71 389 187 437 λων
212 379 281 436 τὰ
301 379 606 452 μαθήματα
622 374 695 433 οὐ
715 375 980 447 πάμπολυ
999 381 1355 446 κεχωρίσθαι.

210 468 329 519 ΛΘ.
374 466 562 517 Ταῦτα
580 463 773 516 τοίνυν
797 452 909 527 gy&
944 458 1064 527 μέν,
1099 451 1144 512 ῶ
1177 462 1422 527 Κλεινία,
1461 459 1601 529 φημὶ
1629 479 1764 524 τους

71 547 238 610 νέους
253 547 375 599 δεῖν
389 540 732 614 μανθάνειν·
750 540 844 594 καὶ
860 558 971 609 γαρ
990 537 1130 594 ου’τε
1138 537 1383 611 βλαβερα
1404 537 1534 594 οὔτε
1551 539 1762 609 χαλεπα

70 629 203 695 ἐστι,
222 645 359 696 μετα
389 624 451 679 δε
480 623 703 685 παιδιᾶς
732 618 846 690 ἅμα
884 618 1289 691 μανθανόμενα
1329 616 1604 691 ῶφελήσει
1639 621 1788 692 μέν,

69 706 273 777 βλάψει
305 703 368 760 δὲ
395 701 530 775 ἡμῖν
561 701 666 773 τὴν
693 700 859 757 πόλιν
886 699 1069 757 οὐδέν.
1105 705 1157 757 εί
1184 704 1252 758 δέ
1280 723 1360 766 τις
1396 699 1575 820 ἄλλως
1596 704 1761 773 λέγει,

68 787 392 843 ἀκουστέον.

137 902 141 907 ’
209 873 331 925 ΚΛ.
368 871 500 930 Πῶς
521 864 573 921 δ’
595 886 695 934 ου;

209 956 331 1006 ΑΘ.
362 946 525 1005 Ἀλλὰ
544 946 657 1020 μὴν
680 971 753 1004 αν
773 946 922 1003 οὕτω
940 953 1115 1002 ταῦτα
1135 950 1329 1017 ἔχοντα
1359 950 1639 1020 φαίνηται,
1663 952 1766 1019 δῆ-

72 1039 179 1088 λον
200 1029 275 1097 ὦς
296 1034 668 1103 ἐγκρινοῦμεν
696 1028 855 1100 αὐτα,
883 1029 958 1101 μὴ
989 1029 1165 1102 ταύτῃ
1194 1030 1254 1086 δὲ
1281 1030 1595 1102 φαινόμενα
1622 1036 1766 1102 ἔχειν

70 1111 524 1183 ἀποκριθήσεται.

213 1198 335 1249 KA.
370 1199 591 1264 Δῆλον·
627 1198 685 1248 τί
713 1193 854 1264 μήν;
888 1191 1103 1250 ουκοῦν
1137 1198 1265 1263 νῦν,
1304 1185 1351 1248 ῶ
1389 1196 1523 1264 ξένε,
1555 1198 1764 1251 κείσθω
1794 1203 1828 1244 Ε

71 1281 246 1330 ταῦτα
264 1272 340 1339 ῶς
357 1273 495 1331 ὄντα
511 1281 626 1330 τῶν
653 1275 902 1358 δεόντων
929 1275 1344 1346 μαθημάτων,“
1318 1297 1411 1352 ινα
1437 1274 1511 1348 μὴ
1539 1276 1766 1333 διακενα

70 1352 205 1425 ἡμῖν
221 1348 260 1427 ᾗ
277 1352 344 1410 τὰ
363 1360 479 1410 τῶν
497 1354 706 1425 νόμων.

16 1475 20 1496 .
213 1442 331 1493 ΑΘ.
368 1440 599 1492 Κείσθω
617 1438 805 1507 μέντοι
825 1435 1084 1507 καθάπερ
1114 1438 1347 1507 ἐνέχυρα
1367 1437 1570 1509 λύσιμα
1590 1441 1649 1494 ἐκ
1671 1445 1769 1511 τῆς

17 1509 20 1515 ’
72 1515 241 1589 αλλης
257 1523 550 1590 πολιτείας,
571 1514 725 1574 ssocv'⁸
687 1540 723 1589 η
743 1515 876 1583 τούς
897 1519 1103 1583 θέντας
1120 1514 1261 1590 ἡμᾶς
1279 1516 1316 1590 ἢ
1334 1521 1427 1575 καὶ
1445 1518 1578 1586 τούς
1594 1524 1769 1593 θεμέ-

70 1619 207 1664 νους
222 1596 373 1671 ὑμᾶς
390 1603 657 1672 μηδαμῶς
675 1605 1102 1671 φιλοφρονῆται.

212 1686 332 1737 KA.
371 1687 615 1739 Δικαίαν
633 1686 809 1753 λέγεις
825 1680 932 1754 τὴν
948 1685 1127 1739 θέσιν.

211 1766 365 1819 XXII.
403 1770 525 1821 ΑΘ.
549 1763 805 1835 Ἀστρων
842 1762 910 1835 δὴ
946 1762 1008 1821 τὸ
1039 1763 1175 1836 μετὰ
1193 1769 1366 1822 ταῦτα
1397 1764 1504 1839 όρα
1531 1765 1638 1839 τὴν
1664 1790 1767 1839 μα-

70 1852 245 1917 θησιν
278 1856 394 1912 τοῖς
427 1849 590 1918 νέοις,
628 1868 702 1902 αν
737 1844 882 1919 ἡμας
908 1843 1117 1921 αρέσκῃ
1151 1855 1410 1920 λεχθεῖσα
1445 1845 1482 1920 ἢ
1517 1850 1609 1906 καὶ
1633 1846 1769 1907 τοῦ-

70 1932 315 1985 ναντίον.

211 2015 331 2065 KA.
364 2014 507 2081 Λέγε
525 2011 720 2083 μόνον.

212 2097 333 2147 ΑΘ.
370 2095 483 2148 Καὶ
498 2093 612 2164 μὴν
628 2091 826 2164 θαῦμά
843 2086 913 2164 γε’
933 2096 1061 2164 περῑ
1078 2091 1219 2149 αὐτά
1245 2094 1360 2150 ἐστι
1377 2097 1516 2167 μέγα
1544 2097 1636 2152 καὶ
1663 2094 1768 2153 οὐ·

73 2174 259 2243 δαμῶς
276 2169 499 2245 οὐδαμῇ
519 2171 773 2230 ἀνεκτόν.

24 2259 25 2262 ’
215 2259 335 2310 KA.
377 2253 454 2311 Τό
475 2266 640 2312 ποῖον
661 2256 761 2328 δής
1793 2267 1881 2313 821

215 2341 336 2392 ΑΘ.
381 2337 496 2393 Τόν
511 2342 772 2410 μέγιστον
788 2336 934 2395 θεὸν
950 2340 1043 2394 καὶ
1061 2336 1196 2394 ὅλον
1214 2337 1315 2395 τὸν
1337 2339 1553 2411 κόσμον
1582 2342 1767 2413 φαμεν

68 2415 202 2476 οὔτε
232 2423 412 2491 ζητεῖν
446 2423 565 2477 δεῖν
591 2419 724 2477 οὔτε
752 2426 1244 2492 πολυπραγμονεῖν
1271 2420 1368 2486 τὰς
1399 2426 1573 2488 αἰτίας
1607 2426 1767 2495 ἐρευ-

26 2521 32 2558 ι
75 2506 314 2566 vimus·
351 2499 423 2557 οὐ
439 2500 548 2574 γὰρ
567 2499 690 2559 οὐδ’
717 2499 879 2559 ὅσιον
896 2501 1063 2559 εἶναι·
1102 2501 1164 2560 τὸ
1188 2506 1248 2559 δὲ
1265 2507 1410 2561 ἔοικε
1429 2512 1544 2562 πᾶν
1560 2506 1766 2562 τούτου

26 2599 33 2634 t
74 2576 404 2659 τούναντίον
418 2584 754 2657 γιγνόμενον
772 2583 962 2654 ὀρθῶς
979 2581 1052 2642 ἂν
1070 2590 1382 2656 γίγνεσθαι.

26 2659 29 2666 ⁴
214 2667 334 2720 KA.
367 2670 497 2732 Πῶς
515 2666 687 2738 elxam

218 2751 334 2803 Ao.
371 2748 701 2818 Παράδοξον
720 2752 823 2824 μὲν
850 2749 912 2809 τό
933 2751 1255 2824 λεγόμενον,
1283 2754 1375 2809 καὶ
1402 2749 1507 2809 οὐκ
1535 2749 1608 2809 ἄν
1630 2773 1766 2822 πρε·
1819 2774 1822 2778 ’

30 2853 36 2876 ·
75 2826 309 2951 dfifivlfftc
325 2832 638 2950 τιςείηθείη
657 2837 887 2903 πρέπειν
904 2833 968 2891 τό
973 2836 1033 2890 δε
1045 2855 1057 2867 ·
1093 2835 1210 2889 ἐπεὶ
1235 2831 1286 2889 δ’
1324 2832 1399 2890 ἄν
1415 2838 1496 2962 ‘altg-
1513 2854 1566 2890 τι
1593 2833 1767 2892 καλόν

254 2921 369 2952 ιΑΪΟ
452 2942 462 2951 ·
676 2955 678 2957 .
