1976 3172
248 148 320 200 52
812 150 1290 199 ΠΛΑΤΩΝΟΣ

246 303 383 353 γων,
406 279 531 354 ὦςὴ
552 282 720 352 φύσις
743 280 1008 339 ἁπάντων
1034 287 1147 338 τῶν
1165 283 1312 357 νέων
1331 281 1599 351 διάπυρος
1617 275 1759 337 οὖσα
1786 280 1926 354 ἡσυ-

246 367 373 437 χίαν
403 361 504 435 οὐχ
535 367 626 420 οἵα
655 386 714 420 τε
740 364 898 436 ἄγειν
925 362 1055 420 οὔτε
1082 362 1221 420 κατὰ
1249 364 1311 419 τὸ
1343 369 1502 434 σῶμα
1520 361 1649 418 οὔτε
1667 362 1804 419 κατὰ
1825 363 1927 435 τὴν

246 443 448 516 φωνὴν
467 452 570 517 εἴη,
591 449 894 517 φθέγγοιτο
915 443 966 501 δ’
989 443 1074 501 ἀεὶ
1101 444 1348 511 ἀτάκτως
1379 447 1473 501 καὶ
1501 449 1685 519 πηδῷ·
1723 447 1927 512 τάξεως

247 523 306 580 δ’
325 534 591 598 αἴσθησιν
608 527 823 583 τούτων
842 525 1174 599 ἀμφοτέρων
1191 533 1304 583 τῶν
1325 526 1511 583 ἄλλων
1529 530 1631 598 μὲν
1651 527 1806 594 ζώων
1826 527 1929 584 οὖ-

246 606 344 663 δὲν
370 607 688 680 ἐφαπτοιτο,
717 607 751 680 ἡ
781 610 842 664 δὲ
869 606 1180 681 ἀνθρώπου
1209 608 1400 678 φύσις·
1409 612 1521 679 ἔχοι
1557 609 1702 680 μόνη
1734 615 1925 665 τοῦτο·

131 707 218 754 665
242 694 310 760 τῇ
331 687 398 761 δὴ
419 696 516 762 τῆς
532 689 800 762 κινήσεως
817 690 966 757 τάξει
985 690 1204 763 ῥυθμὸς
1224 689 1403 771 ὄνομα
1424 697 1525 761 εἴη,
1555 696 1622 762 τῇ
1653 687 1706 745 δ’
1729 684 1804 745 αὖ
1831 695 1928 761 τῆς

246 777 456 842 φωνῆς,
476 778 581 827 τοῦ
612 792 671 827 τε
707 770 913 838 ὀξέος”
887 772 1000 844 α’μα
1027 775 1120 828 καὶ
1146 776 1345 844 βαρέος
1371 774 1927 844 συγκεραννυμένων,

245 850 483 923 ἁρμονία
511 851 690 924 ὄνομα
719 854 1208 926 προσαγορεύοιτο,
1235 861 1422 927 χορεία
1451 854 1512 910 δὲ
1538 852 1600 909 τὸ
1637 852 1929 923 ξυναμφό-

244 956 410 1004 τερον
428 940 660 1007 κληθείη
678 957 691 968 ·
726 935 900 1002 θεους
920 937 972 993 δ’
994 942 1207 1008 ἔφαμεν
1235 939 1527 1002 ἐλεοῦντας
1551 934 1695 1009 ἡμᾶς
1725 953 1929 1006 συγχο-

245 1015 442 1085 ρευτάς
458 1038 517 1073 τε
535 1021 628 1073 καὶ
644 1017 920 1091 χορηγοὺς
936 1017 1067 1091 ἡμῖν
1090 1022 1388 1074 δεδωκέναι
1404 1020 1504 1074 τόν
1526 1041 1585 1075 τε
1606 1017 1928 1074 Ἀπόλλωνα

243 1098 338 1151 καὶ
358 1097 615 1170 Μούσας,
648 1102 740 1154 καὶ
776 1099 844 1170 δὴ
881 1103 972 1155 καὶ
1005 1104 1193 1170 τρίτον
1225 1104 1456 1170 ἔφαμεν,
1495 1104 1546 1155 εἰ
1581 1099 1926 1170 μεμνήμεθα,

242 1179 544 1236 Διόνυσον.

384 1267 503 1318 ΚΛ.
541 1266 671 1327 Πῶς
692 1260 743 1317 δ’
767 1260 836 1317 οὐ
855 1259 1210 1332 μεμνήμεθα;

385 1350 504 1399 ΑΘ.
535 1341 592 1399 Ὁ
604 1344 712 1414 ’μὲν
731 1348 925 1399 τοίνυν
942 1349 1046 1398 τοῦ
1069 1341 1414 1408 ’Λπόλλωνος
1433 1345 1653 1398 καὶτῶν
1672 1347 1928 1398 Μουσῶν

180 1442 213 1483 Β
242 1423 405 1496 χορὸς
423 1432 686 1496 εἴρηνται,
708 1423 810 1481 τὸν
827 1425 888 1481 δὲ
905 1429 1092 1496 τρίτον
1109 1427 1201 1481 καὶ
1227 1422 1330 1480 τὸν
1347 1422 1544 1480 λοιπὸν
1562 1426 1735 1495 χορὸν
1753 1422 1928 1494 ἀνάγ-

245 1527 318 1577 κη
336 1511 440 1561 τοῦ
456 1504 747 1561 Διονύσου
765 1510 1040 1576 λέγεσθαι.

386 1593 505 1643 ΚΛ.
541 1593 673 1653 Πῶς
692 1587 762 1660 δή
773 1611 785 1652 ;
814 1591 960 1658 λέγε·
989 1587 1136 1659 μα’λα
1155 1588 1262 1659 γὰρ
1283 1587 1487 1653 ἄτοπος
1505 1584 1735 1658 γίγνοιτ’
1763 1584 1835 1643 ἂν
1855 1585 1929 1653 ὥς

244 1667 300 1740 γ’
339 1671 600 1742 ἐξαίφνης
637 1668 942 1726 ἀκούσαντι
968 1669 1259 1726 Διονύσου
1294 1675 1623 1742 πρεσβυτῶν
1658 1669 1841 1741 χορός,
1879 1674 1932 1726 εἰ

245 1751 356 1823 ἄρα
376 1754 431 1807 oc
447 1749 587 1820 ὑπὲρ
614 1751 914 1824 τριάκοντα
942 1754 1034 1809 καὶ
1058 1752 1403 1823 πεντήκοντα
1431 1753 1491 1807 δὲ
1519 1751 1811 1822 γεγονότες
1834 1754 1927 1822 ἔτη

243 1835 401 1904 μέχρι
419 1833 683 1904 ἑξήκοντα
701 1833 857 1909 αὐτῷ
872 1833 1254 1904 χορεύσουσιν.

383 1920 502 1970 ΑΘ.
537 1911 908 1986 Ἀληθέστατα
938 1918 1126 1987 μέντοι
1154 1917 1345 1986 λέγεις.
1382 1914 1556 1986 λόγου
1581 1913 1647 1986 δὴ
1680 1917 1768 1970 δεῖ
1789 1914 1929 1986 πρὸς

242 1999 436 2066 ταῦτα,
457 1992 625 2067 οἶμαι,
645 1994 756 2069 ὅπῃ
774 2004 938 2054 τοῦτο
965 1995 1201 2068 εὔλογον
1220 1994 1367 2053 οὕτω
1385 1995 1722 2068 γιγνόμενον
1742 1991 1815 2051 ἄν
1841 2000 1930 2065 γί-

243 2096 449 2146 γνοιτο.

383 2165 504 2214 ΚΛ.
540 2164 611 2215 Τί
638 2159 776 2231 μήν;

385 2246 505 2314 ΑΘ.
535 2234 655 2311 Ἆρ’
679 2235 787 2295 οὖν
804 2239 937 2312 ἡμῖν
955 2241 1105 2312 τοίγε
1123 2245 1443 2312 ἔμπροσθεν
1461 2239 1800 2312 ὁμολογεῖται
1813 2252 1833 2308 ’;

384 2325 504 2376 ΚΛ.
551 2324 670 2376 Τοῦ
687 2324 840 2389 πέρι;

189 2419 221 2461 c
386 2407 506 2457 ΑΘ.
549 2399 625 2456 Τὸ
648 2405 766 2457 δεῖν
784 2422 964 2457 παντα
983 2401 1163 2474 ἄνδρα
1180 2404 1271 2458 καὶ
1294 2406 1482 2474 παῖδα,
1515 2402 1818 2474 ἐλεύθερον
1835 2405 1927 2460 καὶ

245 2485 470 2552 δοῦλον,
490 2481 688 2552 θῆλύν
698 2504 755 2538 τε
779 2483 872 2539 καὶ
890 2481 1100 2554 ἄρρενα
1123 2485 1216 2539 καὶ
1244 2482 1347 2556 ὅλῃ
1373 2489 1444 2556 τῇ
1471 2483 1631 2540 πόλει
1659 2482 1798 2555 ὅλην
1827 2505 1931 2555 την

246 2565 411 2620 πόλιν
430 2561 607 2636 αὐτὴν
627 2561 771 2637 αυτῇ
788 2566 1108 2640 ἐπᾴδουσαν
1124 2566 1198 2637 μή
1220 2564 1508 2622 παύεσθαί
1530 2586 1661 2622 ποτε
1679 2571 1929 2637 ταῦτα,α

247 2645 708 2730 διεληλύθαμεν“
679 2669 831 2719 αμως
853 2650 920 2718 γε’
944 2668 1060 2714 πως
1088 2648 1173 2705 ἀεὶ
1191 2649 1639 2721 μεταβαλλόμενα
1666 2649 1757 2704 καὶ
1785 2667 1929 2704 παν-

244 2747 351 2792 τως
370 2728 715 2800 παρεχόμενα
734 2735 1028 2804 ποικιλίαν,
1044 2730 1183 2788 ὥστε
1201 2730 1507 2816 απληστίαν
1519 2733 1663 2788 εἶναί
1675 2752 1800 2787 τινα
1815 2750 1929 2785 των

245 2806 446 2878 ὕμνων
462 2820 576 2875 τοῖς
604 2810 805 2885 αδουσι
824 2814 916 2869 καὶ
933 2810 1157 2885 ηδονήν.
