1976 3172
181 208 184 210 .
236 147 340 199 436
852 145 1306 192 ΕΠΙΝΟΜῙΣ.

240 277 461 351 ἀπείρῳ.
503 277 589 332 διὸ
609 281 937 347 θαρροῦντα
954 276 1055 347 χρὴ
1077 281 1252 331 ταῦτα
1273 281 1349 341 εἰς
1365 277 1575 349 νόμους
1593 281 1801 375 θέσθαι
1815 299 1826 310 ·
1858 278 1919 334 vd

239 359 347 431 γὰρ
367 358 440 430 μὴ
460 363 608 430 τίμια
628 356 690 414 τὰ
711 365 839 414 θεῖα
859 356 1051 413 εἶναι“
1013 380 1048 428 η
1069 357 1200 413 τάδε
1219 355 1291 428 μὴ
1313 365 1440 414 θεῖα
1471 365 1663 430 σαφῶς
1693 353 1797 414 οὐκ
1826 362 1922 429 ἐμ-

182 471 214 510 B
242 440 490 510 φρόνων.
532 437 616 496 ὅτι
646 439 705 495 δὲ
739 437 844 497 οὐκ
881 437 1127 542 ὀνόματα
1154 443 1368 510 ἔσχηκε,
1397 439 1500 511 τήν
1526 461 1590 510 γε
1614 444 1794 495 αἰτίαν
1819 440 1921 510 χρὴ

240 526 504 592 λέγεσθαι
522 521 750 593 ταύτην,
771 519 911 577 ἀλλὰ
931 521 1040 591 γὰρ
1053 523 1374 592 ἐπωνυμίαν
1400 521 1655 593 εἰλήφασι
1669 527 1849 577 θεῶν·
1890 519 1920 576 6

239 626 341 674 μεν
358 603 466 674 γὰρ
489 603 774 675 ἑωσφόρος
798 603 1028 671 ἕσπερός
1043 623 1103 658 τε
1133 599 1214 658 ω“ν
1243 601 1415 671 αὐτὸς
1433 600 1757 673 Ἀφροδίτης
1784 601 1924 657 εἶναι

240 685 440 756 σχεδὸν
458 689 564 756 ἔχει
583 685 752 756 λόγον
770 687 862 741 καὶ
881 686 1028 756 μάλα
1047 690 1240 757 Συρίῳ
1262 685 1543 756 νομοθέτῃ
1563 687 1794 753 πρέπον,
1824 682 1852 738 ὁ
1877 680 1921 738 δ’

240 763 551 835 ὁμόδρομος
577 763 713 836 ἡλίῳ
743 786 801 819 τε
825 763 938 835 ἅμα
965 767 1057 820 καὶ
1085 764 1262 820 τούτω
1291 763 1490 836 σχεδὸν
1518 764 1744 835 Ἑρμοῦ·
1780 775 1923 835 τρεῖς

240 844 289 901 δ’
314 848 391 900 ἔτι
411 843 591 914 φορὰς
607 847 852 914 λέγωμεν
880 846 967 899 ε’πὶ
999 843 1147 908 δεξιὰ
1174 850 1567 914 πορευομένων
1595 845 1729 915 μετὰ
1759 844 1924 914 σελή-

239 947 341 996 νης
359 946 417 980 τε
435 926 528 980 καὶ
545 922 722 995 ἡλίου
754 925 853 979 ἕνα
870 926 930 978 δὲ
948 921 1048 979 τὸν
1066 922 1271 993 ὄγδοον
1285 922 1386 995 χρὴ
1408 923 1644 994 λέγειν,
1624 946 1693 978 ov
1714 921 1930 993 μάλιστ’

240 1007 311 1062 ἀν
344 1028 425 1071 τις
453 1005 573 1061 ἄνω
609 1006 823 1076 κόσμον
852 1005 1279 1077 προσαγορεύοι,
1319 1001 1381 1069 ὃς
1411 1009 1658 1069 ἐναντίος
1694 1008 1924 1069 ἐκείνοις

241 1088 485 1158 ξύμπασι
501 1087 814 1158 πορεύεται,
833 1086 989 1157 ἄγων
1006 1085 1138 1152 τούς
1158 1085 1380 1156 ἄλλους,
1401 1107 1479 1152 ως
1507 1107 1571 1157 γε
1601 1084 1926 1155 ἀνθρώποις

241 1169 484 1239 φαίνοιτ’
511 1164 584 1224 ἀν
616 1166 774 1238 ὀλίγα
797 1167 1014 1225 τούτων
1042 1169 1267 1239 εἰδόσιν,
1299 1166 1401 1224 ὅσα
1425 1170 1485 1224 δὲ
1511 1171 1717 1233 ἱκανῶς
1747 1174 1923 1237 ἴσμεν,

185 1279 216 1321 0
248 1249 462 1321 ἀνάγκη
499 1252 679 1319 λέγειν
715 1250 808 1306 καὶ
839 1253 1100 1322 λέγομεν·
1147 1248 1182 1321 ἡ
1219 1248 1326 1320 γὰρ
1364 1248 1541 1314 ὅντως
1575 1242 1717 1305 οὖσα
1755 1252 1925 1317 σοφία

241 1333 414 1404 ταύτῃ
434 1351 510 1403 πῃ
530 1337 784 1403 φαίνεται
812 1338 891 1404 τῷ
921 1335 1013 1389 καὶ
1044 1330 1247 1403 σμικροὶ
1278 1336 1536 1398 ξυννοίας
1565 1330 1744 1404 ὀρθῆς
1769 1335 1926 1395 θείας

241 1434 300 1467 τε
318 1411 686 1483 μετειληφότι.
721 1414 903 1466 λοιποὶ
919 1410 987 1481 δὴ
1007 1423 1151 1479 τρεῖς
1169 1410 1410 1482 ἀστέρες,
1442 1406 1524 1466 ὦν
1553 1408 1628 1477 εἷς
1656 1412 1757 1482 μὲν
1782 1417 1922 1482 βρα-

243 1497 434 1562 δυτῆτι
451 1495 736 1562 διαφέρων
756 1490 944 1547 αὐτων
964 1494 1094 1562 ἐστί,
1116 1492 1343 1560 Κρόνου
1363 1489 1408 1546 δ’
1429 1490 1602 1548 αὐτόν
1619 1513 1763 1555 τινες
1778 1494 1925 1546 ε’πω-

245 1578 447 1642 νυμίαν
465 1574 831 1642 φθέγγονται·
852 1573 952 1627 τὸν
969 1574 1030 1627 δὲ
1048 1571 1182 1642 μετὰ
1203 1577 1407 1627 τοῦτον
1426 1575 1726 1667 βραδυτῆτι
1744 1572 1924 1640 λέγειν

241 1650 343 1722 χρὴ
379 1652 540 1715 Διός
571 1651 773 1721 ’Ἀρεως
807 1653 867 1707 δε
904 1650 933 1706 ὁ
970 1650 1105 1722 μετὰ
1142 1657 1368 1706 τοῦτον·
1406 1652 1633 1706 πάντων
1671 1653 1731 1707 δὲ
1761 1644 1924 1715 οὗτος
1972 1686 1976 1726 j

243 1732 639 1804 ε’ρυθρώτατον
660 1735 767 1802 ἔχει
785 1754 991 1804 χρωμα.
1031 1733 1272 1804 χαλεπὸν
1301 1735 1361 1788 δὲ
1390 1731 1559 1788 οὐδευ
1586 1733 1802 1788 τούτων
1820 1753 1923 1787 κα-
1968 1754 1976 1760 ’·

181 1848 216 1887 D
247 1819 518 1885 τανοῆσαί
531 1836 654 1870 τινα
675 1814 982 1885 φράζοντός
1006 1836 1172 1884 τινος,
1193 1813 1331 1871 ἀλλὰ
1350 1813 1626 1886 μαθόντα,
1663 1813 1736 1880 ὡς
1764 1817 1922 1883 λέγο-
1974 1817 1976 1821 ’

242 1917 362 1967 μεν,
381 1893 637 1966 ἡγεῖσθαι
656 1899 751 1952 δεῖ.

383 1983 441 2033 Χ.
486 1977 626 2034 Τόδε
652 1999 715 2047 γε
733 1977 845 2049 μὴν
864 1982 1233 2048 διανοηθῆναι
1259 1978 1361 2049 χρὴ
1392 1975 1556 2033 πάντ’
1592 1977 1772 2044 ἄνδρα
1796 1975 1924 2032 Ἕλ-

242 2065 399 2129 ληνα,
421 2057 496 2124 ὡς
513 2058 688 2114 τόπον
713 2063 910 2130 ἔχομεν
927 2058 1027 2115 τὸν
1043 2064 1158 2114 ταῖν
1185 2057 1467 2130 Ἑλλήνων
1486 2057 1622 2131 πρὸς
1642 2056 1844 2129 ἀρετὴν
1862 2061 1923 2114 ἐν

242 2151 356 2205 τοῖς
375 2138 574 2210 σχεδὸν
593 2139 848 2210 ἄριστον·
888 2141 949 2197 τὸ
989 2140 1043 2197 δ’
1085 2139 1374 2197 ἐπαινετὸν
1401 2139 1579 2196 αὐτοῦ
1611 2139 1712 2212 χρὴ
1745 2144 1923 2210 λέγειν

218 2219 328 2291 ,ὅτι
345 2224 508 2291 μέσος
527 2218 598 2277 ἀν
624 2229 706 2293 εἴη
725 2222 1012 2293 χειμώνων
1030 2243 1086 2278 τε
1116 2223 1208 2279 καὶ
1235 2227 1332 2293 τῆς
1360 2228 1591 2294 θερινῆς
1617 2222 1857 2292 φύσεως,
1887 2220 1921 2291 ἡ
1970 2209 1976 2335 i

243 2299 295 2354 δ’
317 2298 630 2369 ὑστεροῦσα
653 2302 785 2374 ἡμῖν
809 2309 884 2369 εἰς
907 2305 968 2359 τὸ
998 2302 1418 2375 θερινὸνφύσις
1435 2310 1535 2359 τοῦ
1555 2306 1678 2372 περὶ
1695 2303 1796 2359 τὸν
1813 2305 1924 2358 ἐκεῖ
1969 2340 1976 2392 1

241 2382 435 2452 τόπον,
450 2382 587 2454 ὅπερ
609 2391 850 2454 εἴπομεν,
872 2385 1110 2454 ὕστερον
1129 2383 1316 2449 αὐτοῖς
1331 2388 1688 2455 παραδέδωκε
1705 2385 1766 2439 τὸ
1787 2384 1921 2438 τού-
1967 2392 1976 2474 ἒ

242 2484 356 2518 των
378 2470 491 2519 τῶν
508 2470 665 2520 θεῶν
688 2471 791 2519 τοῦ
808 2465 1023 2535 κόσμου
1044 2465 1382 2539 κατανόημά.
1417 2465 1677 2536 λάβωμεν
1703 2465 1762 2520 δὲ
1792 2462 1865 2529 ὡς
1890 2462 1919 2520 6

179 2575 213 2615 E
242 2549 299 2600 τί
313 2565 416 2614 περ
436 2541 508 2600 ἀν
523 2544 781 2616 Ἕλληνες
796 2545 1097 2617 βαρβάρων
1115 2546 1492 2618 παραλάβωσι,
1512 2547 1739 2601 κάλλιον
1755 2550 1920 2601 τοῦτο
1969 2546 1976 2587 4

245 2630 321 2690 εἰς
339 2628 491 2691 τέλος
514 2625 913 2696 ἀπεργάζονται
929 2649 940 2660 ·
978 2629 1070 2682 καὶ
1090 2626 1156 2698 δὴ
1178 2631 1268 2683 καὶ
1288 2628 1412 2695 περὶ
1437 2625 1505 2682 τά
1526 2633 1634 2682 νῦν
1652 2627 1921 2697 λεγόμενα

243 2706 450 2762 ταύτὸν
471 2713 559 2763 δεῖ
572 2711 945 2778 διανοηθῆναι
963 2717 1146 2780 τοῦτο,
1170 2709 1242 2774 ὡς
1259 2708 1500 2779 χαλεπὸν
1518 2709 1621 2779 μὲν
1650 2709 1830 2765 πάντα
1854 2707 1920 2762 τὰ
1963 2718 1966 2723 ’

243 2796 467 2844 τοιαῦτα
485 2788 983 2859 ἀναμφισβητήτως
1002 2793 1349 2862 ἐξευρίσκειν,
1371 2788 1543 2859 πολλὴ
1567 2788 1618 2844 δ’
1644 2792 1792 2854 ε’λπὶς
1809 2789 1920 2858 ἅμα

1965 2953 1976 3026 Ξ

1936 3128 1939 3129 ᾗ
1964 3058 1976 3105 ι
