1976 3172
161 500 244 547 941

279 117 385 169 382
902 110 1375 164 ΠΛΑΤΩΝΟΣ

1078 350 1170 400 ΙΒ.

416 497 452 549 Ι.
491 501 609 552 ΑΘ.
642 494 771 552 Ἐὰν
790 492 864 562 ὡς
890 495 1228 566 πρεσβευτής
1246 517 1327 561 τις
1350 491 1386 568 ἢ
1407 495 1586 568 κήρυξ
1615 499 1959 564 καταψευδό-

275 596 442 646 μενος
474 584 570 650 τῆς
605 579 818 643 πόλεως
846 577 1365 648 παραπρεσβεύηται
1394 578 1533 651 πρός
1559 601 1683 636 τινα
1713 579 1896 657 πόλιν,
1926 578 1964 650 ἢ

180 719 188 739 Ι
274 658 624 730 πεμπόμενος
659 658 733 730 μὴ
770 657 867 724 τὰς
910 658 1082 724 οὔσας
1117 665 1411 730 πρεσβείας
1447 658 1540 731 ἐφ’
1579 657 1664 726 αἶς
1695 662 1964 733 πέμπεται

275 739 665 811 ἀπαγγέλλῃ,“
628 763 663 811 η
684 741 852 796 πάλιν
880 735 955 795 αὖ
988 741 1135 810 παρὰ
1166 762 1280 796 των
1307 749 1586 814 πολεμίων
1611 739 1649 813 ἢ
1671 745 1762 798 καὶ
1781 746 1962 812 φίλων

275 821 351 892 μὴ
371 820 436 876 τὰ
453 819 588 891 παρ’
609 820 842 878 ἐκείνων
859 821 1050 890 ὀρθως
1066 820 1524 894 ἀποπρεσβεύσας
1543 828 1766 896 γένηται
1784 845 1959 895 φανε-

274 900 372 971 ρός
389 898 427 973 ἦ
452 891 818 973 κηρυκεύσας,
836 904 1047 974 γραφαὶ
1065 902 1204 958 κατὰ
1224 903 1440 959 τούτων
1455 907 1630 960 ἔστων
1660 903 1733 970 ὦς
1760 902 1963 976 Ἑρμοῦ

272 986 365 1040 καὶ
394 983 531 1048 Διὸς
561 982 817 1054 ἀγγελίας
841 986 934 1040 καὶ
963 985 1229 1081 ἐπιτάξεις
1262 983 1415 1054 παρὰ
1444 983 1624 1056 νόμον
1651 982 1964 1056 ἀσεβησάν-

219 1086 248 1125 Β
274 1087 404 1135 των,
435 1071 640 1138 τίμημα
672 1068 731 1122 δὲ
759 1066 794 1122 ὅ
822 1089 872 1122 τι
900 1066 1004 1138 χρὴ
1035 1065 1266 1136 πάσχειν
1285 1063 1319 1138 ἦ
1347 1064 1648 1137 ἀποτίνειν,
1668 1065 1768 1123 ε’ἀν
1796 1065 1959 1139 ὄφλῃ.

274 1146 449 1220 κλοπὴ
470 1149 573 1220 μὲν
601 1150 896 1221 χρημάτων
925 1147 1323 1221 ἀνελεύθερον,
1344 1145 1565 1220 ἁρπαγὴ
1583 1151 1643 1205 δὲ
1663 1147 1964 1219 ἀναίσχυν-

273 1252 397 1286 τον·
433 1239 548 1287 τῶν
564 1230 701 1297 Διὸς
719 1235 779 1288 δὲ
801 1233 972 1288 υἱέων
989 1228 1326 1296 ούδεὶςοῦτε
1357 1230 1540 1297 δόλοις
1566 1230 1700 1287 οὔτε
1722 1238 1818 1305 βίᾳ
1841 1237 1964 1303 χαί-

277 1334 394 1381 ρων
429 1315 813 1386 ἐπιτετήδευκε
854 1314 1079 1371 τούτοιν
1114 1311 1428 1382 οὐδέτερον.
1478 1316 1668 1385 μηδεὶς
1689 1308 1810 1392 ,οὖν
1851 1311 1962 1370 ὑπὸ

272 1399 520 1465 ποιητῶν
551 1394 683 1466 μηδ’
712 1395 892 1460 ἄλλως
918 1393 1029 1450 ὑπό
1059 1417 1230 1451 τινων
1255 1394 1597 1466 μυθολόγων
1626 1402 1962 1467 πλημμελεῖν

271 1477 398 1545 περὶ
415 1473 482 1531 τὰ
498 1482 726 1532 τοιαῦτα
743 1476 1159 1546 ἐξαπατώμενος
1177 1473 1593 1546 ἀναπειθέσθω,
1605 1481 1697 1532 καὶ
1711 1478 1962 1533 κλέπτων

270 1551 308 1628 ἢ
325 1557 650 1628 βιαζόμενος
670 1559 872 1614 οἰέσθω
891 1557 1066 1629 μηδὲν
1084 1556 1313 1628 αίσχρὸν
1330 1569 1528 1626 ποιεῖν,
1548 1554 1681 1613 ἀλλ”
1695 1555 1837 1626 ἅπερ
1856 1555 1976 1613 αὐ·“

270 1639 353 1693 τοὶ
382 1641 508 1694 θεοὶ
528 1642 761 1708 δρῶσιν·
794 1638 924 1695 οὔτε
951 1637 1059 1709 γὰρ
1084 1636 1290 1710 ἀληθὲς
1309 1635 1427 1693 οὔτ’
1461 1637 1624 1709 εἰκός,
1654 1635 1775 1694 ἀλλ’
1812 1635 1964 1704 ὅστις

271 1724 378 1792 δρᾷ
402 1728 658 1776 τοιοῦτον
676 1719 1030 1792 παρανόμως,
1053 1718 1182 1777 οὔτε
1209 1717 1347 1786 θεὸς
1375 1719 1504 1776 οὔτε
1534 1730 1661 1786 παῖς
1687 1722 1805 1776 ἐστί
1828 1740 1962 1789 ποτε

269 1808 442 1871 θεῶν,
463 1808 636 1857 ταῦτα
654 1803 712 1860 δὲ
732 1805 1013 1876 νομοθέτῃ
1031 1810 1244 1875 μᾶλλον
1274 1801 1542 1875 προσήκει
1569 1803 1904 1874 γιγνώσκειν
1921 1799 1959 1875 ἢ

269 1894 517 1954 ποιηταῖς
536 1883 828 1956 ξύμπασιν.
863 1883 892 1941 6
913 1885 1016 1956 μὲν
1034 1879 1140 1942 οὖν
1157 1886 1405 1950 πεισθεὶς
1421 1881 1581 1956 ἡμῶν
1597 1892 1676 1960 τῷ
1694 1885 1842 1958 λόγω
1864 1881 1960 1940 εὐ-

268 1977 425 2036 τυχεῖ
433 1987 491 2021 τε
511 1967 602 2022 καὶ
621 1970 697 2032 είς
712 1968 922 2039 χρόνον
939 1966 1157 2024 ἅπαντα
1177 1966 1413 2043 εὐτυχοῖ,
1435 1964 1464 2023 6
1488 1967 1548 2023 δὲ
1574 1964 1878 2038 ἀπιστήσας
1895 1964 1957 2023 τὸ

269 2047 403 2117 μετὰ
425 2054 597 2104 ταῦτα
613 2052 816 2106 τοιωδέ
828 2072 936 2105 τινι
956 2052 1231 2122 ἐνεχέσθω
1251 2050 1433 2123 νόμω·
1469 2049 1568 2105 ἐάν
1587 2052 1666 2115 τίς
1683 2071 1735 2105 τι
1753 2051 1958 2121 κλέπτῃ

270 2129 540 2198 δημόσιον
557 2131 696 2202 μέγα
715 2155 749 2203 η
781 2134 873 2189 καὶ
902 2132 1157 2203 σμικρόν,
1187 2138 1284 2203 τῆς
1315 2130 1486 2203 αὐτῆς
1516 2135 1671 2202 δίκης
1698 2134 1795 2187 δεῖ.
1832 2147 1961 2202 σμι-

267 2209 408 2279 κρόν
425 2233 483 2266 τε
499 2212 608 2283 γὰρ
630 2211 660 2268 ὁ
676 2215 926 2269 κλέπτων
945 2218 1106 2286 ἔρωτι
1124 2236 1226 2285 μεν
1244 2212 1446 2287 ταύτω,
1469 2213 1704 2285 δυνάμει
1722 2215 1781 2269 δὲ
1799 2211 1960 2270 ε’λάτ-

267 2311 389 2347 τονι
408 2292 700 2362 κέκλοφεν,
727 2293 762 2349 ὅ
779 2316 837 2350 τε
853 2293 917 2351 τὸ
938 2299 1122 2365 μεῖζον
1139 2301 1315 2350 κινῶν
1335 2316 1404 2350 ου
1424 2297 1803 2365 καταθέμενος
1821 2291 1960 2349 ὅλον

267 2371 466 2430 ἀδικεῖ
506 2377 660 2445 δίκης
688 2369 794 2431 οὖν
825 2374 1122 2445 οὐδέτερον
1150 2376 1448 2446 οὐδετέρου
1476 2377 1766 2438 ἐλάττονος
1795 2375 1957 2430 ἕνεκα

266 2458 542 2526 μεγέθους
560 2464 662 2512 τοῦ
680 2459 981 2528 κλέμματος
1012 2454 1040 2511 6
1070 2457 1241 2527 νόμος
1264 2455 1410 2522 ἀξιοῖ
1429 2460 1676 2527 ζημιοῦν,
1707 2453 1848 2512 ἀλλά
1877 2463 1958 2530 τῷ

260 2535 365 2592 ’τὸν
384 2538 486 2606 μὲν
502 2544 634 2602 ἴσως
652 2532 723 2592 ἀν
754 2537 978 2609 ἰάσιμον
1007 2534 1083 2594 ἔτ’
1117 2535 1275 2609 εἶναι,
1304 2536 1403 2592 τὸν
1432 2535 1481 2591 δ’
1512 2535 1753 2592 ἀνίατον.
1795 2538 1956 2603 ξένον

266 2617 369 2689 μὲν
389 2615 456 2689 δὴ
477 2624 589 2675 τῶν
610 2622 891 2691 δημοσίων
908 2616 946 2692 ἦ
965 2623 1170 2676 δοῦλον
1191 2618 1264 2675 ἄν
1283 2624 1363 2685 τίς
1379 2641 1430 2674 τι
1448 2621 1755 2675 κλέπτοντα
1775 2620 1838 2674 έν
1869 2622 1955 2673 δι-
1972 2661 1976 2670 2

266 2705 544 2774 καστηρίω
563 2702 675 2773 ἕλῃ,
702 2698 775 2766 ὡς
791 2706 988 2775 ἰασίμῳ
1012 2704 1071 2757 ἐκ
1090 2707 1203 2758 τῶν
1221 2701 1452 2757 εἰκότων
1470 2699 1606 2770 ὄντι,
1633 2705 1690 2756 τί
1710 2697 1814 2772 χρὴ
1842 2720 1953 2755 πα-
1972 2694 1976 2746 5

267 2790 394 2838 θεῖν
413 2778 451 2853 ἢ
481 2787 603 2839 τίνα
635 2788 829 2855 ζημίαν
857 2781 1138 2840 ἀποτίνειν
1166 2782 1356 2855 αὐτόν,
1386 2782 1420 2855 ἡ
1448 2787 1624 2855 κρίσις
1643 2786 1948 2854 γιγνέσθω·
1972 2793 1976 2807 ·
