<?xml version="1.0" encoding="UTF-8"?>
<!DOCTYPE html PUBLIC "-//W3C//DTD XHTML 1.0 Transitional//EN"
    "http://www.w3.org/TR/xhtml1/DTD/xhtml1-transitional.dtd">
<html xmlns="http://www.w3.org/1999/xhtml" xml:lang="en" lang="en">
 <head>
  <title>
</title>
<meta http-equiv="Content-Type" content="text/html;charset=utf-8" />
  <meta name='ocr-system' content='tesseract 3.04.00' />
  <meta name='ocr-capabilities' content='ocr_page ocr_carea ocr_par ocr_line ocrx_word'/>
</head>
<body>
  <div class='ocr_page' id='page_1' title='image "./dialogisecumdumt05platuoft_0198.png"; bbox 0 0 1976 3172; ppageno 0'>
   <div class='ocr_carea' id='block_1_1' title="bbox 265 129 1350 183">
    <p class='ocr_par' dir='ltr' id='par_1_1' title="bbox 265 129 1350 183">
     <span class='ocr_line' id='line_1_1' title="bbox 265 129 1350 183; baseline 0.003 -3"><span class='ocrx_word' id='word_1_1' title='bbox 265 129 365 182; x_wconf 83' lang='lat'><strong><em>166</em></strong></span> <span class='ocrx_word' id='word_1_2' title='bbox 879 136 1350 183; x_wconf 76' lang='grc' dir='ltr'><em>ΠΛΑΤΩΝΟΣ</em></span> 
     </span>
    </p>
   </div>
   <div class='ocr_carea' id='block_1_2' title="bbox 140 265 1976 2857">
    <p class='ocr_par' dir='ltr' id='par_1_2' title="bbox 199 265 1941 662">
     <span class='ocr_line' id='line_1_2' title="bbox 199 265 1938 341; baseline 0.004 -21"><span class='ocrx_word' id='word_1_3' title='bbox 199 274 232 314; x_wconf 88' lang='grc' dir='ltr'>Ε</span> <span class='ocrx_word' id='word_1_4' title='bbox 258 265 361 336; x_wconf 82' lang='grc' dir='ltr'><strong><em>τὴν</em></strong></span> <span class='ocrx_word' id='word_1_5' title='bbox 386 266 456 321; x_wconf 66' lang='grc' dir='ltr'><strong><em>δὲ</em></strong></span> <span class='ocrx_word' id='word_1_6' title='bbox 492 270 819 337; x_wconf 81' lang='grc' dir='ltr'><em>δοκιμασίαν</em></span> <span class='ocrx_word' id='word_1_7' title='bbox 854 265 1040 320; x_wconf 81' lang='grc' dir='ltr'><strong><em>αὐτῶν</em></strong></span> <span class='ocrx_word' id='word_1_8' title='bbox 1076 268 1167 322; x_wconf 84' lang='grc' dir='ltr'><strong><em>καὶ</em></strong></span> <span class='ocrx_word' id='word_1_9' title='bbox 1203 274 1304 322; x_wconf 82' lang='grc' dir='ltr'><strong><em>τοῦ</em></strong></span> <span class='ocrx_word' id='word_1_10' title='bbox 1338 267 1547 337; x_wconf 85' lang='grc' dir='ltr'><strong><em>χρόνου</em></strong></span> <span class='ocrx_word' id='word_1_11' title='bbox 1583 268 1686 340; x_wconf 84' lang='grc' dir='ltr'><strong><em>τὴν</em></strong></span> <span class='ocrx_word' id='word_1_12' title='bbox 1720 271 1938 341; x_wconf 82' lang='grc' dir='ltr'><strong><em>ἡλικίαν</em></strong></span> 
     </span>
     <span class='ocr_line' id='line_1_3' title="bbox 258 342 1939 421; baseline 0.004 -20"><span class='ocrx_word' id='word_1_13' title='bbox 258 345 399 402; x_wconf 82' lang='grc' dir='ltr'><strong><em>εἶναι</em></strong></span> <span class='ocrx_word' id='word_1_14' title='bbox 418 349 678 417; x_wconf 86' lang='grc' dir='ltr'><strong><em>καθάπερ</em></strong></span> <span class='ocrx_word' id='word_1_15' title='bbox 711 353 827 402; x_wconf 90' lang='grc' dir='ltr'><strong><em>τῶν</em></strong></span> <span class='ocrx_word' id='word_1_16' title='bbox 855 348 1063 417; x_wconf 75' lang='grc' dir='ltr'><strong><em>ἱερέων.</em></strong></span> <span class='ocrx_word' id='word_1_17' title='bbox 1103 342 1258 402; x_wconf 80' lang='grc' dir='ltr'><strong><em>οὗτοι</em></strong></span> <span class='ocrx_word' id='word_1_18' title='bbox 1289 346 1349 402; x_wconf 75' lang='grc' dir='ltr'><strong><em>δὲ</em></strong></span> <span class='ocrx_word' id='word_1_19' title='bbox 1378 352 1553 404; x_wconf 82' lang='grc' dir='ltr'><strong><em>ἔστων</em></strong></span> <span class='ocrx_word' id='word_1_20' title='bbox 1573 352 1824 421; x_wconf 81' lang='grc' dir='ltr'><strong><em>ἐξηγηταὶ</em></strong></span> <span class='ocrx_word' id='word_1_21' title='bbox 1848 350 1939 408; x_wconf 77' lang='grc' dir='ltr'><strong><em>διὰ</em></strong></span> 
     </span>
     <span class='ocr_line' id='line_1_4' title="bbox 256 425 1939 500; baseline 0.003 -18"><span class='ocrx_word' id='word_1_22' title='bbox 256 431 411 497; x_wconf 89' lang='grc' dir='ltr'><strong><em>βίου·</em></strong></span> <span class='ocrx_word' id='word_1_23' title='bbox 448 426 550 483; x_wconf 86' lang='grc' dir='ltr'><strong><em>τόν</em></strong></span> <span class='ocrx_word' id='word_1_24' title='bbox 588 431 649 483; x_wconf 82' lang='grc' dir='ltr'><strong><em>δέ</em></strong></span> <span class='ocrx_word' id='word_1_25' title='bbox 684 449 748 497; x_wconf 87' lang='grc' dir='ltr'><strong><em>γε</em></strong></span> <span class='ocrx_word' id='word_1_26' title='bbox 784 425 1014 482; x_wconf 83' lang='grc' dir='ltr'><strong><em>λιπόντα</em></strong></span> <span class='ocrx_word' id='word_1_27' title='bbox 1042 432 1563 499; x_wconf 86' lang='grc' dir='ltr'><strong><em>προσαιρείσθωσαν</em></strong></span> <span class='ocrx_word' id='word_1_28' title='bbox 1600 433 1659 485; x_wconf 79' lang='grc' dir='ltr'><strong><em>αἱ</em></strong></span> <span class='ocrx_word' id='word_1_29' title='bbox 1690 432 1939 500; x_wconf 78' lang='grc' dir='ltr'><strong><em>τέτταρες</em></strong></span> 
     </span>
     <span class='ocr_line' id='line_1_5' title="bbox 256 505 1941 583; baseline 0.002 -20"><span class='ocrx_word' id='word_1_30' title='bbox 256 513 447 580; x_wconf 86' lang='grc' dir='ltr'><strong><em>φυλαί,</em></strong></span> <span class='ocrx_word' id='word_1_31' title='bbox 470 509 610 566; x_wconf 81' lang='grc' dir='ltr'><strong><em>ὅθεν</em></strong></span> <span class='ocrx_word' id='word_1_32' title='bbox 629 505 701 565; x_wconf 78' lang='grc' dir='ltr'><strong><em>όίν</em></strong></span> <span class='ocrx_word' id='word_1_33' title='bbox 722 513 927 581; x_wconf 83' lang='grc' dir='ltr'><strong><em>ἐκλίπῃ.</em></strong></span> <span class='ocrx_word' id='word_1_34' title='bbox 948 515 1143 580; x_wconf 81' lang='grc' dir='ltr'><strong><em>ταμίας</em></strong></span> <span class='ocrx_word' id='word_1_35' title='bbox 1161 512 1221 565; x_wconf 77' lang='grc' dir='ltr'><strong><em>δὲ</em></strong></span> <span class='ocrx_word' id='word_1_36' title='bbox 1241 510 1307 580; x_wconf 85' lang='grc' dir='ltr'><strong><em>δὴ</em></strong></span> <span class='ocrx_word' id='word_1_37' title='bbox 1328 515 1443 565; x_wconf 88' lang='grc' dir='ltr'><strong><em>τῶν</em></strong></span> <span class='ocrx_word' id='word_1_38' title='bbox 1461 532 1520 565; x_wconf 93' lang='grc' dir='ltr'><strong><em>τε</em></strong></span> <span class='ocrx_word' id='word_1_39' title='bbox 1541 514 1709 581; x_wconf 78' lang='grc' dir='ltr'><strong><em>ἱερῶν</em></strong></span> <span class='ocrx_word' id='word_1_40' title='bbox 1725 512 1941 583; x_wconf 87' lang='grc' dir='ltr'><strong><em>χρημά-</em></strong></span> 
     </span>
     <span class='ocr_line' id='line_1_6' title="bbox 255 591 1937 662; baseline 0.003 -18"><span class='ocrx_word' id='word_1_41' title='bbox 255 609 369 645; x_wconf 90' lang='grc' dir='ltr'><strong><em>των</em></strong></span> <span class='ocrx_word' id='word_1_42' title='bbox 392 591 641 656; x_wconf 77' lang='grc' dir='ltr'><strong><em>ἑκάστοις</em></strong></span> <span class='ocrx_word' id='word_1_43' title='bbox 659 602 771 656; x_wconf 77' lang='grc' dir='ltr'><strong><em>τοῖς</em></strong></span> <span class='ocrx_word' id='word_1_44' title='bbox 790 594 956 662; x_wconf 78' lang='grc' dir='ltr'><strong><em>ἱεροῖς</em></strong></span> <span class='ocrx_word' id='word_1_45' title='bbox 974 592 1066 647; x_wconf 85' lang='grc' dir='ltr'><strong><em>καὶ</em></strong></span> <span class='ocrx_word' id='word_1_46' title='bbox 1083 598 1329 662; x_wconf 87' lang='grc' dir='ltr'><strong><em>τεμενῶν</em></strong></span> <span class='ocrx_word' id='word_1_47' title='bbox 1346 594 1439 647; x_wconf 87' lang='grc' dir='ltr'><strong><em>καὶ</em></strong></span> <span class='ocrx_word' id='word_1_48' title='bbox 1471 599 1704 662; x_wconf 77' lang='grc' dir='ltr'><strong><em>καρπῶν</em></strong></span> <span class='ocrx_word' id='word_1_49' title='bbox 1721 594 1937 649; x_wconf 80' lang='grc' dir='ltr'><strong><em>τούτων</em></strong></span> 
     </span>
    </p>

    <p class='ocr_par' dir='ltr' id='par_1_3' title="bbox 140 666 1976 1144">
     <span class='ocr_line' id='line_1_7' title="bbox 140 666 1976 745; baseline 0.001 -15"><span class='ocrx_word' id='word_1_50' title='bbox 140 683 228 730; x_wconf 85' lang='grc'><strong><em>760</em></strong></span> <span class='ocrx_word' id='word_1_51' title='bbox 254 666 346 726; x_wconf 77' lang='grc' dir='ltr'><strong><em>καὶ</em></strong></span> <span class='ocrx_word' id='word_1_52' title='bbox 381 671 718 741; x_wconf 77' lang='grc' dir='ltr'><strong><em>μισθώσεων</em></strong></span> <span class='ocrx_word' id='word_1_53' title='bbox 753 678 981 740; x_wconf 85' lang='grc' dir='ltr'><strong><em>κυρίους</em></strong></span> <span class='ocrx_word' id='word_1_54' title='bbox 1011 675 1290 743; x_wconf 77' lang='grc' dir='ltr'><strong><em>αἱρεῖσθαι</em></strong></span> <span class='ocrx_word' id='word_1_55' title='bbox 1318 675 1419 743; x_wconf 81' lang='grc' dir='ltr'><strong><em>μὲν</em></strong></span> <span class='ocrx_word' id='word_1_56' title='bbox 1438 675 1498 728; x_wconf 90' lang='grc' dir='ltr'><strong><em>ἐκ</em></strong></span> <span class='ocrx_word' id='word_1_57' title='bbox 1522 680 1636 729; x_wconf 90' lang='grc' dir='ltr'><strong><em>τῶν</em></strong></span> <span class='ocrx_word' id='word_1_58' title='bbox 1665 681 1938 745; x_wconf 81' lang='grc' dir='ltr'><strong><em>μεγίστων</em></strong></span> <span class='ocrx_word' id='word_1_59' title='bbox 1969 726 1976 735; x_wconf 88' lang='grc'><strong><em>,</em></strong></span> 
     </span>
     <span class='ocr_line' id='line_1_8' title="bbox 253 752 1939 826; baseline 0.002 -20"><span class='ocrx_word' id='word_1_60' title='bbox 253 752 574 822; x_wconf 81' lang='grc' dir='ltr'><strong><em>τιμημάτων</em></strong></span> <span class='ocrx_word' id='word_1_61' title='bbox 593 764 737 819; x_wconf 81' lang='grc' dir='ltr'><strong><em>τρεῖς</em></strong></span> <span class='ocrx_word' id='word_1_62' title='bbox 766 757 841 817; x_wconf 83' lang='grc' dir='ltr'><strong><em>εἰς</em></strong></span> <span class='ocrx_word' id='word_1_63' title='bbox 858 753 925 807; x_wconf 79' lang='grc' dir='ltr'><strong><em>τὰ</em></strong></span> <span class='ocrx_word' id='word_1_64' title='bbox 954 754 1180 823; x_wconf 86' lang='grc' dir='ltr'><strong><em>μέγιστα</em></strong></span> <span class='ocrx_word' id='word_1_65' title='bbox 1203 754 1342 824; x_wconf 78' lang='grc' dir='ltr'><strong><em>ἱερά,</em></strong></span> <span class='ocrx_word' id='word_1_66' title='bbox 1372 755 1481 809; x_wconf 79' lang='grc' dir='ltr'><strong><em>δύο</em></strong></span> <span class='ocrx_word' id='word_1_67' title='bbox 1508 752 1561 809; x_wconf 82' lang='grc' dir='ltr'><strong><em>δ’</em></strong></span> <span class='ocrx_word' id='word_1_68' title='bbox 1601 760 1677 820; x_wconf 83' lang='grc' dir='ltr'><strong><em>εἰς</em></strong></span> <span class='ocrx_word' id='word_1_69' title='bbox 1706 755 1774 810; x_wconf 79' lang='grc' dir='ltr'><strong><em>τὰ</em></strong></span> <span class='ocrx_word' id='word_1_70' title='bbox 1812 774 1939 826; x_wconf 82' lang='grc' dir='ltr'><strong><em>σμι-</em></strong></span> 
     </span>
     <span class='ocr_line' id='line_1_9' title="bbox 255 831 1938 907; baseline 0.002 -20"><span class='ocrx_word' id='word_1_71' title='bbox 255 833 511 902; x_wconf 87' lang='grc' dir='ltr'><strong><em>κρότερα,</em></strong></span> <span class='ocrx_word' id='word_1_72' title='bbox 542 831 685 902; x_wconf 80' lang='grc' dir='ltr'><strong><em>πρὸς</em></strong></span> <span class='ocrx_word' id='word_1_73' title='bbox 722 834 781 888; x_wconf 79' lang='grc' dir='ltr'><strong><em>δὲ</em></strong></span> <span class='ocrx_word' id='word_1_74' title='bbox 813 831 880 886; x_wconf 78' lang='grc' dir='ltr'><strong><em>τὰ</em></strong></span> <span class='ocrx_word' id='word_1_75' title='bbox 916 835 1281 902; x_wconf 82' lang='grc' dir='ltr'><strong><em>ἐμμελέστατα</em></strong></span> <span class='ocrx_word' id='word_1_76' title='bbox 1316 837 1455 890; x_wconf 62' lang='lat' dir='ltr'><strong><em>‹ss‘voc-⁴</em></strong></span> <span class='ocrx_word' id='word_1_77' title='bbox 1488 834 1592 907; x_wconf 82' lang='grc' dir='ltr'><strong><em>τὴν</em></strong></span> <span class='ocrx_word' id='word_1_78' title='bbox 1630 840 1690 891; x_wconf 80' lang='grc' dir='ltr'><strong><em>δὲ</em></strong></span> <span class='ocrx_word' id='word_1_79' title='bbox 1725 840 1938 905; x_wconf 85' lang='grc' dir='ltr'><strong><em>αἵρεσιν</em></strong></span> 
     </span>
     <span class='ocr_line' id='line_1_10' title="bbox 253 911 1938 988; baseline 0.004 -21"><span class='ocrx_word' id='word_1_80' title='bbox 253 911 470 967; x_wconf 83' lang='grc' dir='ltr'><strong><em>τούτων</em></strong></span> <span class='ocrx_word' id='word_1_81' title='bbox 508 913 602 966; x_wconf 88' lang='grc' dir='ltr'><strong><em>καὶ</em></strong></span> <span class='ocrx_word' id='word_1_82' title='bbox 638 911 741 982; x_wconf 85' lang='grc' dir='ltr'><strong><em>τὴν</em></strong></span> <span class='ocrx_word' id='word_1_83' title='bbox 774 916 1102 982; x_wconf 82' lang='grc' dir='ltr'><strong><em>δοκιμασίαν</em></strong></span> <span class='ocrx_word' id='word_1_84' title='bbox 1135 919 1430 982; x_wconf 88' lang='grc' dir='ltr'><strong><em>γίγνεσθαι</em></strong></span> <span class='ocrx_word' id='word_1_85' title='bbox 1463 917 1720 988; x_wconf 85' lang='grc' dir='ltr'><strong><em>καθάπερ</em></strong></span> <span class='ocrx_word' id='word_1_86' title='bbox 1757 915 1791 988; x_wconf 78' lang='grc' dir='ltr'><em>ἡ</em></span> <span class='ocrx_word' id='word_1_87' title='bbox 1823 923 1938 972; x_wconf 90' lang='grc' dir='ltr'><strong><em>τῶν</em></strong></span> 
     </span>
     <span class='ocr_line' id='line_1_11' title="bbox 253 990 1938 1069; baseline 0.005 -22"><span class='ocrx_word' id='word_1_88' title='bbox 253 998 578 1064; x_wconf 78' lang='grc' dir='ltr'><strong><em>στρατηγῶν</em></strong></span> <span class='ocrx_word' id='word_1_89' title='bbox 596 995 853 1063; x_wconf 82' lang='grc' dir='ltr'><strong><em>ἐγίγνετο.</em></strong></span> <span class='ocrx_word' id='word_1_90' title='bbox 887 992 1063 1050; x_wconf 80' lang='grc' dir='ltr'><strong><em>καὶτὰ</em></strong></span> <span class='ocrx_word' id='word_1_91' title='bbox 1083 996 1184 1065; x_wconf 78' lang='grc' dir='ltr'><strong><em>μὲν</em></strong></span> <span class='ocrx_word' id='word_1_92' title='bbox 1204 990 1278 1054; x_wconf 75' lang='grc' dir='ltr'><strong><em>αὖ</em></strong></span> <span class='ocrx_word' id='word_1_93' title='bbox 1296 995 1502 1066; x_wconf 78' lang='grc' dir='ltr'><strong><em>περὶτὰ</em></strong></span> <span class='ocrx_word' id='word_1_94' title='bbox 1523 997 1641 1066; x_wconf 80' lang='grc' dir='ltr'><strong><em>ἱερὰ</em></strong></span> <span class='ocrx_word' id='word_1_95' title='bbox 1661 1006 1832 1054; x_wconf 84' lang='grc' dir='ltr'><strong><em>ταῦτα</em></strong></span> <span class='ocrx_word' id='word_1_96' title='bbox 1850 1021 1938 1069; x_wconf 90' lang='grc' dir='ltr'><strong><em>γι-</em></strong></span> 
     </span>
     <span class='ocr_line' id='line_1_12' title="bbox 250 1080 493 1144; baseline 0 -15"><span class='ocrx_word' id='word_1_97' title='bbox 250 1080 493 1144; x_wconf 86' lang='grc' dir='ltr'><strong><em>γνέσθω.</em></strong></span> 
     </span>
    </p>

    <p class='ocr_par' dir='ltr' id='par_1_4' title="bbox 249 1154 1936 1394">
     <span class='ocr_line' id='line_1_13' title="bbox 391 1154 1936 1229; baseline 0.004 -20"><span class='ocrx_word' id='word_1_98' title='bbox 391 1161 516 1211; x_wconf 89' lang='lat' dir='ltr'><strong>VIII.</strong></span> <span class='ocrx_word' id='word_1_99' title='bbox 553 1154 935 1228; x_wconf 84' lang='grc' dir='ltr'><strong><em>Ἀφρούρητον</em></strong></span> <span class='ocrx_word' id='word_1_100' title='bbox 955 1157 1015 1211; x_wconf 81' lang='grc' dir='ltr'><strong><em>δὲ</em></strong></span> <span class='ocrx_word' id='word_1_101' title='bbox 1036 1154 1103 1227; x_wconf 79' lang='grc' dir='ltr'><strong><em>δὴ</em></strong></span> <span class='ocrx_word' id='word_1_102' title='bbox 1117 1157 1291 1228; x_wconf 74' lang='grc' dir='ltr'><strong><em>μηδὲν</em></strong></span> <span class='ocrx_word' id='word_1_103' title='bbox 1310 1161 1386 1222; x_wconf 82' lang='grc' dir='ltr'><strong><em>είς</em></strong></span> <span class='ocrx_word' id='word_1_104' title='bbox 1405 1157 1648 1229; x_wconf 78' lang='grc' dir='ltr'><strong><em>δύναμιν</em></strong></span> <span class='ocrx_word' id='word_1_105' title='bbox 1665 1162 1816 1214; x_wconf 78' lang='grc' dir='ltr'><strong><em>ἔστω.</em></strong></span> <span class='ocrx_word' id='word_1_106' title='bbox 1840 1160 1936 1215; x_wconf 86' lang='grc' dir='ltr'><strong><em>πό-</em></strong></span> 
     </span>
     <span class='ocr_line' id='line_1_14' title="bbox 250 1232 1935 1312; baseline 0.003 -20"><span class='ocrx_word' id='word_1_107' title='bbox 250 1244 390 1302; x_wconf 89' lang='grc' dir='ltr'><strong><em>λεως</em></strong></span> <span class='ocrx_word' id='word_1_108' title='bbox 412 1260 514 1308; x_wconf 88' lang='grc' dir='ltr'><strong><em>μεν</em></strong></span> <span class='ocrx_word' id='word_1_109' title='bbox 535 1232 642 1293; x_wconf 80' lang='grc' dir='ltr'><strong><em>οὖν</em></strong></span> <span class='ocrx_word' id='word_1_110' title='bbox 660 1241 720 1293; x_wconf 76' lang='grc' dir='ltr'><strong><em>αἰ</em></strong></span> <span class='ocrx_word' id='word_1_111' title='bbox 735 1239 980 1310; x_wconf 85' lang='grc' dir='ltr'><strong><em>φρουραὶ</em></strong></span> <span class='ocrx_word' id='word_1_112' title='bbox 999 1242 1124 1308; x_wconf 88' lang='grc' dir='ltr'><strong><em>πέρι</em></strong></span> <span class='ocrx_word' id='word_1_113' title='bbox 1144 1239 1317 1312; x_wconf 83' lang='grc' dir='ltr'><strong><em>ταύτῃ</em></strong></span> <span class='ocrx_word' id='word_1_114' title='bbox 1340 1243 1746 1312; x_wconf 80' lang='grc' dir='ltr'><strong><em>γιγνέσθωσαν,</em></strong></span> <span class='ocrx_word' id='word_1_115' title='bbox 1766 1259 1935 1311; x_wconf 83' lang='grc' dir='ltr'><strong><em>στρα-</em></strong></span> 
     </span>
     <span class='ocr_line' id='line_1_15' title="bbox 249 1321 1936 1427; baseline 0.003 -53"><span class='ocrx_word' id='word_1_116' title='bbox 249 1324 435 1389; x_wconf 86' lang='grc' dir='ltr'><strong><em>τηγῶν</em></strong></span> <span class='ocrx_word' id='word_1_117' title='bbox 470 1321 920 1390; x_wconf 83' lang='grc' dir='ltr'><strong><em>ἐπιμελουμένων</em></strong></span> <span class='ocrx_word' id='word_1_118' title='bbox 954 1321 1045 1374; x_wconf 84' lang='grc' dir='ltr'><strong><em>καὶ</em></strong></span> <span class='ocrx_word' id='word_1_119' title='bbox 1073 1323 1379 1391; x_wconf 81' lang='grc' dir='ltr'><strong><em>ταξιαρχῶν</em></strong></span> <span class='ocrx_word' id='word_1_120' title='bbox 1406 1325 1499 1378; x_wconf 82' lang='grc' dir='ltr'><strong><em>καὶ</em></strong></span> <span class='ocrx_word' id='word_1_121' title='bbox 1527 1323 1829 1427; x_wconf 59' lang='grc' dir='ltr'><strong><em>ἱππάρχων,</em></strong></span> <span class='ocrx_word' id='word_1_122' title='bbox 1843 1324 1936 1380; x_wconf 85' lang='grc' dir='ltr'><strong><em>καὶ</em></strong></span> 
     </span>
    </p>

    <p class='ocr_par' dir='ltr' id='par_1_5' title="bbox 187 1399 1953 1965">
     <span class='ocr_line' id='line_1_16' title="bbox 187 1399 1936 1501; baseline 0.001 -44"><span class='ocrx_word' id='word_1_123' title='bbox 187 1418 220 1458; x_wconf 92' lang='grc' dir='ltr'>Β</span> <span class='ocrx_word' id='word_1_124' title='bbox 252 1400 556 1501; x_wconf 77' lang='grc' dir='ltr'><strong><em>φυλάρχων</em></strong></span> <span class='ocrx_word' id='word_1_125' title='bbox 573 1403 664 1455; x_wconf 85' lang='grc' dir='ltr'><strong><em>καὶ</em></strong></span> <span class='ocrx_word' id='word_1_126' title='bbox 678 1401 1008 1470; x_wconf 88' lang='grc' dir='ltr'><strong><em>πρυτάνεων</em></strong></span> <span class='ocrx_word' id='word_1_127' title='bbox 1026 1403 1119 1455; x_wconf 86' lang='grc' dir='ltr'><strong><em>καὶ</em></strong></span> <span class='ocrx_word' id='word_1_128' title='bbox 1139 1399 1205 1471; x_wconf 76' lang='grc' dir='ltr'><strong><em>δὴ</em></strong></span> <span class='ocrx_word' id='word_1_129' title='bbox 1227 1403 1319 1457; x_wconf 89' lang='grc' dir='ltr'><strong><em>καὶ</em></strong></span> <span class='ocrx_word' id='word_1_130' title='bbox 1337 1400 1670 1474; x_wconf 75' lang='grc' dir='ltr'><strong><em>ἀστυνόμων</em></strong></span> <span class='ocrx_word' id='word_1_131' title='bbox 1688 1407 1780 1458; x_wconf 83' lang='grc' dir='ltr'><strong><em>καὶ</em></strong></span> <span class='ocrx_word' id='word_1_132' title='bbox 1799 1402 1936 1473; x_wconf 82' lang='grc' dir='ltr'><strong><em>ἀγο-</em></strong></span> 
     </span>
     <span class='ocr_line' id='line_1_17' title="bbox 248 1476 1935 1554; baseline 0.001 -15"><span class='ocrx_word' id='word_1_133' title='bbox 248 1483 531 1554; x_wconf 88' lang='grc' dir='ltr'><strong><em>ρανόμων,</em></strong></span> <span class='ocrx_word' id='word_1_134' title='bbox 556 1481 766 1538; x_wconf 90' lang='grc' dir='ltr'><strong><em>ὁπόταν</em></strong></span> <span class='ocrx_word' id='word_1_135' title='bbox 796 1476 1112 1551; x_wconf 74' lang='grc' dir='ltr'><strong><em>αἱρεθέντες</em></strong></span> <span class='ocrx_word' id='word_1_136' title='bbox 1139 1481 1272 1552; x_wconf 76' lang='grc' dir='ltr'><strong><em>ἧμιν</em></strong></span> <span class='ocrx_word' id='word_1_137' title='bbox 1306 1491 1617 1540; x_wconf 86' lang='grc' dir='ltr'><strong><em>καταστῶσί</em></strong></span> <span class='ocrx_word' id='word_1_138' title='bbox 1641 1506 1785 1549; x_wconf 87' lang='grc' dir='ltr'><strong><em>τινες</em></strong></span> <span class='ocrx_word' id='word_1_139' title='bbox 1812 1489 1935 1539; x_wconf 75' lang='grc' dir='ltr'><strong><em>ἰκα-</em></strong></span> 
     </span>
     <span class='ocr_line' id='line_1_18' title="bbox 246 1562 1953 1635; baseline 0 -15"><span class='ocrx_word' id='word_1_140' title='bbox 246 1570 384 1630; x_wconf 86' lang='grc' dir='ltr'><strong><em>νῶς·</em></strong></span> <span class='ocrx_word' id='word_1_141' title='bbox 418 1562 523 1635; x_wconf 79' lang='grc' dir='ltr'><strong><em>τὴν</em></strong></span> <span class='ocrx_word' id='word_1_142' title='bbox 552 1563 612 1619; x_wconf 76' lang='grc' dir='ltr'><strong><em>δὲ</em></strong></span> <span class='ocrx_word' id='word_1_143' title='bbox 643 1563 819 1634; x_wconf 91' lang='grc' dir='ltr'><strong><em>άλλην</em></strong></span> <span class='ocrx_word' id='word_1_144' title='bbox 849 1564 1038 1633; x_wconf 76' lang='grc' dir='ltr'><strong><em>χώραν</em></strong></span> <span class='ocrx_word' id='word_1_145' title='bbox 1075 1564 1377 1634; x_wconf 81' lang='grc' dir='ltr'><strong><em>φυλάττειν</em></strong></span> <span class='ocrx_word' id='word_1_146' title='bbox 1400 1571 1587 1620; x_wconf 79' lang='grc' dir='ltr'><strong><em>πᾶσαν</em></strong></span> <span class='ocrx_word' id='word_1_147' title='bbox 1620 1565 1758 1620; x_wconf 76' lang='grc' dir='ltr'><strong><em>κατὰ</em></strong></span> <span class='ocrx_word' id='word_1_148' title='bbox 1786 1565 1930 1626; x_wconf 75' lang='grc' dir='ltr'><strong><em>τάδε.</em></strong></span> <span class='ocrx_word' id='word_1_149' title='bbox 1942 1590 1953 1606; x_wconf 73' lang='grc'><em>·</em></span> 
     </span>
     <span class='ocr_line' id='line_1_19' title="bbox 249 1644 1935 1719; baseline -0.001 -15"><span class='ocrx_word' id='word_1_150' title='bbox 249 1647 463 1704; x_wconf 77' lang='grc' dir='ltr'><strong><em>δώδεκα</em></strong></span> <span class='ocrx_word' id='word_1_151' title='bbox 483 1647 584 1718; x_wconf 75' lang='grc' dir='ltr'><strong><em>μὲν</em></strong></span> <span class='ocrx_word' id='word_1_152' title='bbox 602 1645 733 1718; x_wconf 73' lang='grc' dir='ltr'><strong><em>ἡμῖν</em></strong></span> <span class='ocrx_word' id='word_1_153' title='bbox 752 1644 785 1717; x_wconf 82' lang='grc' dir='ltr'><em>ἡ</em></span> <span class='ocrx_word' id='word_1_154' title='bbox 804 1648 954 1717; x_wconf 80' lang='grc' dir='ltr'><strong><em>χώρα</em></strong></span> <span class='ocrx_word' id='word_1_155' title='bbox 973 1653 1123 1701; x_wconf 75' lang='grc' dir='ltr'><strong><em>πᾶσα</em></strong></span> <span class='ocrx_word' id='word_1_156' title='bbox 1143 1648 1472 1719; x_wconf 77' lang='grc' dir='ltr'><strong><em>εἰςδύναμιν</em></strong></span> <span class='ocrx_word' id='word_1_157' title='bbox 1489 1655 1580 1703; x_wconf 83' lang='grc' dir='ltr'><strong><em>ἴσα</em></strong></span> <span class='ocrx_word' id='word_1_158' title='bbox 1598 1647 1764 1717; x_wconf 91' lang='grc' dir='ltr'><strong><em>μόρια</em></strong></span> <span class='ocrx_word' id='word_1_159' title='bbox 1778 1652 1935 1703; x_wconf 52' lang='grc' dir='ltr'><strong><em>νενέ*</em></strong></span> 
     </span>
     <span class='ocr_line' id='line_1_20' title="bbox 248 1727 1931 1802; baseline -0.001 -17"><span class='ocrx_word' id='word_1_160' title='bbox 248 1752 429 1802; x_wconf 89' lang='grc' dir='ltr'><strong><em>μηται,</em></strong></span> <span class='ocrx_word' id='word_1_161' title='bbox 451 1728 600 1799; x_wconf 83' lang='grc' dir='ltr'><strong><em>φυλὴ</em></strong></span> <span class='ocrx_word' id='word_1_162' title='bbox 624 1730 682 1784; x_wconf 80' lang='grc' dir='ltr'><strong><em>δὲ</em></strong></span> <span class='ocrx_word' id='word_1_163' title='bbox 701 1733 796 1799; x_wconf 91' lang='grc' dir='ltr'><strong><em>μία</em></strong></span> <span class='ocrx_word' id='word_1_164' title='bbox 821 1735 900 1802; x_wconf 75' lang='grc' dir='ltr'><strong><em>τῷ</em></strong></span> <span class='ocrx_word' id='word_1_165' title='bbox 924 1733 1098 1800; x_wconf 78' lang='grc' dir='ltr'><strong><em>μορίῳ</em></strong></span> <span class='ocrx_word' id='word_1_166' title='bbox 1121 1729 1331 1802; x_wconf 78' lang='grc' dir='ltr'><strong><em>ἑκάστῳ</em></strong></span> <span class='ocrx_word' id='word_1_167' title='bbox 1351 1731 1791 1800; x_wconf 79' lang='grc' dir='ltr'><strong><em>ἐπικληρωθεῖσα</em></strong></span> <span class='ocrx_word' id='word_1_168' title='bbox 1809 1727 1931 1784; x_wconf 91' lang='grc' dir='ltr'><strong><em>κατ’</em></strong></span> 
     </span>
     <span class='ocr_line' id='line_1_21' title="bbox 247 1806 1932 1881; baseline -0.001 -15"><span class='ocrx_word' id='word_1_169' title='bbox 247 1808 508 1867; x_wconf 85' lang='grc' dir='ltr'><strong><em>ἐνιαυτὸν</em></strong></span> <span class='ocrx_word' id='word_1_170' title='bbox 529 1810 805 1881; x_wconf 85' lang='grc' dir='ltr'><strong><em>παρεχέτω</em></strong></span> <span class='ocrx_word' id='word_1_171' title='bbox 836 1813 999 1865; x_wconf 89' lang='grc' dir='ltr'><strong><em>πέντε</em></strong></span> <span class='ocrx_word' id='word_1_172' title='bbox 1020 1806 1141 1864; x_wconf 86' lang='grc' dir='ltr'><strong><em>οἷον</em></strong></span> <span class='ocrx_word' id='word_1_173' title='bbox 1170 1808 1519 1880; x_wconf 80' lang='grc' dir='ltr'><strong><em>ἀγρονόμους</em></strong></span> <span class='ocrx_word' id='word_1_174' title='bbox 1547 1831 1606 1864; x_wconf 91' lang='grc' dir='ltr'><strong><em>τε</em></strong></span> <span class='ocrx_word' id='word_1_175' title='bbox 1632 1812 1724 1864; x_wconf 83' lang='grc' dir='ltr'><strong><em>καὶ</em></strong></span> <span class='ocrx_word' id='word_1_176' title='bbox 1751 1831 1932 1880; x_wconf 90' lang='grc' dir='ltr'><strong><em>φρου-</em></strong></span> 
     </span>
     <span class='ocr_line' id='line_1_22' title="bbox 249 1889 1933 1965; baseline -0.001 -18"><span class='ocrx_word' id='word_1_177' title='bbox 249 1893 508 1965; x_wconf 86' lang='grc' dir='ltr'><strong><em>ράρχους,</em></strong></span> <span class='ocrx_word' id='word_1_178' title='bbox 528 1892 745 1956; x_wconf 87' lang='grc' dir='ltr'><strong><em>τούτοις</em></strong></span> <span class='ocrx_word' id='word_1_179' title='bbox 766 1891 820 1947; x_wconf 79' lang='grc' dir='ltr'><strong><em>δ’</em></strong></span> <span class='ocrx_word' id='word_1_180' title='bbox 848 1897 986 1948; x_wconf 78' lang='grc' dir='ltr'><strong><em>ἔστω</em></strong></span> <span class='ocrx_word' id='word_1_181' title='bbox 1005 1896 1409 1957; x_wconf 82' lang='grc' dir='ltr'><strong><em>καταλέξασθαι</em></strong></span> <span class='ocrx_word' id='word_1_182' title='bbox 1425 1898 1520 1962; x_wconf 82' lang='grc' dir='ltr'><strong><em>τῆς</em></strong></span> <span class='ocrx_word' id='word_1_183' title='bbox 1541 1889 1727 1946; x_wconf 80' lang='grc' dir='ltr'><strong><em>αὐτῶν</em></strong></span> <span class='ocrx_word' id='word_1_184' title='bbox 1750 1898 1933 1961; x_wconf 79' lang='grc' dir='ltr'><strong><em>φυλῆς</em></strong></span> 
     </span>
    </p>

    <p class='ocr_par' dir='ltr' id='par_1_6' title="bbox 190 1968 1931 2125">
     <span class='ocr_line' id='line_1_23' title="bbox 190 1968 1931 2047; baseline -0.001 -19"><span class='ocrx_word' id='word_1_185' title='bbox 190 1988 221 2028; x_wconf 86' lang='lat' dir='ltr'>C</span> <span class='ocrx_word' id='word_1_186' title='bbox 251 1974 462 2047; x_wconf 76' lang='grc' dir='ltr'><strong><em>ἑκάστῳ</em></strong></span> <span class='ocrx_word' id='word_1_187' title='bbox 488 1973 703 2029; x_wconf 77' lang='grc' dir='ltr'><strong><em>δώδεκα</em></strong></span> <span class='ocrx_word' id='word_1_188' title='bbox 733 1979 846 2029; x_wconf 87' lang='grc' dir='ltr'><strong><em>τῶν</em></strong></span> <span class='ocrx_word' id='word_1_189' title='bbox 884 1975 1046 2028; x_wconf 86' lang='grc' dir='ltr'><strong><em>πέντε</em></strong></span> <span class='ocrx_word' id='word_1_190' title='bbox 1086 1976 1145 2028; x_wconf 87' lang='grc' dir='ltr'><strong><em>ἐκ</em></strong></span> <span class='ocrx_word' id='word_1_191' title='bbox 1181 1978 1295 2027; x_wconf 87' lang='grc' dir='ltr'><strong><em>τῶν</em></strong></span> <span class='ocrx_word' id='word_1_192' title='bbox 1328 1976 1490 2042; x_wconf 89' lang='grc' dir='ltr'><strong><em>νέων,</em></strong></span> <span class='ocrx_word' id='word_1_193' title='bbox 1528 1972 1602 2042; x_wconf 84' lang='grc' dir='ltr'><strong><em>μὴ</em></strong></span> <span class='ocrx_word' id='word_1_194' title='bbox 1633 1975 1859 2026; x_wconf 83' lang='grc' dir='ltr'><strong><em>ἔλαττον</em></strong></span> <span class='ocrx_word' id='word_1_195' title='bbox 1893 1968 1931 2040; x_wconf 81' lang='grc' dir='ltr'><em>ἢ</em></span> 
     </span>
     <span class='ocr_line' id='line_1_24' title="bbox 247 2049 1931 2125; baseline -0.002 -16"><span class='ocrx_word' id='word_1_196' title='bbox 247 2058 409 2110; x_wconf 88' lang='grc' dir='ltr'><strong><em>πέντε</em></strong></span> <span class='ocrx_word' id='word_1_197' title='bbox 446 2056 539 2110; x_wconf 83' lang='grc' dir='ltr'><strong><em>καὶ</em></strong></span> <span class='ocrx_word' id='word_1_198' title='bbox 575 2062 786 2110; x_wconf 79' lang='grc' dir='ltr'><strong><em>εἴκοσιν</em></strong></span> <span class='ocrx_word' id='word_1_199' title='bbox 817 2060 907 2125; x_wconf 79' lang='grc' dir='ltr'><strong><em>ἔτη</em></strong></span> <span class='ocrx_word' id='word_1_200' title='bbox 947 2054 1263 2124; x_wconf 85' lang='grc' dir='ltr'><strong><em>γεγονότας,</em></strong></span> <span class='ocrx_word' id='word_1_201' title='bbox 1292 2051 1366 2124; x_wconf 86' lang='grc' dir='ltr'><strong><em>μὴ</em></strong></span> <span class='ocrx_word' id='word_1_202' title='bbox 1399 2060 1588 2108; x_wconf 77' lang='grc' dir='ltr'><strong><em>πλεῖον</em></strong></span> <span class='ocrx_word' id='word_1_203' title='bbox 1616 2051 1675 2107; x_wconf 73' lang='grc' dir='ltr'><strong><em>δὲ</em></strong></span> <span class='ocrx_word' id='word_1_204' title='bbox 1705 2049 1741 2122; x_wconf 78' lang='grc' dir='ltr'><em>ἢ</em></span> <span class='ocrx_word' id='word_1_205' title='bbox 1773 2052 1931 2121; x_wconf 91' lang='grc' dir='ltr'><strong><em>τριά-</em></strong></span> 
     </span>
    </p>

    <p class='ocr_par' dir='ltr' id='par_1_7' title="bbox 167 2134 1966 2611">
     <span class='ocr_line' id='line_1_25' title="bbox 167 2134 1931 2212; baseline -0.002 -20"><span class='ocrx_word' id='word_1_206' title='bbox 167 2205 175 2212; x_wconf 8' lang='lat' dir='ltr'><strong><em>*X</em></strong></span> <span class='ocrx_word' id='word_1_207' title='bbox 246 2159 432 2193; x_wconf 85' lang='grc' dir='ltr'><strong><em>κοντα.</em></strong></span> <span class='ocrx_word' id='word_1_208' title='bbox 482 2139 700 2204; x_wconf 77' lang='grc' dir='ltr'><strong><em>τούτοις</em></strong></span> <span class='ocrx_word' id='word_1_209' title='bbox 737 2138 795 2194; x_wconf 73' lang='grc' dir='ltr'><strong><em>δὲ</em></strong></span> <span class='ocrx_word' id='word_1_210' title='bbox 833 2137 1270 2209; x_wconf 82' lang='grc' dir='ltr'><strong><em>διακληρωθήτω</em></strong></span> <span class='ocrx_word' id='word_1_211' title='bbox 1308 2135 1375 2191; x_wconf 78' lang='grc' dir='ltr'><strong><em>τὰ</em></strong></span> <span class='ocrx_word' id='word_1_212' title='bbox 1410 2135 1576 2207; x_wconf 89' lang='grc' dir='ltr'><strong><em>μόρια</em></strong></span> <span class='ocrx_word' id='word_1_213' title='bbox 1615 2142 1711 2206; x_wconf 83' lang='grc' dir='ltr'><strong><em>τῆς</em></strong></span> <span class='ocrx_word' id='word_1_214' title='bbox 1749 2134 1931 2209; x_wconf 73' lang='grc' dir='ltr'><strong><em>χώρας</em></strong></span> 
     </span>
     <span class='ocr_line' id='line_1_26' title="bbox 245 2214 1966 2294; baseline -0.002 -21"><span class='ocrx_word' id='word_1_215' title='bbox 245 2216 384 2273; x_wconf 74' lang='grc' dir='ltr'><strong><em>κατὰ</em></strong></span> <span class='ocrx_word' id='word_1_216' title='bbox 421 2225 568 2288; x_wconf 84' lang='grc' dir='ltr'><strong><em>μῆνα</em></strong></span> <span class='ocrx_word' id='word_1_217' title='bbox 603 2220 804 2274; x_wconf 79' lang='grc' dir='ltr'><strong><em>ἕκαστα</em></strong></span> <span class='ocrx_word' id='word_1_218' title='bbox 843 2219 1107 2294; x_wconf 72' lang='grc' dir='ltr'><strong><em>ἕκάστρις,</em></strong></span> <span class='ocrx_word' id='word_1_219' title='bbox 1147 2217 1296 2284; x_wconf 79' lang='grc' dir='ltr'><strong><em>ὅπως</em></strong></span> <span class='ocrx_word' id='word_1_220' title='bbox 1332 2214 1404 2274; x_wconf 74' lang='grc' dir='ltr'><strong><em>ἂν</em></strong></span> <span class='ocrx_word' id='word_1_221' title='bbox 1424 2216 1603 2288; x_wconf 88' lang='grc' dir='ltr'><strong><em>πάσης</em></strong></span> <span class='ocrx_word' id='word_1_222' title='bbox 1630 2222 1724 2287; x_wconf 87' lang='grc' dir='ltr'><strong><em>τῆς</em></strong></span> <span class='ocrx_word' id='word_1_223' title='bbox 1750 2238 1931 2290; x_wconf 83' lang='grc' dir='ltr'><strong><em>χωρας</em></strong></span> <span class='ocrx_word' id='word_1_224' title='bbox 1961 2252 1966 2258; x_wconf 94' lang='grc'><strong>-</strong></span> 
     </span>
     <span class='ocr_line' id='line_1_27' title="bbox 248 2295 1930 2370; baseline 0 -19"><span class='ocrx_word' id='word_1_225' title='bbox 248 2302 502 2367; x_wconf 71' lang='grc' dir='ltr'><strong><em>ἔμπειροί</em></strong></span> <span class='ocrx_word' id='word_1_226' title='bbox 514 2320 572 2352; x_wconf 89' lang='grc' dir='ltr'><strong><em>τε</em></strong></span> <span class='ocrx_word' id='word_1_227' title='bbox 591 2302 682 2354; x_wconf 86' lang='grc' dir='ltr'><strong><em>καὶ</em></strong></span> <span class='ocrx_word' id='word_1_228' title='bbox 700 2301 1056 2370; x_wconf 81' lang='grc' dir='ltr'><strong><em>ἐπιστήμονες</em></strong></span> <span class='ocrx_word' id='word_1_229' title='bbox 1074 2305 1373 2370; x_wconf 88' lang='grc' dir='ltr'><strong><em>γίγνωνται</em></strong></span> <span class='ocrx_word' id='word_1_230' title='bbox 1390 2297 1604 2362; x_wconf 88' lang='grc' dir='ltr'><strong><em>πάντες.</em></strong></span> <span class='ocrx_word' id='word_1_231' title='bbox 1641 2297 1743 2352; x_wconf 82' lang='grc' dir='ltr'><strong><em>δύο</em></strong></span> <span class='ocrx_word' id='word_1_232' title='bbox 1766 2295 1815 2352; x_wconf 81' lang='grc' dir='ltr'><strong><em>δ’</em></strong></span> <span class='ocrx_word' id='word_1_233' title='bbox 1837 2301 1930 2367; x_wconf 81' lang='grc' dir='ltr'><strong><em>ἔτη</em></strong></span> 
     </span>
     <span class='ocr_line' id='line_1_28' title="bbox 246 2375 1929 2450; baseline 0 -18"><span class='ocrx_word' id='word_1_234' title='bbox 246 2377 352 2450; x_wconf 84' lang='grc' dir='ltr'><strong><em>τὴν</em></strong></span> <span class='ocrx_word' id='word_1_235' title='bbox 371 2375 547 2449; x_wconf 70' lang='grc' dir='ltr'><strong><em>ἀρχὴν</em></strong></span> <span class='ocrx_word' id='word_1_236' title='bbox 575 2380 667 2433; x_wconf 87' lang='grc' dir='ltr'><strong><em>καὶ</em></strong></span> <span class='ocrx_word' id='word_1_237' title='bbox 695 2378 799 2449; x_wconf 83' lang='grc' dir='ltr'><strong><em>τὴν</em></strong></span> <span class='ocrx_word' id='word_1_238' title='bbox 828 2379 1088 2449; x_wconf 77' lang='grc' dir='ltr'><strong><em>φρουρὰν</em></strong></span> <span class='ocrx_word' id='word_1_239' title='bbox 1115 2385 1425 2449; x_wconf 79' lang='grc' dir='ltr'><strong><em>γίγνεσθαι</em></strong></span> <span class='ocrx_word' id='word_1_240' title='bbox 1445 2389 1713 2449; x_wconf 78' lang='grc' dir='ltr'><strong><em>φρουροῖς</em></strong></span> <span class='ocrx_word' id='word_1_241' title='bbox 1747 2397 1806 2431; x_wconf 88' lang='grc' dir='ltr'><strong><em>τε</em></strong></span> <span class='ocrx_word' id='word_1_242' title='bbox 1838 2380 1929 2432; x_wconf 84' lang='grc' dir='ltr'><strong><em>καὶ</em></strong></span> 
     </span>
     <span class='ocr_line' id='line_1_29' title="bbox 248 2457 1929 2531; baseline -0.002 -17"><span class='ocrx_word' id='word_1_243' title='bbox 248 2458 542 2528; x_wconf 73' lang='grc' dir='ltr'><strong><em>ἄρχουσιν·</em></strong></span> <span class='ocrx_word' id='word_1_244' title='bbox 578 2459 729 2525; x_wconf 81' lang='grc' dir='ltr'><strong><em>ὅπως</em></strong></span> <span class='ocrx_word' id='word_1_245' title='bbox 758 2459 812 2515; x_wconf 80' lang='grc' dir='ltr'><strong><em>δ’</em></strong></span> <span class='ocrx_word' id='word_1_246' title='bbox 843 2457 916 2515; x_wconf 72' lang='grc' dir='ltr'><strong><em>ἂν</em></strong></span> <span class='ocrx_word' id='word_1_247' title='bbox 944 2460 1007 2515; x_wconf 83' lang='grc' dir='ltr'><strong><em>τὰ</em></strong></span> <span class='ocrx_word' id='word_1_248' title='bbox 1047 2465 1270 2531; x_wconf 83' lang='grc' dir='ltr'><strong><em>πρῶτον</em></strong></span> <span class='ocrx_word' id='word_1_249' title='bbox 1297 2457 1505 2528; x_wconf 89' lang='grc' dir='ltr'><strong><em>λάχωσι</em></strong></span> <span class='ocrx_word' id='word_1_250' title='bbox 1528 2457 1594 2512; x_wconf 76' lang='grc' dir='ltr'><strong><em>τὰ</em></strong></span> <span class='ocrx_word' id='word_1_251' title='bbox 1624 2460 1779 2528; x_wconf 87' lang='grc' dir='ltr'><strong><em>μέρη,</em></strong></span> <span class='ocrx_word' id='word_1_252' title='bbox 1798 2458 1929 2522; x_wconf 85' lang='grc' dir='ltr'><strong><em>τοὺς</em></strong></span> 
     </span>
     <span class='ocr_line' id='line_1_30' title="bbox 246 2538 1929 2611; baseline 0 -18"><span class='ocrx_word' id='word_1_253' title='bbox 246 2545 343 2609; x_wconf 86' lang='grc' dir='ltr'><strong><em>τῆς</em></strong></span> <span class='ocrx_word' id='word_1_254' title='bbox 360 2539 542 2611; x_wconf 72' lang='grc' dir='ltr'><strong><em>χώρας</em></strong></span> <span class='ocrx_word' id='word_1_255' title='bbox 553 2539 757 2605; x_wconf 89' lang='grc' dir='ltr'><strong><em>τόπους</em></strong></span> <span class='ocrx_word' id='word_1_256' title='bbox 770 2541 1233 2611; x_wconf 82' lang='grc' dir='ltr'><strong><em>μεταλλάττοντας</em></strong></span> <span class='ocrx_word' id='word_1_257' title='bbox 1251 2538 1335 2595; x_wconf 78' lang='grc' dir='ltr'><strong><em>ἀεὶ</em></strong></span> <span class='ocrx_word' id='word_1_258' title='bbox 1353 2538 1452 2595; x_wconf 86' lang='grc' dir='ltr'><strong><em>τὸν</em></strong></span> <span class='ocrx_word' id='word_1_259' title='bbox 1470 2542 1589 2610; x_wconf 77' lang='grc' dir='ltr'><strong><em>ἑξῆς</em></strong></span> <span class='ocrx_word' id='word_1_260' title='bbox 1606 2539 1782 2594; x_wconf 91' lang='grc' dir='ltr'><strong><em>τόπον</em></strong></span> <span class='ocrx_word' id='word_1_261' title='bbox 1802 2538 1929 2594; x_wconf 82' lang='grc' dir='ltr'><strong><em>ἑκά-</em></strong></span> 
     </span>
    </p>

    <p class='ocr_par' dir='ltr' id='par_1_8' title="bbox 180 2617 1963 2856">
     <span class='ocr_line' id='line_1_31' title="bbox 180 2617 1926 2721; baseline -0.001 -46"><span class='ocrx_word' id='word_1_262' title='bbox 180 2638 228 2680; x_wconf 84' lang='lat'><strong><em>1)</em></strong></span> <span class='ocrx_word' id='word_1_263' title='bbox 248 2636 383 2675; x_wconf 88' lang='grc' dir='ltr'><strong><em>στου</em></strong></span> <span class='ocrx_word' id='word_1_264' title='bbox 402 2618 576 2699; x_wconf 82' lang='grc' dir='ltr'><strong><em>μηνὸς</em></strong></span> <span class='ocrx_word' id='word_1_265' title='bbox 595 2617 851 2691; x_wconf 80' lang='grc' dir='ltr'><strong><em>ἡγεῖσθαι</em></strong></span> <span class='ocrx_word' id='word_1_266' title='bbox 869 2642 1000 2686; x_wconf 92' lang='grc' dir='ltr'><strong><em>τους</em></strong></span> <span class='ocrx_word' id='word_1_267' title='bbox 1018 2621 1412 2721; x_wconf 87' lang='grc' dir='ltr'><strong><em>φρουράρχους</em></strong></span> <span class='ocrx_word' id='word_1_268' title='bbox 1429 2621 1516 2675; x_wconf 84' lang='grc' dir='ltr'><strong><em>ἐπὶ</em></strong></span> <span class='ocrx_word' id='word_1_269' title='bbox 1543 2621 1692 2687; x_wconf 80' lang='grc' dir='ltr'><strong><em>δεξια</em></strong></span> <span class='ocrx_word' id='word_1_270' title='bbox 1711 2619 1926 2694; x_wconf 85' lang='grc' dir='ltr'><strong><em>κύκλω·</em></strong></span> 
     </span>
     <span class='ocr_line' id='line_1_32' title="bbox 245 2698 1963 2773; baseline 0.001 -19"><span class='ocrx_word' id='word_1_271' title='bbox 245 2698 307 2755; x_wconf 82' lang='grc' dir='ltr'><strong><em>τὸ</em></strong></span> <span class='ocrx_word' id='word_1_272' title='bbox 329 2698 380 2754; x_wconf 82' lang='grc' dir='ltr'><strong><em>δ’</em></strong></span> <span class='ocrx_word' id='word_1_273' title='bbox 406 2701 492 2755; x_wconf 83' lang='grc' dir='ltr'><strong><em>ε’πι</em></strong></span> <span class='ocrx_word' id='word_1_274' title='bbox 514 2699 661 2766; x_wconf 81' lang='grc' dir='ltr'><strong><em>δεξια</em></strong></span> <span class='ocrx_word' id='word_1_275' title='bbox 681 2703 960 2771; x_wconf 87' lang='grc' dir='ltr'><strong><em>γιγνέσθω</em></strong></span> <span class='ocrx_word' id='word_1_276' title='bbox 980 2700 1042 2757; x_wconf 84' lang='grc' dir='ltr'><strong><em>τὸ</em></strong></span> <span class='ocrx_word' id='word_1_277' title='bbox 1064 2700 1203 2773; x_wconf 83' lang='grc' dir='ltr'><strong><em>πρὸς</em></strong></span> <span class='ocrx_word' id='word_1_278' title='bbox 1222 2704 1309 2756; x_wconf 80' lang='grc' dir='ltr'><strong><em>ἕω.</em></strong></span> <span class='ocrx_word' id='word_1_279' title='bbox 1336 2701 1730 2773; x_wconf 87' lang='grc' dir='ltr'><strong><em>περιελθόντος</em></strong></span> <span class='ocrx_word' id='word_1_280' title='bbox 1750 2701 1810 2756; x_wconf 78' lang='grc' dir='ltr'><strong><em>δε</em></strong></span> <span class='ocrx_word' id='word_1_281' title='bbox 1827 2705 1930 2756; x_wconf 85' lang='grc' dir='ltr'><strong><em>τοῦ</em></strong></span> <span class='ocrx_word' id='word_1_282' title='bbox 1958 2728 1963 2734; x_wconf 88' lang='grc'>·</span> 
     </span>
     <span class='ocr_line' id='line_1_33' title="bbox 247 2783 1927 2857; baseline 0.002 -23"><span class='ocrx_word' id='word_1_283' title='bbox 247 2783 509 2836; x_wconf 86' lang='grc' dir='ltr'><strong><em>ἐνιαυτοῦ</em></strong></span> <span class='ocrx_word' id='word_1_284' title='bbox 523 2787 602 2856; x_wconf 77' lang='grc' dir='ltr'><strong><em>τῷ</em></strong></span> <span class='ocrx_word' id='word_1_285' title='bbox 624 2786 911 2857; x_wconf 79' lang='grc' dir='ltr'><strong><em>δευτέρω”</em></strong></span> <span class='ocrx_word' id='word_1_286' title='bbox 882 2804 1004 2855; x_wconf 84' lang='grc' dir='ltr'><strong><em>ετει,</em></strong></span> <span class='ocrx_word' id='word_1_287' title='bbox 1024 2785 1130 2838; x_wconf 80' lang='grc' dir='ltr'><strong><em>ἵνα</em></strong></span> <span class='ocrx_word' id='word_1_288' title='bbox 1148 2804 1220 2848; x_wconf 89' lang='grc' dir='ltr'><strong><em>ως</em></strong></span> <span class='ocrx_word' id='word_1_289' title='bbox 1247 2790 1485 2840; x_wconf 82' lang='grc' dir='ltr'><strong><em>πλεῖστοι</em></strong></span> <span class='ocrx_word' id='word_1_290' title='bbox 1516 2790 1630 2840; x_wconf 88' lang='grc' dir='ltr'><strong><em>τῶν</em></strong></span> <span class='ocrx_word' id='word_1_291' title='bbox 1656 2789 1927 2856; x_wconf 86' lang='grc' dir='ltr'><strong><em>φρουρῶν</em></strong></span> 
     </span>
    </p>
   </div>
  </div>
 </body>
</html>
