1976 3172
209 120 282 173 56
814 122 987 169 HAA
1005 122 1289 188 1⁷52sz

210 252 319 324 νὴν
339 255 400 308 ἐν
419 250 607 317 αὐτοῖς
624 256 936 324 γίγνεσθαι,
957 253 1347 326 παρεπόμενον
1377 256 1477 311 ἐὰν
1503 261 1771 330 γίγνηται,
1791 263 1893 330 χά-

209 355 300 404 ριν
318 333 455 390 αὐτὸ
484 333 832 392 δικαιότατον
852 332 925 393 o'c'v
945 345 1029 410 εἴη
1047 339 1517 411 προσαγορεύειν;

349 422 467 475 KA.
507 423 635 474 Ναί.

351 507 469 556 ΑΘ.
512 497 630 571 Τὴν
649 503 715 556 δέ
726 522 790 571 γε
810 498 1090 573 ὀρθότητά
1110 522 1221 558 που
1236 509 1350 558 τῶν
1369 504 1639 561 τοιούτων
1660 503 1693 576 ἡ
1714 506 1896 577 ἰσότης

209 580 301 653 ἄν,
326 579 399 647 ὥς
416 585 503 638 ἐπὶ
520 581 582 639 τὸ
603 589 717 638 πᾶν
737 587 927 656 εἰπεῖν,
949 584 1284 656 ἐξεργάζοιτο
1310 593 1414 641 τοῦ
1434 608 1492 643 τε
1510 589 1785 644 τοσούτου
1804 592 1895 644 καὶ

207 673 311 721 τοῦ
328 665 589 723 τοιούτου
608 667 900 742 πρότερον,
921 667 1045 726 ἀλλ’
1068 667 1169 741 οὐχ
1186 668 1374 742 ἡδονή.

350 754 470 804 ΚΛ.
509 755 724 817 Καλῶς.

351 837 470 887 ΑΘ.
513 829 743 888 Οὐκοῦν
759 830 936 905 ἡδονῇ
954 831 1186 905 κρίνοιτ’
1207 833 1280 890 ὄίν
1292 834 1471 906 μόνον
1489 837 1665 890 ἐκεῖνο
1687 833 1895 907 ὀρθῶς,

210 910 242 968 ὃ
280 911 414 984 μήτε
450 911 576 968 τινὰ
625 912 897 986 ὠφέλειαν
939 914 1073 987 μήτε
1108 914 1381 987 ἀλήθειαν
1425 915 1560 987 μήτε
1603 913 1898 987 ὁμοιότητα

144 999 179 1041 Ε
212 993 665 1066 ἀπεργαζόμενον
682 1000 990 1067 παρέχεται,
1021 995 1148 1066 μηδ’
1175 990 1251 1051 αὖ
1279 1018 1342 1067 γε
1371 998 1603 1069 βλάβην,
1635 995 1759 1053 ἄλλ’
1792 997 1899 1052 αὐ-

208 1083 310 1132 τοῦ
347 1078 554 1133 τούτου
586 1077 766 1148 μόνου
791 1079 954 1134 ἕνεκα
990 1082 1235 1148 γίγνοιτο
1270 1085 1372 1134 τοῦ
1401 1082 1899 1151 ξυμπαρεπομένου

208 1169 320 1223 τοῖς
339 1157 544 1258 ἄλλοις,
566 1164 664 1231 τῆς
677 1157 913 1231 χάριτος,
928 1156 1000 1231 ἣν
1020 1159 1088 1230 δη
1110 1156 1377 1216 κάλλιστά
1411 1182 1492 1225 τις
1521 1158 1795 1232 ὀνομάσαι
1827 1158 1900 1217 ἂν

207 1238 484 1313 ἡδονήν,’
463 1240 601 1316 όταν
620 1242 794 1315 μηδεν
813 1241 954 1316 αὐτῇ
973 1243 1190 1300 τούτων
1209 1246 1596 1317 ἐπακολουθῇ·
1582 1286 1598 1312 ,

351 1330 470 1381 KA.
510 1321 752 1397 Ἀβλαβῆ
771 1330 943 1397 λέγεις
960 1316 1173 1397 ἡδονὴν
1189 1327 1382 1398 μόνον.

351 1415 470 1464 ΑΘ,
508 1412 642 1476 Ναί,
675 1410 768 1463 καὶ
802 1407 1029 1464 παιδιάν
1065 1429 1128 1478 γε
1169 1407 1310 1465 εἶναι
1333 1406 1438 1480 τήν
1475 1404 1653 1478 αὐτὴν
1688 1407 1900 1480 ταύτην

207 1493 350 1561 λέγω
370 1490 516 1560 τότε,-
543 1487 682 1545 ὅταν
709 1489 847 1561 μήτε
876 1512 928 1545 τι
955 1490 1174 1563 βλάπτῃ
1203 1490 1341 1563 μήτε
1371 1489 1561 1561 ὠφελῇ
1586 1495 1835 1561 σπουδῆς
1863 1490 1900 1561 ἢ
1929 1498 1938 1502 ’

209 1574 382 1644 λόγου
401 1572 574 1638 ἄξιον.

351 1658 470 1711 ΚΛ.
505 1652 877 1726 Ἀληθέστατα
895 1658 1083 1727 λέγεις.

352 1743 470 1793 ΑΘ.
501 1730 616 1808 AQ'
641 1731 750 1791 οὖν
783 1735 851 1792 οὐ
880 1744 1070 1793 πᾶσαν
1098 1743 1328 1810 μίμησιν
1357 1747 1563 1809 φαῖμεν
1593 1734 1667 1792 ἂν
1697 1740 1756 1794 ἐκ
1785 1743 1901 1793 ταῖν

50 1878 52 1881 ,
211 1825 322 1878 νῦν
355 1823 675 1891 λεγομένων
707 1819 905 1892 ἥκιστα
931 1818 1111 1892 ἡδονῇ
1144 1820 1452 1892 προσήκειν
1479 1823 1773 1891 κρίνεσθαι
1807 1822 1901 1876 καὶ

94 1904 182 1952 668
214 1904 344 1976 δόξῃ
364 1901 437 1974 μὴ
457 1901 673 1974 ἀληθεῖ,
694 1907 785 1959 καὶ
807 1902 873 1975 δὴ
901 1904 993 1959 καὶ
1013 1909 1201 1959 πᾶσαν
1228 1901 1476 1975 ἰσότητας
1510 1900 1578 1958 οὐ
1612 1900 1721 1973 γὰρ
1747 1909 1799 1957 εἴ
1821 1922 1897 1975 τῳ

211 1989 370 2042 δοκεῖ
389 1981 580 2055 *ἡδὺ*
607 1984 646 2056 ἦ
674 1986 786 2057 [μή]
807 2007 888 2051 τις
905 1990 1083 2058 χαίρει
1100 2006 1195 2060 τῳ,
1214 1985 1280 2041 τό
1297 2006 1361 2056 γε
1390 1992 1515 2041 ἴσον
1534 1991 1660 2041 ἴσον
1678 1981 1811 2042 οὐδὲ
1834 1981 1897 2038 τό

212 2068 531 2140 σύμμετρον
551 2063 625 2122 ἂν
643 2074 726 2138 εἴη
750 2067 1066 2140 σύμμετρον
1085 2067 1246 2138 ὅλως,
1269 2065 1410 2123 ἀλλά
1431 2072 1509 2140 τῷ
1533 2063 1738 2138 ἀληθεῖ
1755 2065 1900 2122 πάν-

200 2170 325 2204 των
343 2149 598 2219 μάλιστα,
618 2148 814 2220 ἥκιστα
836 2149 894 2206 δὲ
914 2147 1133 2223 ὁτῳοῦν
1151 2146 1317 2225 ἄλλῳ.

355 2236 473 2286 ΚΛ.
513 2231 846 2285 Παντάπασι
865 2231 966 2301 μὲν
987 2226 1108 2287 οὖν.

357 2317 476 2367 ΑΘ.
521 2309 752 2367 Οὐκοῦν
770 2314 1045 2384 μουσικήν
1073 2334 1136 2386 γε
1165 2313 1352 2370 πᾶσαν
1380 2334 1566 2385 φαμεν
1585 2310 1901 2384 εἰκαστικήν

213 2415 271 2450 τε
293 2391 435 2450 εἶναι
452 2394 546 2450 καὶ
571 2393 896 2465 μιμητικήν;

352 2483 471 2533 KA.
516 2481 587 2532 Τί
606 2477 749 2549 μήν;

354 2565 472 2615 ΑΘ.
501 2557 709 2616 ‘'Huwv'
735 2559 863 2631 ἄρα,
884 2557 1018 2615 ὅταν
1030 2581 1109 2624 τις
1125 2557 1401 2631 μουσικὴν
1419 2557 1597 2633 ἡδονῇ
1615 2563 1695 2634 φῇ
1714 2563 1900 2632 κρίνε-

215 2651 369 2713 σθαι,
390 2649 595 2699 τοῦτον
614 2639 954 2698 ἀποδεκτέον
971 2642 1073 2698 τὸν
1094 2641 1282 2714 λόγον,
1315 2643 1407 2697 καὶ
1429 2643 1684 2713 ζητητέον
1701 2637 1902 2711 ἥκιστα

158 2741 192 2784 Β
219 2726 431 2798 ταύτην
461 2724 534 2792 ὥς
563 2729 893 2798 σπουδαίαν,
929 2733 1056 2791 εἴτις
1086 2724 1195 2798 ἄρα
1229 2744 1340 2781 που
1369 2727 1461 2780 καὶ
1487 2729 1750 2795 γίγνοιτο,
1776 2721 1902 2778 ἀλλ’

214 2813 434 2882 ἐκείνην
444 2808 548 2882 τὴν
560 2813 797 2881 ἔχουσαν
807 2806 911 2880 τὴν
921 2805 1216 2881 ὁμοιότητα
1228 2814 1307 2881 τςό
1317 2813 1420 2864 τοῦ
1431 2813 1609 2864 καλοῦ
1618 2804 1901 2878 μιμήματι.
