1976 3172
268 52 372 103 398
894 51 1366 100 ΠΛΑΤΩΝΟΣ

265 189 478 254 χωρίων
500 184 602 254 μὲν
621 183 896 254 οἰκήσεών
914 203 970 237 τε
990 185 1117 254 τῇδε
1137 181 1240 238 οὐκ
1262 181 1374 239 ἔστ’
1398 182 1817 257 ἀμφισβήτησις·
1839 193 1950 244 τῶν

266 265 325 321 δὲ
344 265 549 335 ἄλλων,
570 263 605 320 6¹
623 287 676 320 τι
699 263 771 319 ἄν
789 286 870 329 τις
893 266 1184 335 ἐκτημένος
1206 257 1259 335 ᾖ,
1282 264 1380 322 ἐὰν
1400 269 1503 337 μὲν
1529 263 1668 324 κατὰ
1698 267 1839 324 ἄστυ
1858 271 1949 328 καὶ

263 343 383 402 κατ’
408 343 622 416 ἀγοράν
641 348 734 402 καὶ
755 343 878 418 ἰερά
895 346 1178 416 χρώμενος
1210 352 1472 418 φαίνηται
1501 351 1594 405 καὶ
1618 351 1807 421 μηδεὶς
1830 351 1949 405 ἐπι-

263 428 511 500 λάβηται,
541 434 622 500 φῇ
660 427 720 484 δὲ
758 432 934 498 ζητεῖν
963 426 1164 484 τοῦτον
1189 427 1289 484 τὸν
1308 428 1531 501 χρόνον,
1563 428 1592 486 ὁ
1624 432 1685 487 δὲ
1710 429 1785 530 μή
1806 429 1947 487 ἀπο-

262 510 645 614 κρυπτόμενος
679 506 924 580 φανερὸς
958 501 1011 581 ᾗ,
1042 506 1141 564 ἐάν
1169 509 1317 565 οὕτω
1347 532 1428 576 τις
1461 509 1719 569 ἐνιαυτὸν
1755 509 1948 568 ὁτιοῦν

168 609 231 659 μ1)
264 595 573 663 ἐκτημένος,
592 588 620 646 6
643 590 703 647 δὲ
727 595 902 662 ζητῶν
930 593 1308 663 διαγένωνται,
1345 591 1420 664 μὴ
1457 596 1652 661 ἐξέστω
1687 591 1948 649 τοιούτου

262 675 533 745 κτήματος
550 675 912 743 ἐπιλαβέσθαι
930 674 1140 743 μηδένα
1158 673 1543 745 παρελθόντος
1554 678 1826 732 ἐνιαυτοῦ.
1848 672 1948 730 ἐὰν

263 755 322 809 δὲ
341 751 464 808 κατ’
486 752 627 808 ἄστυ
644 753 748 822 μὲν
764 753 839 822 μὴ
859 756 997 822 μηδὲ
1015 751 1126 808 κατ’
1152 752 1367 825 ἀγορὰν
1377 760 1589 827 χρῆται,
1602 753 1716 811 κατ’
1737 753 1947 826 ἀγροὺς

263 835 321 891 δὲ
343 839 616 905 φανερῶς,
637 831 711 903 μὴ
741 830 1050 902 προστυχὴς
1069 833 1127 888 δὲ
1145 837 1207 887 ἐν
1236 835 1398 889 πέντε
1428 840 1570 891 ἔτεσι
1599 838 1828 908 γένηταί
1849 857 1947 907 τις,

262 922 376 971 τῶν
411 916 573 970 πέντε
602 912 950 979 ἐξελθόντων
977 914 1117 968 ἐτῶν
1146 914 1340 985 μηκέτι
1373 920 1476 970 τοῦ
1508 923 1706 972 λοιποῦ
1741 919 1949 988 χρόνου

261 1000 456 1063 ἐξέστω
475 994 656 1068 τούτῳ
676 1001 779 1051 τοῦ
799 994 1061 1052 τοιούτου
1078 997 1454 1067 ἐπιλαβέσθαι.
1491 996 1589 1053 ἐὰν
1621 995 1828 1054 δὲ’κατ)
1865 1002 1949 1053 οἰ-

261 1085 382 1143 κίας
399 1081 461 1133 ἐν
481 1076 632 1132 ἄστει
650 1079 711 1132 τέ
735 1098 817 1141 τις
845 1082 1058 1148 χρῆται,
1083 1083 1269 1148 τριετῆ
1287 1077 1396 1149 τὴν·
1419 1082 1769 1150 προθεσμίαν
1788 1077 1948 1149 εἶναι,

201 1169 233 1208 Ε
261 1158 358 1214 ἐὰν
378 1162 437 1214 δὲ
456 1155 575 1215 κατ’
601 1154 811 1228 ἀγροὺς
827 1158 890 1212 ἐν
918 1155 1125 1227 ἀφανεῖ
1138 1157 1411 1230 κέκτηται,
1441 1160 1573 1215 δέκα
1591 1161 1749 1228 ἐτῶν,
1769 1157 1869 1215 ἐὰν
1890 1157 1941 1216 δ’

260 1245 321 1297 ἐν
338 1239 662 1313 ἀλλοδημίᾳ,
680 1245 784 1295 τοῦ
803 1237 1010 1303 παντὸς
1037 1239 1263 1310 χρόνον,
1289 1238 1426 1295 ὅταν
1453 1237 1664 1313 ἀνεύρῃ
1693 1260 1821 1312 που,
1841 1263 1939 1312 μη-

262 1326 457 1392 δεμίαν
493 1320 634 1377 εἶναι
666 1324 1018 1392 προθεσμίαν
1054 1325 1150 1391 τῆς
1188 1322 1510 1392 ἐπιλήψεως.
1564 1321 1665 1378 ἐάν
1701 1327 1780 1387 τίς
1823 1343 1947 1376 τινα

262 1408 388 1476 δίκῃ
405 1404 823 1474 παραγενέσθαι
852 1399 1079 1472 κωλύσῃ
1107 1405 1219 1474 βίᾳ,
1252 1409 1359 1458 εἴτε
1389 1400 1563 1457 αὐτὸν
1592 1410 1699 1458 εἴτε
1729 1402 1946 1472 μα’ρτυ-

262 1507 380 1586 ρας,
400 1484 500 1540 ἐὰν
517 1483 619 1555 μὲν
638 1487 845 1538 δοῦλον
864 1489 971 1537 εἴτε
993 1479 1171 1536 αὑτοῦ
1189 1488 1295 1536 εἴτε
1325 1480 1636 1554 ἀλλότριον,
1667 1480 1834 1552 ἀτελῆ
1855 1484 1946 1538 καὶ

261 1566 475 1638 ἄκυρον
494 1570 787 1636 γίγνεσθαι
814 1562 914 1634 τὴν
934 1567 1112 1661 δίκῃν,
1141 1563 1239 1618 ἐάν
1266 1561 1326 1618 δ’
1355 1563 1674 1637 ἐλεύθερον,
1703 1563 1841 1633 πρὸς
1869 1586 1944 1620 τω

147 1661 232 1705 955
259 1646 426 1717 ἀτελῆ
446 1651 682 1716 δεθῆναι
700 1667 802 1716 μεν
822 1644 1098 1716 ἐνιαυτόν,
1120 1642 1394 1701 ὑπόδικον
1411 1643 1471 1701 δε
1490 1644 1948 1718 ἀνδραποδισμοῦ

259 1735 338 1802 τῷ
355 1732 607 1785 ἐθέλοντι
623 1732 932 1798 γίγνεσθαι.
974 1726 1072 1782 ἐὰν
1104 1729 1164 1782 δε
1192 1725 1612 1799 ἀνταγωνιστὴν
1640 1744 1945 1798 γυμναστι-

258 1816 359 1906 κῆς
385 1805 422 1879 ἢ
443 1813 711 1880 μουσικῆς
739 1806 776 1879 ή
803 1829 952 1872 τινος
980 1805 1197 1877 ἀγωνος
1225 1809 1415 1880 ἑτέρου
1439 1809 1720 1882 διακωλύῃ
1744 1832 1824 1875 τις
1851 1814 1945 1882 βίᾳ

258 1889 332 1962 μὴ
364 1894 826 1961 παραγίγνεσθαι,
857 1892 1105 1960 φραζέτω
1125 1887 1228 1960 μὲν
1256 1887 1285 1945 6
1319 1892 1532 1946 ἐθέλων
1559 1901 1672 1955 τοῖς
1697 1888 1945 1947 ἀθλοθέ-

261 1995 395 2042 ταις,
418 1976 474 2028 οί
494 1970 549 2028 δ’
582 1976 658 2037 εἰς
687 1970 788 2028 τὸν
823 1967 1015 2042 ἀγῶνα
1046 1971 1352 2042 ἐλεύθερον
1382 1971 1661 2043 ἀφιέντων
1687 1971 1789 2028 τὸν
1817 1975 1945 2029 ἐθέ-

260 2063 430 2111 λοντα
451 2053 822 2126 ἀγωνίζεσθαι
836 2075 847 2085 ·
887 2051 988 2109 ἐάν
1008 2056 1067 2109 δὲ
1086 2051 1524 2126 ἀδυνατήσωσιν,
1545 2051 1644 2110 ἐὰν
1661 2052 1763 2126 μὲν
1782 2051 1811 2110 6
1831 2076 1943 2111 κω-

260 2136 415 2192 λύων
435 2135 802 2207 ἀγωνίζεσθαι
820 2135 1039 2207 νικήσῃ,
1067 2135 1137 2194 τά
1161 2156 1220 2191 τε
1248 2135 1535 2207 νικητήρια
1563 2141 1638 2211 τῷ
1671 2139 1944 2192 διακωλυ-

204 2225 235 2264 Β
265 2221 424 2273 θέντι
459 2217 677 2273 διδόναι
711 2219 804 2273 καὶ
837 2218 1140 2289 νικήσαντα
1184 2218 1426 2292 γράφειν
1461 2221 1524 2275 ἐν
1559 2221 1724 2290 ἱεροῖς
1757 2216 1838 2283 οἶς
1872 2215 1944 2273 ἀν

262 2301 446 2370 ἐθέλῃ,
486 2304 564 2372 τῷ
604 2300 664 2354 δὲ
698 2299 1103 2354 διακωλύσαντι
1137 2299 1211 2370 μὴ
1238 2302 1431 2365 ἐξέστω
1467 2301 1638 2371 μηδὲν
1676 2298 1942 2368 ἀνάθημα

262 2377 391 2450 μηδ’
427 2378 746 2450 ,ἐπιγραφὴν
790 2386 892 2434 τοῦ
931 2379 1189 2435 τοιούτου
1230 2378 1449 2448 ἀγῶνός
1483 2397 1615 2433 ποτε
1660 2381 1940 2450 γενέσθαι,

262 2461 472 2533 βλάβης
503 2461 562 2516 δὲ·
585 2458 849 2526 ὑπόδικος
875 2463 1175 2531 γιγνέσθω,
1212 2460 1311 2516 ἐάν
1336 2480 1395 2516 τε
1423 2457 1646 2532 ἡττᾶται
1673 2459 1941 2529 ἀγωνιζό-

261 2565 427 2615 μενος
454 2543 555 2599 ἐάν
583 2564 642 2599 τε
664 2545 756 2600 καὶ
779 2545 925 2616 νικᾷ.
979 2543 1080 2599 ἐάν
1109 2565 1188 2608 τις
1216 2542 1554 2614 κλεμμάδιον
1582 2538 1772 2598 ὁτιοῦν
1799 2540 1939 2597 ὑπο*

263 2631 478 2698 δέχηται
503 2626 848 2697 γιγνώσκων,
876 2625 980 2699 τήν
1012 2625 1187 2698 αὐτὴν
1223 2623 1464 2697 ὑπεχέτω
1503 2629 1663 2697 δίκην
1700 2630 1775 2695 τῷ
1815 2629 1941 2680 κλέ-

264 2721 451 2775 ψαντι·
501 2707 755 2780 φυγάδος
795 2707 855 2765 δὲ
883 2703 1159 2781 ὑποδοχῆς
1186 2708 1429 2774 θάνατος
1463 2712 1602 2764 ἔστω
1632 2702 1803 2778 ζημία.
1842 2706 1940 2761 τόν
