1976 3172
221 128 289 180 22
835 127 1310 176 ΠΛΑΤΩΝΟΣ

161 268 193 310 C
363 267 480 316 ΑΘ.
513 259 667 318 ’Ἐστι
703 261 766 316 δέ
789 282 853 331 γε
889 258 922 332 ἡ
967 261 1189 331 τοιαύτη
1230 266 1519 329 συνουσία,
1556 267 1706 332 εἴπερ
1751 267 1899 318 ἔσται

219 339 354 413 μετὰ
376 343 568 413 μέθης,
590 339 694 397 οὐκ
714 338 1023 413 ἀθόρυβος·
1049 335 1085 413 ἦ
1104 342 1240 412 γάρ·
1229 384 1242 408 ,

358 429 477 479 KA.
515 429 646 488 Πῶς
663 423 803 494 γάρς
840 420 962 479 αλλ’
986 421 1135 493 οἶμαι
1154 429 1266 478 πᾶν
1286 421 1630 479 τούναντίον.

341 507 475 560 4ΑΘ.
517 503 748 560 Οὐκοῦν
772 510 996 574 πρῶτον
1013 526 1114 574 μεν
1133 507 1225 559 καὶ
1239 504 1456 570 τούτοις
1475 503 1739 574 ἄρχοντος
1759 507 1866 572 δεῖ;

362 593 481 643 ΚΛ.
529 593 600 644 Τί
612 589 725 660 μήν
738 611 753 655 ;
768 585 849 652 ὡς
869 585 1063 647 οὐδενί
1084 607 1147 656 γε
1166 586 1459 656 πράγματι.
1830 579 1835 581 ’

364 674 478 724 ΑΘ.
519 668 774 739 Πότερον
810 661 916 724 οὖν
952 666 1262 740 ἀθόρυβον,
1301 672 1353 723 εί
1386 665 1629 724 δυνατὸν
1667 675 1768 738 εἴη,
1805 664 1904 722 τὸν

223 754 477 806 τοιοῦτον
497 749 738 821 ἄρχοντα
753 754 1139 821 ἐκπορίζεσθαι
1158 753 1244 805 δεῖ
1251 774 1265 816 ;

366 838 485 888 ΚΛ.
522 839 654 899 Πῶς
672 831 779 903 γὰρ
801 833 896 900 οὔ;

103 987 106 991 ¹
365 920 485 969 ΑΘ.
522 916 631 970 Καὶ
660 915 772 986 μὴν
802 920 933 984 περί
959 935 1022 984 γε
1058 920 1372 985 συνουσίας,
1405 912 1479 979 ῶς
1507 917 1701 984 ἔοικεν,
1735 912 1907 968 αὐτὸν

154 1007 161 1012 “
225 995 505 1068 φρόνιμον
525 995 665 1052 εἶναι
691 1000 796 1052 δεῖ·
823 1002 1067 1067 γίγνεται
1094 996 1201 1068 γὰρ
1222 997 1402 1067 φύλαξ
1425 1002 1522 1068 τῆς
1543 1019 1599 1052 τε
1623 994 1909 1066 ὑπαρχού-

225 1094 323 1149 σης
350 1085 535 1148 φιλίας
553 1076 758 1148 αὐτοῖς,
779 1079 870 1133 καὶ
889 1081 966 1133 ἔτι
984 1084 1238 1142 πλείονος
1251 1078 1571 1149 ἐπιμελητὴς
1591 1075 1740 1141 ὅπως
1759 1080 1908 1130 ἔσται

226 1157 315 1213 διὰ
336 1159 440 1228 τὴν
458 1157 580 1213 τότε
600 1163 917 1224 ξυνουσίαν.
996 1205 1004 1217 ,

155 1251 190 1290 D
363 1244 483 1295 KA.
517 1236 898 1310 Ἀληθέστατα.

363 1313 482 1377 ΑΘ.
520 1319 750 1377 Οὐκοῦν
761 1321 1015 1392 νήφοντά
1033 1342 1091 1376 τε
1108 1322 1200 1377 καὶ
1211 1319 1392 1391 σοφὸν
1410 1319 1650 1393 ἄρχοντα
1669 1323 1908 1392 μεθυόν-

223 1429 336 1463 των
365 1410 452 1462 det
468 1404 821 1475 καθιστάναι,
851 1407 941 1460 καὶ
967 1402 1040 1475 μὴ
1071 1403 1426 1470 τούναντίον;
1451 1404 1781 1476 μεθυόντων
1801 1405 1907 1475 γὰρ

224 1485 456 1558 μεθύων
484 1488 576 1543 καὶ
606 1488 731 1551 νέος
758 1484 944 1556 ἅρχων
967 1484 1041 1557 μὴ
1077 1486 1270 1556 σοφός,
1299 1487 1439 1557 εἰμὴ
1470 1485 1646 1542 κακὸν
1664 1483 1909 1555 ἀπεργά-

227 1567 383 1637 σαιτό
402 1590 453 1623 τι
471 1570 628 1639 μέγα,
648 1574 827 1640 πολλῇ
845 1565 1012 1642 χρῷτ’
1036 1563 1108 1622 ἂν
1126 1567 1318 1641 ἀγαθῇ
1335 1567 1486 1640 τύχῃ.

366 1655 486 1705 ΚΛ.
522 1648 833 1721 Παμπόλλῃ
853 1649 954 1720 μὲν
973 1642 1092 1704 οὖν.

368 1737 486 1787 ΑΘ.
528 1731 761 1788 Οὐκοῦν
783 1736 833 1787 εἰ
855 1732 955 1802 μὲν
983 1734 1329 1802 γιγνομένων
1358 1731 1432 1797 ῶς
1460 1732 1702 1788 δυνατὸν
1734 1732 1909 1804 ὀρθό-

160 1848 163 1851 «
226 1834 360 1868 τατα
378 1812 593 1868 τούτων
610 1816 671 1869 ἐν
690 1825 806 1878 ταῖς
825 1813 1018 1874 πόλεσι
1037 1819 1151 1870 τῶν
1181 1818 1494 1880 ξυνουσιῶν
1519 1815 1790 1886 μέμφοιτό
1813 1837 1908 1884 τις,
1970 1818 1976 1832 ‘

160 1911 194 1951 E
229 1897 506 1949 ἐπικαλῶν
536 1893 687 1969 αὐτῷ
717 1901 796 1967 τῷ
827 1895 1121 1967 πράγματι,
1151 1894 1271 1966 τάχ’
1302 1891 1374 1951 ἄν
1398 1894 1586 1968 ὀρθῶς
1613 1904 1745 1962 ἴσως
1772 1897 1911 1967 μέμ·
1965 1956 1972 1967 ‚

230 1995 415 2046 φοιτο’
456 1980 506 2032 εἰ
532 1979 591 2032 δὲ
621 1973 1077 2048 ἁμαρτανόμενον
1110 1975 1182 2041 ῶς
1210 1972 1333 2033 οἷόν
1363 1998 1421 2032 τε
1451 1977 1686 2048 μάλιστα
1723 1977 1911 2046 ἐπιτή-

231 2057 407 2129 δευμοὲ
441 2079 521 2123 τις
559 2055 709 2127 ὁρῶν
724 2061 980 2130 λοιδορεῖ,
1018 2065 1242 2127 πρῶτον
1277 2058 1379 2130 μὲν
1415 2062 1588 2128 δῆλον
1614 2056 1687 2123 ὡς
1725 2055 1918 2127 ἀγνοεῖ

229 2138 381 2195 τοῦτ’
405 2138 540 2195 αὐτὰ
564 2141 900 2212 γιγνόμενον
918 2137 1022 2197 οὐκ
1042 2139 1248 2212 ὀρθῶς,
1271 2137 1378 2196 εἷθ’
1403 2137 1487 2194 ὅτι
1505 2144 1620 2194 πᾶν
1638 2138 1816 2213 ’τούτῳ
1836 2147 1913 2213 τῷ

230 2220 418 2294 τρόπω
440 2232 693 2291 φανεῖται
709 2223 976 2293 πονηρόν,
998 2222 1273 2279 δεσπότου
1303 2243 1363 2277 τε
1391 2224 1482 2279 καὶ
1509 2221 1775 2292 ἄρχοντος
1809 2222 1913 2293 νή-
1961 2246 1976 2260 ⁴

229 2324 434 2373 φοντος
454 2305 618 2373 χωρὶς
641 2304 1038 2373 πραττόμενον.
1067 2300 1104 2374 ἦ
1134 2301 1203 2358 ού
1232 2308 1480 2369 ξυννοεῖς
1494 2299 1684 2370 τοῦθ’,
1711 2299 1794 2356 ὅτι
1813 2324 1912 2371 με-

114 2396 198 2440 641
226 2383 391 2440 θύων
403 2383 746 2456 κυβερνήτης
763 2387 855 2439 καὶ
870 2390 977 2449 πᾶς
997 2383 1202 2448 παντὸς
1215 2383 1401 2454 ἅρχων
1419 2381 1712 2453 ανατρέπει
1730 2381 1911 2436 πάντα

228 2473 335 2523 εἴτε
357 2473 521 2522 πλοῖα
540 2465 692 2522 εἴπ’
666 2466 881 2538 α’ρματα
901 2474 1007 2522 εἴτε
1027 2465 1417 2535 στρατόπεδον,
1440 2463 1543 2552 εἴθ’
1565 2463 1598 2520 ὅ
1617 2468 1672 2519 τί
1690 2461 1806 2520 ποτ’
1829 2471 1910 2534 εἴη

227 2550 289 2605 τὸ
311 2548 745 2621 κυβερνώμενον
764 2545 865 2604 ὑπ’
897 2547 1101 2615 αὐτοῦς
1237 2605 1240 2607 ,

367 2635 450 2687 XI.
499 2637 618 2687 KA.
664 2631 996 2688 Πανταπασι
1038 2631 1204 2688 τοῦτό
1246 2652 1310 2702 γε
1346 2628 1551 2701 ἀληθὲς
1587 2636 1909 2700 εἰρηκας,ω

228 2715 372 2779 ξένε·
393 2711 556 2769 τούπὶ
576 2717 716 2770 τῶδε
745 2712 795 2769 δ’
816 2712 950 2785 ἡμῖν
969 2715 1111 2784 λέγε,
1132 2719 1187 2769 τί
1202 2710 1345 2780 ποτ’,
1379 2735 1450 2767 αν
1477 2717 1728 2782 γιγνηται
1745 2714 1908 2766 τοῦτο

228 2795 410 2868 όρθὸν
437 2797 499 2854 τὸ
531 2800 657 2870 περὶ
686 2799 781 2864 τὰς
809 2798 996 2864 πόσεις
1031 2798 1284 2869 νόμιμον,
1314 2755 1536 2867 όῖγαθόν
1567 2791 1639 2850 σ’ἰν
1659 2792 1911 2866 δρασειεν
1963 2798 1976 2826 ‘³
