1976 3172
231 256 424 319 ξένους
459 252 742 307 διδάσκειν
779 271 838 305 τε
872 250 1054 306 πάντα
1083 247 1187 305 ὅσα
1217 247 1355 321 πρὸς
1384 247 1484 305 τὸν
1520 249 1768 319 πόλεμόν
1803 253 1916 306 ἐστι
1959 187 1976 324 3

229 333 551 435 μαθήματα
565 330 696 396 τοὺς
735 337 1043 401 φοιτῶντας
1079 329 1186 388 ὅσα
1222 352 1280 386 τε
1314 331 1458 400 πρὸς
1486 331 1780 402 μουσικήν,
1817 329 1918 402 οὐχ
1967 331 1969 344 '

230 413 296 471 ὂν
311 415 413 486 μὲν
431 436 502 469 αν
521 412 552 469 ὁ
572 411 753 484 πατὴρ
770 411 1051 483 βούληται,
1066 434 1238 482 φοιτω
1248 434 1363 482 ντα,
1376 410 1446 468 ὃν
1466 409 1573 468 δ’“
1536 435 1608 481 qv
1626 413 1720 484 μή,
1743 414 1920 467 ἐωντα
1948 439 1970 495 ᾗ,

228 495 325 561 τοὶς
345 499 613 566 παιδείας,
632 492 773 550 ἀλλά
796 492 859 549 τὸ
887 492 1189 565 λεγόμενον
1221 492 1384 550 πάντ’
1420 494 1601 565 ἄνδρα
1632 496 1725 549 καὶ
1752 497 1920 549 παῖδα
1947 482 1970 556 3

227 575 366 634 κατὰ
387 577 447 633 τὸ
467 577 730 646 δυνατόν,
754 574 826 640 ὥς
847 582 945 647 τῆς
969 577 1182 641 πόλεως
1209 582 1424 647 μαλλον
1447 571 1484 646 ἦ
1510 581 1624 631 τῶν
1652 575 1960 645 γεννητό-
1944 596 1959 621 --·

230 119 336 172 220
829 116 1308 164 ΠΛΑΤῼΝΟΣ

178 665 182 670 ’
229 681 346 732 ρων
376 659 557 730 ὄντας,
595 660 924 714 παιδευτέον
961 659 1016 723 ἐξ
1052 654 1312 729 ἀνάγκης.
1360 679 1428 712 τα
1466 655 1605 712 αὐτα
1644 655 1704 712 δε
1739 654 1806 727 δὴ
1829 657 1958 711 καῖ

221 743 353 809 περὶ
380 747 627 811 θηλειων
655 738 684 795 ὁ
719 741 822 810 μὲν
850 737 979 810 ε’μός
1014 739 1183 810 νόμος
1211 736 1285 794 ἂν
1314 746 1458 795 εῖποι
1484 737 1685 807 πάντα,
1706 735 1919 807 ὅσαπερ
1952 760 1969 822 ss‘.

229 825 321 878 καὶ
342 825 600 891 περὶτῶν
618 820 891 890 ἀρρένων,
925 828 1017 875 ἴσα
1047 823 1139 875 καὶ
1166 842 1263 885 τας
1290 824 1519 891 θηλείας
1548 817 1742 875 ἀσκεῖν
1772 823 1972 874 δεῖν·

230 903 322 958 καὶ
360 900 529 957 οὐδέν
566 902 842 975 φοβηθεὶς
879 898 1082 970 εἴποιμ’
1119 899 1191 955 οἶν
1221 906 1426 956 τοῦτον
1453 901 1553 957 τὸν
1582 901 1755 972 λόγον
1792 899 1922 955 οὔτε
1950 937 1967 957 .‹

231 987 457 1053 ἱππικῆς
493 980 624 1038 οὔτε
658 986 1052 1053 γυμναστικῆς,
1094 978 1168 1046 ὦς
1204 978 1443 1050 ἀνδράσι
1469 982 1572 1051 μὲν
1599 985 1816 1053 πρέπον
1850 1003 1922 1037 αν

229 1074 331 1137 εἴη,
352 1065 570 1135 γυναιξὶ
591 1064 662 1120 δὲ
682 1061 786 1118 οὐκ
817 1058 891 1117 ἂν
919 1064 1150 1133 πρέπον.
1189 1059 1418 1118 ἀκούων
1447 1063 1550 1133 μὲν
1576 1061 1685 1134 γὰρ
1713 1061 1780 1134 δὴ
1813 1061 1923 1132 μύ-

167 1204 171 1207 ,
229 1156 373 1212 θους
394 1143 665 1211 παλαιοὺς
681 1147 993 1216 πέπεισμαι,
1013 1142 1082 1200 τὰ
1108 1147 1170 1200 δὲ
1193 1151 1303 1199 νῦν
1323 1142 1396 1209 ὡς
1415 1149 1545 1210 ἔπος
1575 1149 1751 1201 εἰπεῖν
1780 1143 1920 1214 οἴδα,
1951 1180 1953 1182 -

112 1409 199 1454 805

229 1228 315 1284 ὅτι
352 1228 617 1300 μυριάδες
648 1226 1020 1299 ἀναρίθμητοι
1056 1231 1343 1298 γυναικῶν
1377 1229 1480 1283 εἰσὶ
1513 1230 1646 1284 τοῖν.
1666 1228 1791 1298 περὶ
1822 1223 1923 1281 τὸν

227 1311 469 1383 Πόντον,
499 1309 564 1377 ἃς
587 1310 1017 1383 Σαυρομάτιδας
1051 1315 1338 1381 καλοῦσιν,
1370 1306 1455 1376 αἶς
1479 1308 1582 1381 οὐχ
1608 1313 1794 1368 ἵππων
1819 1309 1924 1382 μό·
1961 1308 1965 1312 “

233 1415 334 1449 νον
366 1391 505 1449 ἀλλὰ
525 1395 616 1448 καὶ
635 1393 813 1457 τόξων
840 1394 932 1446 καὶ
962 1397 1076 1446 τῶν
1106 1390 1294 1447 όῖλλων
1315 1389 1506 1446 ὅπλων
1533 1396 1800 1446 κοινωνία
1827 1392 1918 1447 καὶ

227 1486 340 1540 τοῖς
352 1471 628 1544 ἀνδράσιν
648 1481 737 1543 ἴση
758 1472 1207 1542 προστεταγμένη
1227 1479 1358 1536 ἴσως
1369 1469 1628 1527 ἀσκεῖται·
1651 1469 1922 1540 λογισμὸν

229 1557 289 1612 δὲ
309 1554 447 1624 πρὸς
465 1553 682 1618 τούτοις
693 1555 816 1622 περὶ
831 1552 1047 1608 τούτων
1067 1551 1285 1608 τοιόνδε
1302 1550 1427 1606 τινὰ
1446 1555 1564 1621 ἔχω·
1588 1555 1747 1622 φημί,
1768 1557 1920 1621 εἴπερ

228 1644 404 1694 ταῦτα
423 1634 569 1692 οὕτω
591 1638 915 1707 ξυμβαίνειν
933 1637 1048 1691 ἐστὶ
1067 1633 1298 1704 δυνατά,
1332 1633 1560 1689 πάντων
1580 1630 1952 1704 ἀνοητότατα
1943 1675 1957 1697 ,.

230 1743 298 1777 τα
321 1725 430 1776 νῦν
450 1721 512 1774 έν
531 1728 643 1783 τοῖς
672 1716 806 1789 παρ’
843 1714 978 1788 ἡμῖν
1006 1717 1197 1782 τόποις
1229 1720 1527 1787 γίγνεσθαι
1562 1713 1623 1770 τὸ
1661 1737 1736 1786 μη
1773 1714 1923 1787 πάσῃ
1941 1698 1976 1774 {t

205 1802 386 1877 ,ῥώμῃ
419 1799 630 1865 πάντας
668 1797 1049 1870 ὁμοθυμαθόν
1086 1796 1431 1870 ἐπιτηδευειν
1466 1795 1676 1867 ἄνδρας
1704 1784 1955 1873 γυναιξὶὶξ·Ι
1974 1835 1976 1838 -

228 1881 418 1940 ταυτά.
458 1883 657 1953 σχεδὸν
691 1880 801 1953 γὰρ
840 1878 1034 1951 ὀλίγου
1066 1886 1215 1935 πᾶσα
1249 1877 1471 1951 ἡμίσεια
1498 1878 1655 1943 πόλις
1683 1876 1806 1933 ἀντὶ
1836 1881 1922 1931 δι-
1960 1889 1976 1950 2¹7<

229 1970 461 2029 πλασίας
480 1984 658 2028 ουτως
680 1967 792 2019 ἔστι
811 1983 870 2018 τε
897 1963 990 2018 καὶ
1017 1966 1265 2032 γίγνεται
1293 1964 1354 2017 ἐκ
1383 1983 1497 2016 των
1531 1958 1720 2016 αὐτῶν
1747 1964 1937 2019 τελων

230 2049 323 2105 καὶ
360 2045 577 2102 πόνων·
612 2050 711 2101 καί
742 2066 828 2100 τοι
856 2042 1189 2115 θαυμαστὸν
1217 2040 1288 2099 ἂν
1315 2041 1615 2143 ἀμάρτημα
1643 2043 1923 2113 νομοθέτῃ

230 2128 385 2184 τοῦτ’
407 2125 544 2184 αυτὸ
572 2131 834 2198 γίγνοιτο.

370 2216 489 2265 ΚΛ.
516 2210 697 2265 Ἑοικέ
711 2227 801 2279 γε·
838 2212 952 2264 ἔστι
978 2209 1167 2279 μέντοι
1196 2175 1495 2276 πάμπολλα
1522 2202 1671 2284 ἡμῖν,
1711 2226 1753 2259 ω
1785 2176 1920 2274 ξένε,

231 2310 380 2361 παρα
400 2288 498 2353 τὰς
517 2295 783 2386 εἰωθυίας
801 2294 1075 2354 πολιτείας
1093 2311 1207 2345 των
1225 2294 1337 2344 νῦν
1356 2291 1687 2358 λεγομένων.

372 2375 492 2425 ΑΘ.
527 2361 689 2424 ’Λλλά
709 2390 815 2440 γαρ
840 2370 996 2425 εἷπον
1013 2369 1229 2439 τὸνμὲν
1245 2368 1419 2437 λόγον
1431 2370 1589 2422 έᾶσαι
1603 2369 1920 2456 διεξελθειν,

233 2473 298 2507 ευ
320 2450 646 2515 διελθόντος
671 2452 732 2505 δὲ
762 2447 909 2505 οὕτω
928 2449 990 2505 τὸ
1011 2453 1222 2505 δοκοῦν
1241 2450 1519 2517 αἱρεῖσθαι
1538 2449 1672 2501 δεῖν.

374 2539 494 2588 KA.
530 2536 702 2588 Μάλα
723 2530 867 2597 εἶπές
884 2553 943 2587 τε
961 2533 1205 2602 ἐμμελως
1224 2527 1528 2599 πεποίηκάς
1547 2526 1586 2582 τ’
1610 2526 1702 2598 ἐμε
1725 2546 1791 2582 τα
1810 2532 1921 2582 νῦν

234 2612 410 2670 αὐτὸν
428 2617 645 2688 ἐμαυτω
675 2614 1039 2684 ἐπιπλήττειν,
1077 2611 1163 2668 ὅτι
1198 2617 1371 2666 ταῦτα
1407 2617 1625 2680 εἰρηκα·
1664 2610 1788 2678 λέγε
1813 2628 1920 2664 ουν

175 2717 206 2759 C
236 2718 298 2753 το
320 2694 455 2767 μετὰ
474 2702 664 2767 ταῦτα,
685 2717 715 2751 0
742 2716 808 2751 τι
813 2710 901 2751 6οι
918 2696 1312 2765 κδχαρισμδνον
1331 2694 1491 2747 εστίν.

374 2781 482 2833 XII.
518 2784 637 2834 ΛΘ.
680 2777 872 2833 Τόδε”
842 2797 1043 2848 εμοιγε,
1066 2797 1107 2830 ω
1128 2771 1418 2843 Κλεινία,
1399 2773 1431 2828 ὀ
1459 2773 1550 2827 καὶ
1568 2771 1823 2843 πρόσθεν
1844 2767 1910 2825 εῖ-
