1976 3172
780 79 1173 121 PRAEFA‘rlo.
1757 133 1761 138 s
1851 96 1879 122 v

85 205 303 253 postremo
334 198 434 251 λέγε
465 190 526 250 δὴ
561 194 720 239 Cliniae
750 194 969 241 tribuitur;
1011 194 1164 244 quibus
1194 193 1254 233 ita
1282 199 1469 235 usnuno
1501 194 1661 236 factum
1694 202 1757 236 est
1787 210 1881 238 cor-

85 258 216 296 rectis
246 269 330 298 non
356 258 497 297 minus
519 251 710 297 moribus
739 249 1004 304 singulorum
1037 261 1166 300 quam
1192 255 1424 291 structurae
1444 253 1664 304 provisum
1691 264 1784 294 esse
1813 268 1881 295 ar-

86 314 247 363 bitror,
276 315 321 355 in
353 325 437 366 qua
457 303 544 363 μὲν
567 314 667 362 post
689 303 949 358 δοξασθείη
970 307 1047 349 vix
1071 306 1304 359 apparebat
1326 309 1539 358 quomodo
1567 310 1618 350 ab
1643 323 1693 351 eo
1722 310 1883 352 dictum

89 379 225 420 esset,
258 372 330 422 qui
357 378 631 421 responsum,
674 366 718 406 in
757 377 841 417 quo
884 357 936 405 δὲ
962 364 1272 429 contineretur,
1314 372 1561 417 exspectare
1590 379 1676 408 non
1705 376 1884 421 posset;

89 429 271 480 denique
296 418 348 479 ὅ,
379 425 449 465 cui
477 424 624 464 Astius
653 414 736 475 οὖ,
769 419 1058 463 Schrammius
1088 431 1145 460 ov
1170 420 1497 472 substituerunt,
1530 434 1643 464 nunc
1670 426 1784 466 omni
1816 426 1881 467 of-

89 485 279 526 fensione
308 481 483 523 carebit.
520 500 578 510 —
615 479 662 519 P.
690 478 778 521 646
798 479 836 520 D
868 470 1086 526 ὦσαότως
1118 473 1396 530 διανοητέον
1425 481 1742 533 praepositione
1772 479 1882 535 περὶ

85 552 211 594 aeg-re
240 550 381 579 carere
406 536 646 579 Boeckhius
676 535 903 584 intellexit3
936 535 1085 578 eadem
1110 542 1253 577 tamen
1284 547 1414 587 quum
1443 547 1579 588 neque
1611 538 1712 578 addi
1743 550 1886 591 neque

84 610 138 639 ex
166 595 516 637 antecedentibus
534 595 671 648 repeti
697 593 918 635 commode
943 598 1109 647 posset,
1135 593 1313 634 verbum
1343 592 1485 647 ipsum
1509 598 1555 634 ut
1590 600 1657 635 ote
1688 607 1740 635 ex
1770 595 1884 638 mala

15 671 18 675 ·
81 655 331 707 repetitione
361 659 498 694 ortum
530 652 873 693 circumscribere
899 650 1046 692 malui.
1077 673 1136 682 -
1160 651 1207 692 P.
1233 649 1318 692 647
1346 652 1386 691 A
1417 642 1475 691 οὖ
1505 662 1566 690 κα
1616 649 1882 705 νομοθέτης

81 712 256 758 Astius;
297 702 383 750 οὔκ
411 698 474 750 ἂν
504 709 624 761 libri,
666 709 740 750 ubi
779 715 919 750 tamen
955 720 1160 763 praesens
1196 707 1420 749 indicativi
1457 721 1554 749 cum
1590 697 1652 748 ἂν
1685 711 1881 762 junctum

79 768 246 809 tamdiu
273 767 427 809 tulisse
457 774 622 808 ceteros
651 767 836 808 editores
867 765 993 807 valde
1022 766 1167 807 miror.
1195 787 1254 795 —
1272 765 1319 805 P.
1346 764 1434 808 649
1458 765 1492 806 Β
1519 765 1819 820 πληροῦσθαι
1847 768 1881 808 Β

83 818 181 867 cum
197 825 332 878 libris,
363 832 409 866 ut
429 825 515 878 ipsi
535 824 634 867 Tur.
659 825 860 874 fatentur,
892 824 1103 874 omnibus,
1130 820 1390 876 πληροῦται
1413 821 1545 890 VS'J'3
1577 831 1620 865 at
1648 825 1882 866 infinitivus

83 882 306 924 commode
333 882 491 936 pendet
520 895 547 923 a
575 882 728 932 ποιεῖ,
759 887 807 922 ut
840 881 1009 925 Menon.
1038 893 1074 922 c.
1106 880 1186 923 18:
1218 875 1418 934 α’πορεῖν
1449 892 1537 921 ουν
1567 872 1711 923 αὐτὸν
1743 875 1906 935 ποιή-·

81 950 260 988 σαντες.
292 962 349 970 —
388 939 513 984 Ibid..
531 936 624 986 πᾶς
654 931 772 993 ἡμῖν
803 931 936 991 οἶμαι
962 927 1184 990 ταῦτ’ἇν
1214 938 1452 992 συγχωροῖ
1478 951 1574 979 cum
1609 938 1809 981 Cornario
1843 946 1884 980 et

79 999 205 1039 Astio
235 1009 263 1039 a
292 996 429 1039 Clinia
455 997 511 1038 ad
537 996 813 1038 Atheniensis
851 996 1083 1038 orationem
1111 997 1332 1047 transtuli,
1362 995 1526 1038 Cliniae
1555 999 1776 1049 sequentia
1808 998 1881 1038 de-

80 1068 198 1096 mum
233 1053 284 1096 τί
308 1048 406 1108 μὴν
442 1055 595 1104 tribui,
637 1055 791 1106 quibus
821 1054 1155 1108 pronunciandis
1187 1054 1292 1095 satis
1324 1052 1526 1109 languide
1555 1054 1686 1108 vulgo
1722 1054 1884 1108 Megilli

81 1124 267 1165 persona
302 1112 553 1159 adhibetur3
592 1123 695 1151 mox
729 1117 873 1151 autem
909 1123 955 1164 p.
989 1110 1077 1160 649
1106 1111 1143 1151 D
1184 1124 1281 1153 cum
1308 1111 1431 1153 Astio
1472 1116 1514 1151 et
1552 1111 1702 1154 Stallb.
1732 1109 1884 1152 δειλία

83 1168 422 1222 circumscrIpsi,
463 1179 572 1219 quae
601 1168 815 1219 quomodo
848 1168 957 1208 inter
995 1179 1069 1208 eos
1100 1168 1276 1210 affectus
1316 1168 1549 1221 referatur,
1585 1170 1657 1220 qui
1688 1169 1882 1210 homines

82 1218 376 1276 θαρραλέους
406 1231 448 1264 et
474 1221 674 1275 θρασεῖς
706 1223 911 1275 reddant,
944 1225 1018 1264 vix
1046 1224 1286 1279 intelligas3
1326 1226 1496 1266 videtur
1524 1226 1655 1279 igitur
1686 1238 1741 1268 ex
1769 1226 1882 1267 male

82 1281 274 1334 repetitis
302 1279 538 1332 superioris
570 1277 769 1319 vocabuli
798 1278 977 1331 syllabis
1004 1283 1203 1321 extremis
1234 1281 1463 1334 prodiisse.

195 1336 246 1379 1..
261 1336 317 1379 11.
334 1348 379 1389 p.
397 1334 484 1378 653
498 1334 532 1375 Β
559 1328 699 1388 λόγον
719 1348 799 1389 pro
822 1327 940 1391 λόγῳ
965 1328 1219 1390 λαμβάνειν
1244 1338 1515 1379 scribendum
1530 1350 1623 1380 esse
1643 1338 1883 1381 Boeckhius

82 1403 124 1437 et
153 1395 305 1447 Astius
331 1393 549 1442 viderunt;
579 1392 651 1434 hic
682 1393 776 1446 ipse
806 1393 918 1434 enim
944 1385 1082 1446 λόγος
1116 1400 1204 1444 est,
1240 1407 1368 1446 quem
1398 1401 1620 1449 acceptum
1649 1408 1751 1437 mox
1780 1398 1880 1438 arti-

81 1452 206 1494 culus
231 1458 433 1518 tanq'uam
464 1456 612 1491 notum
645 1450 871 1501 describit,
903 1456 950 1491 ut
979 1452 1024 1492 in
1055 1453 1225 1506 gemino
1255 1451 1349 1493 loco
1381 1452 1456 1492 Rei
1495 1482 1504 1493 .
1533 1453 1604 1497 111.
1639 1453 1719 1494 12:
1750 1454 1886 1505 μισοῖ

79 1502 149 1551 ἔτι
179 1502 285 1556 νέος
315 1520 406 1563 ων,
438 1502 556 1560 πρὶν
587 1501 728 1561 λόγον
759 1501 960 1554 δυνατὸς
991 1502 1115 1549 εἶναι
1138 1506 1326 1565 λαβεῖν,
1356 1465 1581 1556 §afflatos
1613 1503 1665 1550 δὲ
1698 1508 1781 1551 τοῦ
1808 1504 1883 1550 λό-

80 1579 168 1620 γον
196 1557 434 1616 α’σπιίζοιτ’
457 1554 518 1606 ἂν
542 1577 584 1608 κ.
604 1577 647 1606 τ.
668 1564 710 1607 λ.
744 1564 1038 1620 Gonjecturam
1064 1579 1091 1607 a
1117 1566 1380 1609 Schrammio
1405 1565 1530 1621 Spec.
1552 1566 1586 1612 Ι.
1609 1580 1654 1621 p.
1678 1566 1705 1609 7
1727 1567 1884 1609 frustra

83 1627 377 1679 impugnatam
396 1628 538 1665 tuetur
562 1624 693 1665 etiam
714 1623 924 1665 Eusebius
939 1625 1091 1679 Praep.
1119 1638 1272 1680 evang.
1299 1624 1394 1665 XII.
1426 1623 1495 1676 18,
1513 1624 1627 1666 unde
1650 1637 1752 1667 mox
1778 1639 1882 1692 quo-

111 1695 166 1724 ue
204 1688 366 1724 mutata
395 1681 734 1735 interpunctione
771 1693 857 1723 non
890 1682 1088 1733 equidem
1128 1695 1226 1724 cum
1254 1681 1469 1724 Boeckhio
1501 1674 1646 1736 αὐτή,
1687 1688 1730 1723 at
1761 1695 1880 1734 αντη

104 1731 192 1780 σθ’
214 1731 244 1792 ἡ
274 1751 352 1793 pro
382 1730 530 1791 αὐτῆς
556 1730 619 1791 θ’
643 1732 675 1791 ἡ
706 1737 958 1792 συμφωνία
987 1741 1142 1794 recepi.
1175 1763 1231 1772 —-
1256 1740 1304 1781 P.
1333 1739 1420 1782 653
1448 1740 1485 1781 D
1511 1732 1595 1786 τοὶς
1620 1751 1671 1793 γε
1700 1733 1882 1792 τροφὰς

79 1810 158 1851 pro
176 1789 261 1844 τὰς
279 1789 461 1851 τροφὰς
481 1796 779 1839 commendant
793 1797 918 1838 codd.
941 1798 1164 1840 scribendo
1182 1790 1266 1845 τοὶς
1281 1808 1345 1852 τε,
1365 1797 1479 1839 unde
1502 1799 1607 1838 mire
1618 1796 1881 1839 Schmidtius

0 1874 9 1883 κ
77 1849 399 1896 Bislelelden'sis
436 1854 747 1896 substantivum
774 1846 1003 1908 τετροφᾶς
1030 1854 1174 1905 finxit3
1213 1867 1265 1909 γε
1296 1861 1435 1896 autem
1467 1855 1670 1898 idoneum
1707 1867 1882 1896 sensum

79 1912 277 1966 praebet,
316 1910 445 1953 modo
482 1918 582 1966 post
613 1904 795 1965 τροφὰς
835 1913 1180 1968 interpungatur,
1217 1920 1264 1955 ut
1303 1908 1554 1966 γενομένας
1588 1913 1880 1965 praedicative

80 1969 276 2011 acoedat:
315 1970 439 2012 etiam
470 1971 512 2011 εἰ
536 1970 725 2024 reliquas
751 1970 950 2012 hominum
979 1983 1201 2012 aerumnas
1238 1973 1387 2012 tollere
1417 1983 1499 2011 non
1521 1975 1767 2021 potuerunt,
1801 1972 1880 2012 ali-

77 2032 214 2069 mia
242 2032 379 2069 tannen
411 2027 627 2081 com’qere
657 2028 910 2078 docuerunt,
946 2030 1099 2082 quippe
1132 2042 1239 2082 quae
1270 2028 1417 2069 diebus
1445 2028 1571 2080 sestis
1603 2038 1744 2068 coram
1774 2027 1882 2079 ipsis

81 2082 163 2125 diis
190 2089 412 2128 ment.
454 2083 503 2125 Si
532 2086 630 2136 quis
661 2085 833 2139 lougius
858 2086 903 2125 in
925 2086 1177 2138 corrigendo
1204 2084 1407 2139 progredi
1436 2084 1638 2133 voluerit,
1669 2085 1807 2138 possit
1838 2091 1879 2125 et.

82 2132 263 2195 τροφᾶς
298 2147 340 2182 et
378 2133 620 2192 γενόμενοι
647 2142 890 2195 conjicere,
932 2148 979 2182 ut
1008 2141 1204 2183 homines
1234 2141 1384 2183 diebus
1419 2141 1543 2183 festis
1573 2140 1750 2182 deorum
1780 2153 1879 2182 con-

82 2197 215 2239 sortio
244 2196 432 2239 &nentes
460 2196 726 2252 voluptatum
747 2199 1009 2240 nimietatem
1029 2198 1193 2251 pudore
1216 2200 1425 2253 castigare
1445 2197 1706 2247 dicerentun
1739 2205 1878 2239 tutum

81 2260 222 2294 tamen
250 2253 297 2294 id
326 2253 490 2303 solum,
522 2254 638 2306 qnod
668 2255 793 2304 dedi,
830 2267 926 2296 esse
957 2255 1152 2296 arbitror.
1184 2277 1244 2286 —
1272 2256 1320 2299 P.
1354 2255 1441 2299 654
1470 2256 1510 2296 Α
1541 2248 1592 2296 τὸ
1620 2262 1717 2296 ante
1748 2249 1878 2308 παρὰ

79 2322 107 2351 a
131 2309 201 2351 m·
229 2310 462 2364 abiectum,
492 2310 571 2352 sed
601 2311 644 2352 in
677 2312 771 2365 ipso
801 2310 897 2352 Par.
930 2313 1181 2366 corrigendo
1212 2312 1407 2355 additum
1434 2325 1528 2354 cum
1559 2314 1711 2354 ceteris
1743 2314 1879 2355 omni-

78 2368 159 2410 bus
190 2365 313 2409 libris
346 2369 569 2418 revocavi,
602 2369 703 2421 quia
729 2361 937 2422 ἔμφυτον
966 2359 1117 2423 ὄνομα
1146 2382 1301 2412 nomen
1327 2372 1381 2412 ab
1410 2371 1504 2425 ipsa
1534 2372 1599 2412 rei
1629 2377 1778 2412 natura
1805 2372 1878 2412 ob-

79 2422 214 2468 latum
245 2431 335 2475 est,
376 2425 494 2492 qugd
531 2426 711 2480 scriptor
739 2438 818 2481 per
856 2439 903 2468 se
940 2434 1088 2468 notum
1122 2433 1163 2468 et
1193 2429 1469 2483 perspicuum
1503 2440 1599 2470 esse
1636 2428 1875 2483 significat;

83 2492 160 2524 uss
186 2494 233 2538 p.
259 2482 347 2539 654
371 2480 403 2524 C
429 2494 460 2536 η
490 2483 601 2525 inter
625 2476 858 2538 μουσικήν
894 2490 936 2526 et
969 2475 1020 2533 ὃς
1048 2474 1108 2526 ἂν
1139 2485 1193 2527 ab
1219 2486 1314 2531 Ast.
1349 2492 1391 2527 et
1422 2486 1522 2530 Tur.
1556 2485 1773 2528 sublatum
1805 2493 1877 2526 aut

85 2537 274 2591 eduens
303 2546 376 2582 aut
405 2541 749 2584 circumscribere
780 2541 930 2583 saltem
970 2556 1068 2585 cum
1107 2540 1258 2585 Stallb.
1293 2556 1423 2585 ausus
1463 2555 1583 2594 sum,
1627 2545 1728 2596 quia
1768 2542 1875 2583 nihil

86 2595 247 2650 obstat,
270 2597 496 2651 quominus
520 2598 739 2653 duplicem
768 2601 1140 2655 interrogationem
1164 2601 1257 2655 jam
1283 2602 1427 2644 verbis
1456 2595 1575 2654 μηδὲ
1597 2599 1710 2656 μισῇ
1731 2593 1788 2641 τὰ
1808 2596 1871 2652 μὴ

85 2642 205 2693 καλὰ
229 2651 495 2707 mus,
529 2658 887 2710 sequentibusque
915 2659 1058 2700 verbis
1090 2658 1148 2700 ad
1176 2659 1360 2713 priorem
1392 2660 1584 2712 eJusdem
1615 2665 1779 2713 partem
1811 2670 1873 2697 re-

85 2710 285 2760 deamus,
317 2718 367 2754 ut
391 2712 631 2769 Euthyphr.
668 2727 712 2770 p.
745 2713 774 2757 9
803 2714 860 2756 E:
902 2708 1074 2757 οὐκοῦν
1112 2707 1439 2770 ἐπισκοπῶμεν
1478 2704 1540 2757 αὖ
1576 2713 1712 2756 τοῦτο
1734 2746 1746 2758 .
1772 2744 1781 2754 .
1808 2744 1818 2755 .
1842 2703 1873 2766 ἢ

82 2757 228 2820 ‘dtu'
246 2800 257 2811 .
280 2800 291 2811 .
312 2755 624 2821 ,ἢσιεπτέον
652 2769 705 2812 τί
730 2768 846 2826 λέγει
871 2765 897 2813 ὁ
927 2767 1097 2827 λέγωνς
1127 2773 1227 2816 Mox
1262 2775 1433 2816 demum
1462 2770 1543 2815 καὶ
1572 2768 1871 2814 διανοεῖσθαι

82 2824 372 2867 circumscribi
398 2829 494 2872 cum
521 2826 670 2875 Stallb.
700 2830 795 2885 ipsa
823 2833 1032 2873 sententia
1061 2832 1262 2887 cogebat3
1294 2845 1372 2874 nec
1402 2844 1445 2886 p.
1472 2831 1558 2874 654
1586 2830 1620 2871 E
1650 2819 1871 2884 ἐχομένης
