1976 3172
223 143 293 193 50
837 147 1317 196 ΠΛΑΤΩΝΟΣ

222 277 351 333 καιοὲ
373 278 591 332 ἐστικαὶ
611 275 872 347 ἄδικα,τά
892 280 994 347 μὲν
1013 277 1178 334 ἄδικα
1198 283 1274 353 τῷ
1294 285 1397 334 τοῦ
1410 283 1628 335 δικαίου
1649 283 1909 349 ἐναντίως

222 358 556 430 φαινόμενα,
578 360 638 414 ἐκ
658 358 759 434 μὲν
779 357 976 415 ἀδίκου
1003 362 1095 416 καὶ
1123 367 1302 417 κακοῦ
1321 362 1526 417 ἑαυτοῦ
1542 363 1908 434 θεωρούμενα

216 437 370 511 ἡδέα,
391 439 458 496 τὰ
479 443 540 496 δὲ
559 443 742 497 δίκαια
764 436 1086 514 ἀηδέστατα,
1107 445 1167 498 ἐκ
1185 443 1245 499 δὲ
1265 446 1484 500 δικαίου
1501 443 1684 500 πάντα
1701 442 1906 500 τᾶναν-
1955 454 1961 457 ’

215 528 305 578 τία
325 523 504 594 πάντη
523 522 662 595 πρὸς
681 521 984 595 ἀμφότερα.

359 610 478 662 ΚΛ.
517 609 796 661 Φαίνεται.

358 693 475 743 ΑΘ.
518 685 635 758 Τὴν
654 687 708 743 δ’
731 685 1006 759 αλήθειαν
1025 694 1122 759 τῆς
1139 693 1370 759 κρίσεως
1381 689 1622 757 ποτέραν
1639 691 1906 759 κυριωτέ-

219 790 324 841 ραν
347 767 487 824 εἶναι
512 790 736 840 φωμεν;
775 770 981 839 πότερα
1007 768 1111 840 τὴν
1138 777 1234 859 τῆς
1259 775 1508 841 χείρονος
1535 776 1710 840 ψυχῆς
1738 766 1776 839 ἦ
1803 767 1906 838 τὴν

217 856 312 921 τῆς
330 854 635 921 βελτίονος;
1829 892 1832 894 -

158 946 193 988 1)
362 936 480 987 ΚΛ.
515 929 862 1003 ’Λναγκαῖόν
866 953 977 988 που
995 933 1098 1004 τὴν
1120 941 1216 1005 τῆς
1244 933 1547 1004 ἀμείνονος.

358 1019 475 1068 ΑΘ.
507 1011 841 1084 Ἀναγκαῖον
867 1013 977 1083 ἄρα
1007 1013 1107 1069 τὸν
1135 1014 1333 1069 ἄδικον
1364 1019 1490 1085 βίον
1519 1012 1588 1071 οὐ
1613 1013 1792 1092 μόρον
1818 1017 1899 1068 αἰ·-

217 1098 351 1164 σχίω
370 1096 462 1149 καὶ
481 1096 903 1167 μοχθηρότερον
922 1095 1061 1150 ἀλλὰ
1090 1096 1182 1150 καὶ
1208 1095 1544 1166 ἀηδέστερον
1572 1101 1641 1168 τῇ
1668 1094 1905 1167 ἀληθείᾳ

215 1180 320 1231 τοῦ
341 1179 561 1232 δικαίου
586 1197 645 1231 τε
672 1175 814 1232 εἶναι
845 1178 936 1233 καὶ
955 1175 1115 1232 ὁσίου
1133 1182 1274 1248 βίου.

354 1263 474 1314 KA.
511 1258 852 1315 Κινδυνεύει
869 1259 1009 1315 κατά
1028 1280 1092 1329 γε
1109 1259 1209 1315 τὸν
1228 1264 1338 1314 νῦν
1355 1258 1544 1328 λόγον,
1567 1253 1616 1313 ω’
1633 1263 1802 1328 φίλοι,

357 1347 474 1396 ΑΘ.
514 1342 847 1415 Νομοθέτης
868 1344 943 1412 δέ,
965 1333 1036 1396 οὗ
1058 1363 1110 1396 τι
1129 1342 1221 1397 καὶ
1239 1338 1476 1412 σμικρὸν
1494 1338 1715 1410 ὄφελος,
1747 1344 1798 1394 εἰ
1811 1341 1903 1395 καὶ

214 1420 288 1493 μὴ
312 1428 477 1478 τοῦτο
497 1416 570 1493 ἦν
590 1422 768 1487 οὕτως
786 1426 930 1493 ἔχον,
953 1420 1025 1488 ὥς
1054 1424 1147 1479 καὶ
1174 1428 1287 1478 νῦν
1314 1419 1449 1478 αὐτὸ
1478 1419 1641 1494 ᾕρηχ’
1676 1418 1705 1476 ὁ
1740 1420 1903 1491 λόγος

215 1509 376 1575 ἔχειν,
399 1512 552 1573 εἴπερ
571 1526 624 1559 τι
642 1505 735 1560 καὶ
754 1504 891 1561 ἄλλο
922 1505 1223 1577 ἐτόλμησεν
1250 1499 1324 1560 ἂν
1349 1502 1437 1560 ἐπ’
1464 1501 1666 1576 ἀγαθῷ
1695 1502 1902 1568 ψεύδε-

214 1594 351 1641 σθαι
369 1588 507 1655 πρὸς
525 1584 657 1649 τούς
681 1589 858 1657 νέους,
878 1589 1027 1641 ἔστιν
1056 1584 1088 1641 ὅ
1106 1608 1158 1641 τι
1176 1586 1380 1641 τούτου
1398 1588 1603 1652 ψεῦδος
1622 1586 1902 1662 λυσιτελέ-
1962 1635 1967 1639 ,

148 1679 182 1719 E
217 1685 416 1739 στερον
445 1664 517 1723 ὄὶν
546 1667 819 1735 ἐψεύσατό
853 1689 984 1725 ποτε
1014 1671 1107 1724 καὶ
1135 1658 1454 1740 δυνάμενον
1481 1673 1695 1740 μᾶλλον
1722 1678 1902 1723 ποιεῖν

213 1748 286 1822 μὴ
307 1754 404 1823 βίᾳ
423 1748 548 1806 ἀλλ’
577 1750 804 1816 ἑκόντας
831 1769 1014 1806 παντα
1042 1772 1108 1805 τα
1129 1754 1334 1815 δίκαια;
1883 1754 1890 1773 “

355 1836 475 1886 ΚΛ.
513 1829 707 1886 Καλὸν
745 1831 846 1902 μὲν
880 1831 914 1902 ἡ
953 1829 1208 1903 ἀλήθεια,
1250 1825 1296 1886 ὠ
1331 1833 1467 1903 ξένε,
1505 1833 1594 1887 καὶ
1633 1818 1898 1903 μόνιμον·

211 1918 356 1970 ἔοικε
376 1911 490 1983 μὴν
507 1910 576 1968 οὐ
594 1912 793 1987 ῥαδιον
811 1912 951 1969 εἶναι
970 1917 1206 1969 πείθειν.

364 2001 476 2050 ΑΘ.
506 1993 661 2050 Εἶεν·
692 1992 755 2050 τὸ
777 1992 879 2065 μὲν
892 2000 994 2050 τοῦ
1012 1998 1296 2051 Σιδωνίου
1315 1994 1684 2067 μυθολόγημα
1703 1993 1900 2069 ρᾳδιον

212 2080 430 2148 ἐγένετο
451 2085 687 2147 πείθειν,
709 2075 886 2143 οὕτως
913 2076 1198 2135 ἀπίθανον
1225 2078 1310 2151 ὅν,
1335 2081 1426 2135 καὶ
1446 2078 1587 2135 ἄλλα
1607 2083 1792 2151 μυρία.

356 2164 475 2214 ΚΛ.
513 2166 684 2224 Ποῑα;

355 2230 474 2295 ΑΘ.
522 2239 595 2294 Τὸ
618 2242 943 2310 σπαρέντων
961 2243 1092 2297 ποτὲ
1111 2239 1360 2296 ὀδόντων
1379 2240 1603 2306 ὁπλίτας
1627 2243 1683 2307 ἐξ
1713 2240 1901 2296 αὐτῶν

218 2326 410 2393 φῦναι.
455 2325 554 2375 καί
575 2340 662 2374 τοι
690 2323 830 2391 μέγα
858 2321 918 2391 γ’
953 2324 1065 2377 ἐστὶ
1100 2323 1380 2393 νομοθέτῃ
1415 2323 1763 2392 παραδειγμα
1797 2326 1902 2376 τοῦ

99 2418 188 2465 664
221 2401 484 2461 πείσειν”
461 2401 496 2457 ό
523 2423 575 2458 τι
602 2398 675 2457 ἂν
693 2405 937 2475 ἐπιχειρῇ
954 2425 1034 2467 τις
1053 2407 1271 2458 πείθειν
1289 2401 1385 2467 τὰς
1402 2423 1517 2457 των
1536 2404 1682 2457 νέων
1699 2402 1898 2473 ψυχάς,

218 2485 358 2543 ω’στε
376 2482 542 2541 οὐδὲν
561 2482 696 2540 αλλο
715 2482 892 2540 αὐτὸν
919 2489 1008 2541 δεῖ
1031 2489 1352 2541 σκοποῦντα
1382 2481 1751 2554 ἀνευρίσκειν,
1780 2481 1819 2555 ἦ
1847 2490 1904 2540 τί

217 2573 408 2633 πείσας
436 2572 695 2638 μέγιστον
723 2564 946 2637 ἀγαθὸν
974 2563 1315 2638 έργάσαιτο’
1287 2564 1361 2621 α“ν
1384 2565 1566 2637 πόλιν,
1605 2567 1812 2623 τούτου
1840 2566 1901 2622 δε
1969 2613 1976 2618 .

200 2654 344 2720 πέρι
361 2655 548 2705 πᾶσαν
566 2646 818 2722 μηχανὴν
834 2646 1179 2720 εὑρίσκειν,““’
1144 2649 1338 2706 οντινά
1361 2667 1492 2705 ποτε
1508 2649 1721 2721 τρόπον
1738 2647 1774 2720 ἡ
1793 2670 1899 2704 τοι·

220 2733 358 2804 αύτη
379 2736 627 2798 ξυνοικία
646 2738 796 2787 πᾶσα
815 2735 938 2801 περὶ
958 2731 1173 2788 τούτων
1193 2734 1255 2788 ἓν
1271 2734 1362 2788 καὶ
1380 2730 1584 2788 ταύτὸν
1607 2731 1640 2788 ὅ
1656 2753 1709 2787 τι
1735 2730 1899 2802 μείλιν-
1962 2706 1976 2784 d

220 2833 321 2871 στα
340 2812 631 2887 φθέγγοιτ’
656 2813 740 2870 ἀεὶ
758 2813 848 2870 διὰ
866 2820 995 2888 βίου
1014 2814 1219 2879 παντὸς
1237 2818 1298 2871 ἔν
1315 2835 1372 2870 τε
1401 2814 1566 2888 ςόδαῖς
1582 2816 1673 2871 καὶ
1694 2813 1899 2885 μύθοις
1964 2790 1976 2924 ’Ξ
