1976 3172
167 106 275 176 440
794 126 1240 176 ΕΠΙΝΟΜΙΣ.
1301 129 1305 133 ·

106 269 141 309 D
174 258 316 328 ὅσην
334 261 626 330 παρέχεται
642 255 782 328 πρὸς
799 258 902 329 τὴν
920 280 1034 316 των
1054 258 1236 317 ὄντων
1255 263 1443 333 φύσιν.
1476 274 1649 324 ταῦτα
1671 270 1730 325 δὲ
1749 292 1856 340 μα-

168 339 247 395 θό
253 359 335 394 ντι
352 339 570 404 τούτοις
587 340 781 409 ἐφεξῆς
800 341 948 396 ἐστὶν
970 338 1003 396 ὃ
1021 349 1255 398 καλοῦσι
1271 347 1375 414 μὲν
1398 348 1618 421 σφόδρα
1635 358 1855 420 γελοῖον

168 443 347 492 ονομα
374 426 732 493 γεωμετρίαν,
752 442 867 477 των
899 420 1005 478 οὐκ
1038 422 1222 480 ὄντων
1255 424 1379 482 δὲ’
1352 436 1561 498 ομοίων
1597 429 1855 503 ἀλλήλοις

167 504 337 575 φύσει
355 501 614 575 ἄριθμων
636 499 894 574 ὁμοίωσις
920 502 1062 573 πρὸς
1079 505 1183 576 τὴν
1208 527 1322 562 των
1352 510 1626 567 ἐπιπέδων
1653 525 1855 583 μοῖραν

167 585 433 656 γεγονυῖά
463 586 576 640 ἐστι
605 585 902 657 διαφανής·
939 583 973 642 ὂ
1005 586 1074 658 δὴ
1111 594 1306 659 θαῦμα
1345 587 1450 646 οὐκ
1487 589 1855 663 ἀνθρώπινον

167 664 306 723 ἄλλα
333 664 566 737 γεγονὸς
593 674 756 723 θεῖον
788 668 1039 739 φανερὸν
1072 664 1147 723 ἂν
1180 676 1425 740 γίγνοιτο
1450 692 1526 727 τω
1561 677 1855 748 δυναμένω

165 751 436 813 ξυννοεῖν
475 745 611 817 μετὰ
642 750 703 802 δὲ
728 748 939 818 ταύτην
965 748 1098 813 τούς
1131 751 1248 819 τρὶς
1281 750 1627 822 ηύξημένους
1661 757 1756 810 καὶ
1788 762 1857 826 τῇ

168 833 365 900 στερεᾷ
400 827 569 899 φύσει
598 826 842 898 ὁμοίους,
869 849 1003 892 τους
1038 828 1100 883 δὲ
1124 830 1422 900 ἀνομοίους
1453 839 1526 889 αὐ
1554 839 1855 906 γεγονότας

165 912 322 982 ἑτέρα
340 911 501 981 τέχνῃ
521 907 687 981 ὁμοίᾳ
713 909 905 980 ταύτῃ,
932 906 1006 980 ἢν
1034 910 1101 980 δὴ
1134 917 1476 983 γεωμετρίαν
1502 916 1771 970 έκαλεσαν
1803 921 1857 972 οἱ
1930 966 1933 969 .

102 1009 136 1049 Ε
170 1001 494 1060 προστυχεϊς
514 987 656 1060 αὐτῇ
674 991 990 1060 γεγονότες·
1018 987 1050 1045 ὃ
1080 991 1140 1047 δὲ
1167 993 1328 1048 θεῖόν
1358 990 1408 1049 τ’
1442 995 1555 1050 ἐστὶ
1583 998 1675 1052 καὶ
1703 1004 1855 1052 θαυ-

162 1071 376 1144 μαστὸν
396 1083 508 1135 τοῖς
527 1073 887 1143 ε’γκαθορῶσί
897 1092 956 1127 τε
978 1074 1071 1128 καὶ
1092 1076 1528 1145 διανοουμένοις,
1554 1074 1628 1142 ὡς
1646 1079 1772 1147 περὶ
1789 1077 1850 1133 τὸ

164 1153 461 1210 διπλάσιον
482 1150 567 1208 ἀεὶ
587 1157 965 1225 στρεφομένης
981 1160 1078 1225 τῆς
1097 1153 1388 1226 δυνάμεως
1406 1159 1498 1212 καὶ
1510 1165 1607 1228 τῆς
1625 1161 1679 1224 ἐξ
1697 1162 1874 1219 έναν·.

163 1240 279 1300 τίας
298 1235 474 1306 ταύτῃ
492 1232 627 1290 καθ’
649 1234 888 1307 ἑκάστην
909 1233 1214 1306 ἀναλογίαν
1235 1235 1379 1302 εἶδος
1405 1239 1498 1294 καὶ
1525 1240 1685 1309 γένος
1712 1238 1850 1295 ἀπο-

47 1336 133 1382 991
162 1322 435 1373 τυποῦται
459 1322 608 1372 πᾶσα
625 1314 661 1387 ἡ
689 1317 872 1386 φύσις.
911 1315 945 1387 ἡ
977 1317 1078 1388 μὲν
1107 1320 1174 1389 δὴ
1207 1318 1397 1390 πρώτη
1426 1324 1530 1375 τοῦ
1559 1323 1852 1376 διπλασίου

161 1396 277 1454 κατ’
297 1396 543 1470 ἀριθμὸν
564 1400 626 1454 ἓν
643 1397 783 1470 πρὸς
795 1399 899 1454 δύο
915 1398 1054 1455 κατὰ
1068 1399 1238 1468 λόγον
1250 1403 1547 1470 φερομένη,
1562 1402 1854 1458 διπλάσιον

162 1480 223 1534 δὲ
240 1476 274 1550 ἡ
293 1479 434 1535 κατὰ
458 1479 699 1550 δύναμιν
717 1473 886 1534 οὖσα·
921 1477 957 1549 ἡ
978 1477 1030 1534 δ’
1052 1484 1128 1544 εἰς
1143 1479 1206 1535 τὸ
1230 1479 1458 1549 στερεόν
1475 1502 1534 1536 τε
1558 1485 1651 1538 καὶ
1669 1480 1847 1537 ἁπτὸν

162 1559 331 1615 πάλιν
349 1554 424 1614 αὖ
449 1559 761 1631 διπλάσιον,
783 1557 885 1630 ἀφ’
911 1558 1034 1624 ἑνὸς
1057 1565 1134 1625 εἰς
1153 1558 1298 1615 ὀκτώ
1319 1564 1777 1633 διαπορευθεῖσα·
1813 1552 1848 1632 η’

163 1642 222 1698 δὲ
243 1645 537 1696 διπλασίου
555 1643 658 1712 μὲν
677 1645 754 1705 εἰς
772 1643 960 1711 μέσον,
982 1649 1115 1708 ἴσως
1143 1642 1203 1698 δὲ
1230 1647 1333 1698 τοῦ
1361 1643 1652 1709 ἐλάττονος
1678 1647 1851 1702 πλέον

161 1722 390 1779 ἔλαττόν
407 1745 466 1778 τε
486 1729 588 1779 τοῦ
607 1727 871 1794 μείζονος,
891 1721 953 1779 τὸ
975 1723 1030 1779 δ’
1058 1745 1252 1793 ετερον
1275 1730 1356 1799 τῷ
1372 1723 1527 1800 α’ὐτω
1555 1729 1707 1797 μέρει
1737 1733 1851 1783 τῶν

163 1827 354 1875 ακρων
373 1803 562 1860 αὐτων
580 1801 852 1875 ὑπερέχον
874 1826 931 1860 τε
958 1806 1050 1861 καὶ
1068 1803 1494 1905 υπερεχόμενον.
1523 1811 1584 1863 ἐν
1610 1811 1759 1885 μέσω
1791 1811 1850 1864 δὲ

96 1901 127 1941 Β
162 1909 264 1942 του
284 1888 340 1953 ἓξ
356 1887 496 1956 πρὸς
515 1884 580 1942 τὰ
603 1886 817 1942 δώδεκα
844 1889 1046 1959 ξυνέβη
1072 1886 1136 1943 τό
1155 1909 1214 1944 τε
1237 1886 1494 1960 ἡμιόλιον
1523 1892 1616 1945 καὶ
1645 1892 1851 1959 ἐπίτρι-

158 1990 273 2025 τον.
309 1967 525 2025 τούτων
542 1966 731 2025 αὐτων
749 1972 810 2025 ἐν
828 1991 904 2025 τω
923 1971 1072 2043 μέσω
1089 1969 1177 2026 ’ἐπ’
1198 1967 1486 2043 ἀμφότερα
1506 1979 1850 2043 στρεφομένη

159 2062 273 2116 τοῖς
289 2049 615 2119 ἀνθρώποις
634 2050 945 2123 σύμφωνον
963 2058 1154 2124 χρείαν
1171 2056 1265 2109 καὶ
1283 2054 1602 2125 σύμμετρον
1629 2052 1852 2110 ἀπενεί-

161 2154 300 2202 ματο
329 2136 554 2198 παιδιᾶς
589 2136 819 2206 ῥυθμοῦ
847 2156 905 2190 τε
934 2136 1027 2190 καὶ
1057 2133 1326 2208 ἁρμονίας
1353 2136 1532 2207 χάριν,
1565 2133 1852 2207 εὐδαίμονι

160 2219 348 2285 χορεία
367 2220 623 2271 Μουσων
643 2217 927 2287 δεδομένη.
1850 2243 1853 2246 ’

304 2298 435 2350 XIII.
469 2302 656 2352 Ταῦτα
674 2320 777 2368 μεν
795 2301 903 2354 οὐν
922 2298 988 2370 δὴ
1010 2299 1184 2372 ταύτῃ
1201 2304 1484 2370 γιγνέσθω
1501 2320 1558 2354 τε
1579 2301 1670 2355 καὶ
1689 2301 1852 2369 ἐχέτω

163 2375 476 2447 ξύμπαντα·
513 2375 575 2430 τὸ
600 2376 653 2431 δ’
677 2381 766 2434 ἐπὶ
792 2379 1010 2444 τούτοις
1035 2382 1205 2450 τέλος,
1228 2385 1304 2445 εἰς
1319 2389 1485 2437 θείαν
1502 2383 1718 2450 γένεσιν
1738 2379 1852 2447 ἅμα

163 2459 256 2513 καὶ
287 2455 391 2528 τὴν
423 2463 537 2512 τῶν
564 2454 784 2527 ὁρατῶν
818 2465 1116 2530 καλλίστην
1135 2481 1194 2515 τε
1229 2463 1322 2515 καὶ
1349 2461 1648 2529 θειοτάτην
1675 2458 1852 2529 φύσιν

164 2541 329 2610 ἰτέον,
361 2535 503 2608 ὅσην
533 2537 859 2608 ἀνθρώποις
891 2539 1030 2606 θεὸς
1058 2544 1228 2598 ἔδωκε
1263 2543 1521 2610 κατιδεῖν,
1545 2538 1619 2611 ἣν
1645 2538 1852 2596 οὔποτε

101 2631 131 2674 C
164 2620 306 2678 ἄνευ
322 2626 437 2677 τῶν
455 2627 564 2678 νῦν
585 2626 944 2695 διειρημένων
963 2621 1037 2695 μὴ
1066 2620 1307 2680 κατιδων
1329 2623 1614 2689 ε’πεύξεταί
1636 2644 1717 2686 τις
1747 2624 1851 2694 ῥᾳ-

161 2704 346 2776 στώνῃ
365 2710 722 2776 παραλαβεῖν.
761 2703 902 2774 πρὸς
920 2704 1136 2771 τούτοις
1165 2704 1224 2762 δὲ
1246 2703 1315 2773 τὸ
1350 2702 1487 2761 καθ’
1517 2707 1581 2761 ἓν
1614 2709 1690 2777 τῷ
1725 2699 1845 2758 κατ’

163 2790 282 2857 εἴδη
303 2789 648 2858 προσακτέον
666 2791 729 2844 ἐν
758 2789 1013 2856 ἑκάσταις
1043 2799 1158 2854 ταῖς
1187 2793 1525 2858 συνουσίαις,
1558 2783 1848 2857 ἐρωτῶντά
