1976 3172
92 103 136 131 iv
788 90 1178 133 PRAEFATIO.

85 203 214 255 VBS,
245 194 278 242 ἅ
307 214 356 255 γε
386 199 474 242 νῦν
503 195 563 254 δὴ
591 203 648 250 Τ;
680 209 722 244 at
752 205 795 246 in
819 205 912 246 Par.
944 211 1006 244 est
1030 197 1110 255 τά,
1147 205 1258 246 unde
1295 205 1341 245 id
1364 206 1581 256 revocavi,
1613 192 1726 258 quod
1757 220 1868 248 com-

86 234 285 301 mendant
312 259 504 312 exempla
532 259 664 327 Soph.
693 273 738 315 p.
769 260 853 303 219
877 261 932 311 Β,
961 263 1070 302 Tim.
1099 275 1144 315 p.
1170 261 1225 304 23
1251 261 1299 304 Β.
1332 283 1390 293 -
1415 264 1462 306 Ρ.
1490 237 1581 306 633⁹
1600 259 1633 303 Β
1663 261 1868 317 γιγνομὲ-

86 329 172 363 vocs
201 317 370 370 Aetius,
399 313 685 369 γιγνομένων
710 318 830 367 libri;
862 324 904 358 at
933 318 1017 359 dici
1043 331 1128 358 non
1152 324 1291 371 potest
1318 331 1445 370 quam
1471 332 1598 374 saepe
1626 320 1695 361 vel
1723 323 1872 374 optImi

86 375 220 416 codd.-
245 385 322 426 per
351 375 514 427 Legum
549 374 680 415 libros
719 381 971 416 structuram
1010 387 1232 428 perperam
1262 375 1318 416 ad
1354 377 1548 428 proxima
1580 379 1871 419 accommoda-

85 432 194 479 1int;
233 432 374 484 recepi
407 432 539 497 igitur
570 433 881 485 accusativum,
919 445 1001 483 quo
1033 434 1126 485 ipso
1159 433 1329 473 demum
1361 429 1441 472 διὰ
1466 433 1651 474 πολλῶν
1685 432 1874 487 πληγων

86 489 240 528 arctius
272 500 369 528 cum
398 477 635 541 ἁρπαγαῖς
659 484 753 529 τισὶ
779 491 1030 543 junguntur.
1058 510 1115 519 ——
1146 489 1192 529 P.
1225 488 1310 531 633
1343 487 1374 530 G
1405 488 1769 542 γυμνοπαιδίαις
1796 505 1873 544 pro

83 541 451 597 γυμνοπαιὸιαῖς
482 547 635 599 scripsi
671 558 766 587 cum
797 547 991 599 plurimis
1031 545 1172 596 libris,
1216 558 1396 597 quorum
1427 549 1719 589 auctoritatem
1749 549 1876 589 etiam

84 602 200 655 apud
230 602 426 656 Xenoph.
455 601 582 644 Mem.
615 604 648 643 Ι
679 604 728 651 2,
763 603 816 645 61
852 609 891 644 et
918 602 1186 644 Plutarchum
1214 604 1364 656 optimi
1394 604 1658 653 confirmant;
1691 605 1748 646 cf.
1781 603 1874 645 Sin-

81 659 191 700 tenis
215 658 263 699 T.
289 659 360 703 IV.
388 672 432 713 p.
460 655 512 701 X.
534 681 594 691 —-
616 660 663 701 P.
690 659 774 702 633
797 660 832 700 D
863 654 1172 712 μαλάττουσαι
1198 666 1296 713 post
1326 653 1511 712 θυμους
1542 674 1638 702 cum
1660 661 1753 702 Par.
1777 661 1874 714 plu-

82 717 286 768 rimisque
318 717 442 758 codd.
471 717 648 768 sustuli3
679 716 850 771 longius
882 718 1132 782 corrigendo
1165 718 1366 771 progredi
1395 731 1492 758 cum
1521 718 1874 759 Winckelmanno

84 785 214 814 ausus
247 786 333 814 non
363 787 473 815 sum.
510 795 571 805 —-
604 774 649 813 Ρ.
668 773 769 816 634
803 775 838 814 D
871 767 1005 827 λόγος
1042 775 1070 816 S
1104 787 1199 815 cum
1227 775 1374 825 Astio,
1409 775 1659 827 fidejussore
1689 777 1873 816 Eusebio

81 830 188 871 Prae
223 861 231 870 .
259 843 411 896 evang.
442 831 533 873 XII.
567 831 606 882 1,
629 824 654 870 ὁ
682 824 818 884 λόγος
840 831 969 880 VBT;
998 839 1040 873 at
1068 833 1217 873 eodem
1245 832 1439 886 exemplo
1464 832 1568 872 Tim.
1598 846 1636 873 c.
1662 833 1718 875 20
1740 825 1875 900 λόγος

81 899 158 939 Ριο
249 879 382 940 λόγος
413 885 587 928 πλείων
626 901 679 929 ex
717 889 887 942 optimis
919 862 1043 934 cedd.
1079 894 1317 931 revocatum
1358 895 1434 930 est.
1471 911 1530 920 —
1564 890 1671 930 Ibid
1705 882 1757 929 δ’
1787 877 1876 930 οὖν

81 943 171 992 BS,
203 955 318 997 γουν
343 944 438 992 VT;
472 945 526 986 cf.
556 945 611 986 ad
634 945 810 987 Lucian.
838 946 945 986 Hist.
975 959 1136 988 conscr.
1162 960 1205 1000 p.
1237 947 1336 988 254
1361 967 1420 977 —
1442 948 1488 988 P.
1521 945 1607 988 635
1637 947 1671 986 E
1697 944 1748 987 τί
1775 944 1874 987 διοι-

83 996 232 1054 φέρον
258 1001 355 1056 VB,
385 997 433 1042 τὶ.
468 997 697 1056 διαφέρον
729 1003 819 1051 ST3
854 1009 896 1042 at
926 1003 1010 1044 illis
1041 1010 1082 1043 et
1109 1003 1206 1045 libri
1237 1009 1277 1044 et
1304 1004 1474 1045 Ficinus
1505 1003 1669 1052 favent,
1697 1017 1776 1044 nec
1807 1016 1875 1045 se-

81 1070 214 1108 quens
247 1060 508 1112 comparatio
535 1053 689 1109 ὥσπερ
719 1054 778 1098 τὰ
807 1054 914 1111 περὶ
943 1052 1026 1098 τὸν
1054 1053 1256 1111 πόλεμον
1289 1060 1504 1102 indefinite
1528 1062 1674 1112 quaeri
1698 1062 1872 1114 patitur.

78 1135 137 1144 ·-—
161 1115 209 1157 P.
243 1115 329 1156 636
354 1116 387 1154 Β
414 1113 605 1179 παλαιῷ
624 1111 751 1170 νόμῳ
777 1115 814 1155 Η
839 1128 894 1155 ex
916 1116 1025 1179 conj.
1054 1127 1130 1180 pro
1157 1109 1360 1155 παλαιὸν
1387 1111 1534 1168 νόμον
1567 1130 1753 1167 moxque
1780 1130 1875 1158 cum

78 1170 292 1211 Boeckhio
323 1175 366 1210 et
395 1171 518 1210 Astio
548 1155 630 1217 τὀὶς
661 1182 738 1224 pro
769 1166 851 1210 noct
876 1164 995 1210 κατὰ
1026 1166 1194 1222 φύσιν,
1231 1173 1383 1223 quibus
1415 1173 1781 1214 emendationibus
1814 1174 1876 1214 lo-

80 1240 177 1267 cum
210 1227 586 1281 impeditissimum
616 1240 752 1279 neque
779 1240 805 1268 a
839 1225 1100 1268 Schrammio
1132 1229 1301 1278 Quaest.
1333 1229 1384 1269 de
1414 1229 1519 1271 locis
1553 1241 1681 1270 nonu.
1711 1229 1875 1284 Legum

78 1284 185 1325 Plat.
219 1290 329 1338 part.
359 1284 437 1333 ΠΙ,
471 1283 587 1326 Glac.
623 1284 750 1326 1848.
784 1286 827 1329 4.
859 1284 1038 1326 feliciter
1066 1291 1290 1327 tractatum
1331 1286 1385 1327 ad
1415 1299 1588 1327 sensum
1620 1292 1731 1327 certe
1770 1289 1876 1328 satis

80 1342 313 1394 proclivem
344 1353 568 1383 revocasse
608 1343 770 1383 videor.
832 1342 895 1382 De
926 1342 1128 1408 lectione,
1161 1343 1354 1397 proxime
1392 1345 1447 1385 ad
1485 1349 1674 1385 nostram
1710 1345 1876 1385 accedit

80 1400 194 1450 quod
221 1399 346 1439 voss.
381 1399 516 1440 codex
546 1399 675 1440 habet
703 1397 917 1439 παλαιῶν
947 1393 1128 1452 νόμων,
1172 1413 1309 1452 neque
1337 1401 1502 1442 articuli
1539 1414 1635 1442 cum
1665 1396 1747 1442 καὶ
1778 1414 1875 1455 per-

79 1456 356 1497 mutationem
390 1456 640 1498 insolentem
674 1469 767 1498 esse
797 1456 1028 1498 identidem
1061 1457 1208 1506 docui3
1238 1459 1446 1499 sententia
1477 1464 1617 1500 autem
1647 1464 1738 1500 tota
1766 1459 1876 1500 redit

79 1513 135 1553 ad
165 1518 285 1554 vetus
317 1511 424 1553 illud
453 1507 603 1566 νόμον
632 1521 673 1555 et
700 1507 880 1566 φύσεως
914 1514 1162 1564 discrimen,
1196 1527 1373 1565 quorum
1399 1516 1437 1555 si
1459 1515 1660 1566 alterum,
1692 1517 1805 1568 quod
1831 1517 1875 1556 in

79 1571 270 1612 moribus
304 1569 502 1611 humanis
534 1573 739 1621 cernitur,
780 1571 901 1613 alteri
932 1572 1131 1617 nocuisse
1160 1571 1278 1613 Plato
1312 1574 1476 1621 statuit,
1521 1585 1606 1612 non
1634 1573 1759 1614 video
1790 1586 1873 1624 quo

81 1627 164 1668 alio
189 1628 315 1668 modo
347 1628 392 1668 id
419 1627 635 1669 declarare
659 1629 856 1682 potuerit,
887 1630 972 1669 nisi
998 1629 1107 1670 forte
1132 1622 1250 1669 κατὰ
1276 1602 1479 1669 παλαιὸν
1507 1621 1654 1699 vo'gtouv
1681 1631 1876 1682 sequenti

67 1676 199 1724 4κατὰ
238 1678 383 1754 φύσιν
421 1686 572 1726 melius
610 1688 866 1739 respondere
905 1687 1079 1729 dixeris.
1116 1709 1175 1717 —
1207 1687 1252 1726 P.
1286 1686 1372 1728 637
1400 1686 1433 1727 B
1467 1677 1554 1726 ov’d*
1604 1697 1664 1726 αν
1706 1685 1736 1727 S
1778 1699 1875 1727 cum

78 1743 223 1790 Astio,
255 1733 358 1782 οὔτ’
389 1753 449 1782 αν
478 1743 613 1792 VBT,
645 1743 761 1784 nullo
793 1744 981 1785 membro
1010 1744 1314 1796 respondente,
1345 1757 1482 1796 neque
1511 1749 1612 1797 apte
1638 1744 1692 1784 ad
1716 1744 1875 1797 Diony-

38 1838 44 1841 .
67 1801 169 1848 -sia,
199 1812 308 1851 quae
337 1800 610 1864 praecipuam
638 1801 753 1853 apud
781 1799 960 1842 Graecos
993 1801 1182 1842 ebrietati
1208 1802 1374 1842 veniam
1406 1802 1507 1842 dare
1530 1800 1795 1842 videbantur.
1817 1821 1876 1830 —

76 1857 125 1896 P.
155 1856 241 1898 638
273 1855 305 1896 G
331 1849 501 1909 τυροὺς
527 1857 673 1898 Astius
702 1871 755 1899 ex
782 1858 987 1914 palmaria
1025 1856 1215 1898 Cornarii
1251 1860 1516 1918 conjectura,
1549 1851 1728 1910 πυροὺς
1762 1858 1874 1905 libri,

76 1913 156 1953 sed
186 1918 232 1953 ut
256 1913 332 1954 vix
362 1914 577 1968 intelligas
605 1915 815 1966 quomodo
847 1917 1009 1968 tritica,
1045 1927 1266 1955 commune
1294 1915 1470 1955 humani
1496 1917 1666 1968 generis
1697 1916 1874 1956 alimen-

76 1978 195 2019 tum,
227 1970 336 2010 inter
367 1982 438 2011 eas
467 1984 534 2012 res
564 1971 710 2012 haberi
739 1974 932 2025 possint,
971 1985 1079 2023 quae
1110 1978 1249 2012 utrum
1275 1978 1453 2013 noceant
1479 1984 1533 2012 an
1564 1984 1649 2013 non
1678 1979 1873 2022 noceant,

80 2040 133 2067 ex
157 2027 356 2079 propiore
381 2029 584 2093 temporis
611 2034 652 2069 et
680 2036 908 2085 apparatus
943 2028 1184 2070 definitione
1207 2030 1405 2082 pendeat.
1431 2053 1486 2062 —
1515 2029 1562 2073 P.
1587 2028 1672 2071 639
1695 2030 1734 2069 A
1760 2023 1878 2080 μετοῖ

77 2095 221 2123 τινων
252 2083 308 2136 H,
335 2079 448 2135 μετὰ
475 2082 568 2124 τῶν
594 2085 713 2135 libri,
745 2099 828 2137 qua
858 2087 903 2125 in
934 2086 1112 2126 lectione
1143 2086 1307 2126 articuli
1330 2087 1418 2126 vim
1447 2098 1532 2127 non
1562 2098 1768 2137 assequor
1798 2098 1876 2125 nee

78 2139 320 2194 Stephanus
348 2139 550 2182 Astiusve
584 2144 768 2182 assecuti
808 2149 927 2190 sunt,
969 2143 1043 2208 qui
1076 2142 1256 2183 eundem
1293 2155 1467 2195 prorsus
1504 2143 1760 2192 omiserunt3
1794 2154 1877 2194 qua

78 2197 247 2238 medela
274 2210 388 2237 mea
399 2197 535 2238 lenior
552 2204 637 2238 est.
667 2219 725 2228 -
754 2199 861 2238 Ibid
893 2191 1138 2251 ἡγούμεθα
1161 2199 1398 2240 Boeckhius
1429 2205 1470 2239 et
1493 2199 1642 2239 Astius
1672 2211 1767 2239 cum
1789 2200 1875 2238 Eu-

80 2255 216 2321 sebio,
246 2247 492 2320 ἡγώμεθα
485 2253 645 2303 VBST;
676 2260 716 2294 at
748 2254 804 2294 cf.
821 2267 948 2296 ——ne
979 2256 1150 2310 longius
1169 2257 1370 2296 abeamus
1389 2267 1503 2307 -Ρ,
1523 2247 1680 2296 658Βὲ
1711 2255 1758 2295 τί
1773 2266 1863 2294 ποτ

77 2325 140 2352 αν
167 2305 471 2364 ἡγουμεθα..
493 2309 818 2367 ,συμβαίνεινς
834 2312 952 2355 -Ρ,
971 2311 1056 2354 642
1072 2313 1112 2353 Α
1139 2306 1183 2352 εἰ
1204 2309 1378 2356 ταῦτα
1432 2308 1569 2365 ,πέρι
1594 2306 1748 2364 λόγον,
1776 2314 1876 2363 quia

75 2370 395 2410 incommodam
418 2342 595 2422 optativi
611 2375 863 2410 structuram
878 2368 1057 2419 habent,
1083 2382 1222 2422 neque
1238 2369 1293 2411 ad
1307 2381 1482 2410 sensum
1501 2371 1744 2410 necessaria
1760 2375 1874 2417 sunt,

77 2439 156 2481 pro
171 2427 544 2480 interpretamento
563 2426 897 2480 circumscripsi3
922 2427 1152 2478 eademque
1166 2427 1333 2468 medela
1349 2439 1451 2467 usus
1469 2436 1563 2468 sum
1582 2439 1626 2479 Ρ.
1640 2425 1726 2468 643
1742 2425 1787 2475 G,
1799 2427 1875 2466 ubi

78 2484 226 2525 Astius
248 2485 354 2524 scite
371 2483 577 2524 intellexit
593 2481 834 2533 ποιοῦντα,
856 2489 902 2523 ut
922 2489 1156 2524 structurae
1181 2485 1435 2533 conveniret,
1467 2485 1511 2524 in
1533 2484 1688 2524 ποιεῖν
1709 2490 1874 2523 mutan-

82 2542 183 2582 dum
200 2553 317 2589 esse3
350 2542 415 2582 at‘
392 2553 557 2608 ipsum
567 2540 724 2581 ποιεῖν
738 2546 836 2594 post
860 2531 970 2581 ἄλλο
992 2541 1156 2594 passim
1184 2541 1320 2583 omitti
1343 2554 1428 2582 non
1452 2542 1589 2582 solum
1604 2541 1874 2581 notissimum

79 2598 187 2639 illud
216 2590 355 2639 οὐδὲν
384 2590 493 2638 ἄλλο
523 2587 580 2650 ἤ,
611 2598 688 2640 sed
717 2600 842 2639 etiam
875 2598 963 2639 alia
990 2598 1184 2666 exempla
1212 2599 1458 2647 ostendunt,
1489 2603 1535 2639 ut
1564 2596 1760 2652 Sympos.
1789 2610 1826 2638 c.
1844 2599 1874 2638 4

81 2649 162 2695 καὶ
192 2643 337 2696 τᾶλλα
372 2643 431 2695 v&
468 2629 746 2708 νομιζόμενα
774 2651 1290 2713 εοῑ1.ποιήσαντες.--
1326 2657 1374 2697 Ρ.
1405 2629 1491 2698 645
1523 2646 1555 2696 C
1585 2655 1871 2702 difficultates,

82 2724 188 2763 quas
226 2713 298 2754 hic
337 2712 455 2754 locus
488 2718 530 2752 et
560 2714 792 2754 editoribus
833 2719 874 2754 et
905 2712 1166 2755 Schrammio
1198 2715 1308 2754 Part.
1341 2714 1391 2753 Π.
1420 2725 1464 2766 Ρ.
1499 2713 1522 2754 1
1564 2714 1667 2753 satis
1695 2722 1871 2764 magnas

83 2771 293 2822 praebuit,
318 2782 595 2823 personarum
622 2771 914 2812 distributione
937 2777 1097 2813 mutata
1123 2771 1313 2812 funditus
1339 2769 1561 2810 sustulisse
1585 2769 1688 2810 mihi
1709 2768 1869 2808 videor.

85 2826 292 2867 Nimirum
321 2825 550 2880 φανείη.
568 2820 798 2880 ,ἀπάξιον
828 2829 873 2869 in
896 2828 1014 2870 libris
1046 2828 1221 2879 Cliniae,
1247 2840 1427 2880 sequens
1456 2829 1586 2869 oratio
1609 2825 1872 2874 Atheniensi,
