1976 3172
241 99 348 152 296
860 80 1336 150 ΠΛΑΤΩΝΟΣ

240 239 412 296 ταῦτα
434 234 527 288 καὶ
548 228 804 288 ἀπειθῶν
821 228 1088 296 υπόδικος
1106 229 1357 304 ἀσεβείας
1384 238 1664 304 γιγνέσθω
1695 244 1772 291 τῶ
1800 240 1927 294 ἐθέ-

241 322 409 372 λοντι.
445 325 686 385 γυναῖκα
725 315 784 369 δὲ
818 311 1063 385 γαμετὴν
1098 313 1197 369 §obv
1234 313 1377 386 ἀνὴρ
1413 315 1490 372 δι’
1529 314 1709 416 ὀργὴν
1739 326 1922 392 κτείνῃ

128 472 131 473 ⁷
175 408 209 448 E
238 395 364 453 τινά
383 417 480 468 τις,
499 391 536 467 ἢ
554 394 698 466 γυνὴ
719 397 915 466 ἑαυτῆς
935 393 1116 467 ανδρα
1133 392 1339 452 ταύτὸν
1367 403 1531 453 τοῦτο
1554 396 1815 465 ῶσαύτως
1832 405 1924 470 έρ-

237 477 489 550 γάσηται,
508 482 884 549 καθαίρεσθαι
906 479 1006 548 μὲν
1025 477 1156 544 τούς
1185 477 1390 544 αὐτοὺς
1407 484 1753 554 καθαρμούς,
1777 504 1924 551 τριε-

237 570 345 625 τεῖς
370 559 428 616 δὲ
446 558 867 631 ἀπενιαυτήσεις
887 562 1152 616 διατελεῖν
1166 582 1178 594 ·
1214 560 1506 618 κατελθὼν
1525 561 1637 619 δὲ”
1604 585 1632 618 ο
1658 585 1710 618 τι
1739 571 1923 619 τοιοῦ-

237 663 336 698 τον
356 641 565 713 δράσας
581 653 694 706 τοῖς
713 641 889 697 αὑτοῦ
908 643 1099 698 παισὶν
1127 646 1292 714 ἱερῶν
1322 643 1396 715 μὴ
1428 649 1759 700 κοινωνείτω
1787 646 1924 716 μηδὲ

239 722 606 795 ὁμοτράπεζος
631 724 913 793 γιγνέσθω
942 729 1100 780 ποτέ·
1145 722 1399 781 ἀπειθῶν
1424 725 1482 781 δὲ
1512 723 1541 781 ὁ
1572 727 1858 797 γεννήτωρ
1885 723 1922 796 ἢ

238 803 267 861 ὁ
288 805 581 875 γεννηθεὶς
601 802 854 874 ἀσεβείας
873 798 948 860 αὖ
967 802 1232 870 ὑπόδικος
1256 809 1536 877 γιγνέσθω
1553 813 1633 880 τῷ
1651 811 1918 863 ἐθέλοντι.

236 887 327 942 καὶ
346 881 418 940 ἂν
437 883 676 955 ἀδελφὸς
695 884 943 955 ἀδελφὸν
959 882 997 956 ἦ
1027 884 1275 956 ἀδελφὴν
1299 883 1336 957 ἦ
1364 886 1577 958 ἀδελφὴ
1610 888 1856 959 ἀδελφὸν
1884 884 1922 959 ἢ

237 964 488 1038 ἀδελφὴν
517 973 688 1040 θυμῷ
716 971 922 1038 κτείνῃ,
953 964 1019 1021 τά
1049 968 1151 1038 μὲν
1179 972 1292 1022 τῶν
1321 973 1632 1038 καθαρμῶν
1662 971 1754 1023 καὶ
1786 967 1921 1023 ἀπε-

234 1048 581 1118 νιαυτήσεων
602 1046 882 1118 ῶσαύτως,
911 1048 1170 1116 καθάπερ
1201 1057 1410 1121 εἴρηται
1436 1059 1551 1115 τοῖς
1577 1056 1804 1120 γονεῦσι
1830 1051 1923 1105 καὶ

233 1141 347 1196 τοῖς
376 1130 644 1201 ἐκγόνοις,
677 1129 922 1202 εἰρήσθω
953 1134 1072 1186 δεῖν
1098 1135 1408 1201 γίγνεσθαι,
1430 1133 1536 1194 ,καὶ
1565 1130 1800 1202 τούτοις,
1841 1124 1924 1186 ῶν

234 1210 516 1283 ἀδελφούς
533 1233 593 1268 τε
609 1210 870 1284 ἀδελφῶν
899 1214 990 1269 καὶ
1018 1215 1214 1283 γονέας
1239 1215 1495 1284 ἐστέρηκε
1521 1216 1756 1282 παίδων,
1787 1212 1923 1268 τού-

233 1315 347 1360 τοις
369 1297 428 1350 δὲ
450 1297 729 1360 ξυνέστιος
748 1292 934 1359 αὐτοῖς
953 1298 1224 1366 μηδέποτε
1241 1298 1522 1365 γιγνέσθω
1553 1295 1691 1366 μηδε
1719 1315 1922 1350 κοινω-

117 1393 205 1439 869
234 1376 332 1441 νὸς
355 1378 547 1448 ιερῶν·
581 1376 680 1432 ἐὰν
699 1379 763 1432 δέ
776 1399 856 1440 τις
875 1375 1100 1447 ἀπειθῇ,
1118 1383 1198 1445 τῶ
1214 1382 1311 1447 τῆς
1331 1379 1457 1446 περὶ
1473 1382 1647 1431 ταῦτα
1667 1373 1937 1445 ἀσεβείαςι

238 1459 506 1528 εἰρημένω
530 1458 685 1530 νόμω
706 1456 973 1521 ὑπόδικος
998 1454 1186 1528 ὀρθῶς
1216 1454 1288 1512 ἀν
1310 1462 1554 1527 γίγνοιτο
1585 1456 1720 1527 μετὰ
1749 1459 1916 1526 δίκης.

233 1537 335 1595 ἐὰν
355 1537 409 1593 δ’
429 1537 537 1611 ἄρα
562 1561 660 1604 τις
665 1543 740 1603 εἰς
759 1545 1030 1594 τοσοῦτον
1048 1538 1288 1610 ἀκρατὴς
1305 1546 1501 1610 θυμοῦ
1518 1543 1770 1609 γιγνηται
1782 1558 1922 1607 προς

233 1619 365 1684 τούς
383 1618 778 1689 γεννήσαντας,
812 1618 951 1674 ὥστε
979 1626 1200 1690 μανίαις
1229 1619 1397 1690 ὀργῆς
1422 1625 1536 1675 τῶν
1565 1617 1920 1690 γεννητόρων

232 1706 502 1772 τολμῆσαι
520 1705 733 1755 κτεῖναί
745 1722 886 1771 τινα,
909 1698 1007 1755 έάν
1027 1702 1129 1772 μεν
1151 1699 1181 1756 ὁ
1208 1699 1537 1773 τελευτήσας
1565 1702 1698 1772 πρὶν
1728 1707 1918 1756 τελευ-

232 1802 392 1854 τησαι
424 1782 526 1839 τὸν
555 1782 838 1859 δράσαντα
872 1783 1059 1853 φόνου
1088 1781 1228 1855 ἀφιῇ
1258 1783 1419 1853 ἑκών,
1449 1782 1707 1854 καθάπερ
1739 1786 1796 1837 οἱ
1820 1781 1918 1837 τὸν

232 1862 504 1920 ἀκούσιον
521 1864 704 1934 φόνον
721 1865 1143 1936 ἐξεργασάμενοι
1162 1866 1473 1936 καθαρθεὶς
1491 1858 1762 1920 καὶτάλλα
1781 1861 1916 1919 ὅσα-

167 1962 201 2003 Β
234 1965 336 2018 περ
357 1949 555 2002 ἐκεῖνοι
572 1946 782 2018 πράξας
799 1947 1050 2018 καθαρὸς
1067 1952 1223 2003 ἔστω.
1243 1946 1344 2004 ἐὰν
1363 1948 1421 2003 δε
1441 1946 1514 2018 μὴ
1536 1943 1672 2018 ἀφῇ,
1694 1952 1918 2009 πολλοις

232 2031 420 2099 ἔνοχος
439 2031 578 2083 ἔστω
594 2027 833 2099 νόμοιςὸ
856 2029 1063 2101 δράσας
1082 2052 1133 2085 τι
1163 2037 1418 2085 τοιοῦτον
1435 2050 1447 2063 ·
1487 2030 1578 2085 καὶ
1605 2029 1712 2098 γὰρ
1741 2032 1918 2095 αἰκίας

233 2113 410 2174 δίκαις
426 2119 543 2175 ταῖς
555 2109 803 2181 ἐσχάταις
817 2115 1004 2182 ἔνοχος
1024 2107 1096 2166 ἀν
1113 2117 1356 2182 γίγνοιτο
1369 2113 1460 2166 καὶ
1474 2109 1725 2182 ἀσεβείας
1740 2105 1915 2164 ῶσαύ·

230 2212 337 2256 τως
366 2193 455 2248 καὶ
494 2195 822 2264 ἱεροσυλίας,
851 2192 956 2266 τὴν
986 2200 1090 2249 τοῦ
1121 2198 1396 2265 γεννητοῦ
1434 2191 1619 2264 ψυχὴν
1647 2189 1914 2291 συλήσας,

233 2268 355 2328 ὥστ’
380 2279 532 2344 εἴπερ
551 2271 674 2331 οἶόν
687 2273 728 2330 τ’
749 2269 900 2347 ἦντὸ
922 2276 1185 2343 πολλάκις
1204 2275 1586 2348 ἀποθνήσκειν
1603 2271 1703 2329 τὸν
1723 2270 1860 2328 αὐτό
1866 2293 1912 2339 ν,
1946 2340 1960 2349 .

226 2355 324 2412 καὶ
339 2351 440 2408 τὸν
457 2354 866 2427 πατροφόνονῆ
878 2359 1274 2429 μητροκτόνον,
1287 2356 1726 2426 ἐξεργασάμενον
1742 2357 1914 2451 θυμῷ

231 2442 415 2506 τοῦτο,
437 2436 786 2495 δικαιότατον
803 2439 1071 2493 θανάτων
1081 2444 1302 2493 πολλῶν
1320 2432 1392 2508 ἦν
1409 2434 1719 2506 τυγχάνειν.
1745 2425 1791 2506 ᾦ
1803 2431 1912 2503 γάρ

232 2517 390 2592 μόνω
420 2515 546 2573 οὐδ’
586 2516 918 2594 ἀμυνομένῳ
942 2519 1210 2590 θάνατον,
1246 2519 1501 2589 μέλλοντι
1527 2514 1637 2572 ὑπὸ
1668 2522 1782 2571 τῶν
1811 2535 1912 2586 γο-

170 2608 200 2650 C
232 2603 376 2655 νέων
401 2599 846 2672 τελευτήσεσθαι,
894 2604 1113 2672 παρέξει
1142 2599 1320 2671 νόμος
1356 2598 1536 2663 οὐδεὶς
1570 2609 1779 2654 κτεῖναι
1811 2595 1911 2652 τὸν

230 2681 439 2751 πατέρα
455 2677 493 2752 ἢ
513 2686 737 2754 μητέρα,
749 2681 880 2749 τούς
900 2686 974 2748 εἰς
985 2689 1106 2754 φῶς
1122 2679 1224 2754 τὴν
1241 2685 1456 2737 ἐκείνου
1475 2679 1648 2752 φύσιν
1666 2677 1910 2750 ἀγαγόν-

231 2782 343 2835 τας,
374 2760 497 2819 ἀλλ’
540 2761 917 2836 ὑπομείναντα
945 2764 1012 2820 τά
1050 2764 1230 2820 πάντα
1260 2763 1488 2833 πάσχειν
1518 2766 1650 2834 πρίν
1675 2784 1728 2817 τι
1765 2765 1908 2834 δρᾷν
