1976 3172
226 145 297 196 82
848 143 1328 193 ΠΛΑΤΩΝΟΣ

162 289 198 330 D
370 284 489 334 ΑΘ.
524 280 638 333 Καὶ
667 275 784 349 μὴν
817 288 929 341 τοῖς
958 298 1022 347 γε
1059 283 1239 348 φίλοις
1275 298 1385 334 που
1425 277 1806 350 ξυνευχοίμεθ’
1849 273 1919 336 ἂν

227 365 419 430 ταῦτα,
441 357 584 427 ἅπερ
604 361 808 415 ἐκεῖνοι
827 360 1117 415 ἑαυτοῖσιν.

236 445 242 457 '
367 448 500 498 ΜΕ.
541 445 613 497 Τί
623 440 763 512 μήν;

369 529 489 586 ΑΘ
537 528 707 589 Φίλος
723 526 828 594 μὲν
847 522 969 589 υίὸς
986 492 1171 596 πατρί,
1191 535 1317 589 παῖς
1337 520 1419 581 ὢν
1437 522 1614 596 ἀνδρί.

369 612 499 662 ΜΕ.
541 611 672 670 Πῶς
698 603 753 660 δ’
775 604 873 671 ού;

372 694 493 744 ΑΘ.
532 690 644 744 Καὶ
666 685 779 760 μὴν
798 710 881 744 ων
897 685 953 758 γ’
975 686 1004 743 6
1034 699 1162 755 παῖς
1180 687 1396 760 εὔχεται
1413 690 1591 764 ἑαυτω
1610 695 1920 760 γίγνεσθαι,

228 767 452 826 πολλὰ“
429 793 459 826 ο
479 769 659 870 πατὴρ
680 768 964 837 ἀπεύξαιτ’
986 769 1059 826 ἄν
1073 782 1188 837 τοῖς
1205 779 1360 838 θεοῖς
1377 775 1642 843 μηδαμως
1668 769 1807 827 κατὰ
1826 769 1923 834 τάς

158 923 162 930 ¹
230 858 333 907 τοῦ
352 853 502 916 υίέος
523 850 685 921 εὐχὰς
702 855 1012 921 γίγνεσθαι

377 939 509 989 ΜΕ.
527 930 699 989 Ὅταν
717 931 954 1003 ἀνόητος
974 929 1056 988 ὠν
1074 934 1166 988 καὶ
1185 938 1264 992 ἔτι
1281 937 1406 1000 νέος
1426 933 1666 1007 εύχηται,
1688 939 1886 1004 λέγεις·
1872 975 1888 1000 ,

372 1022 492 1072 ΑΘ.
529 1013 692 1072 Καὶ”
671 1013 808 1071 όταν
833 1035 898 1085 γε
925 1011 955 1070 ὁ
988 1012 1170 1085 πατὴρ
1200 1010 1283 1070 ὢν
1311 1019 1492 1087 γέρων
1517 1013 1555 1088 ἢ
1583 1020 1675 1073 καὶ
1703 1015 1924 1087 σφόδρα

174 1110 208 1152 Ε
235 1106 476 1170 νεανίας,
497 1099 671 1170 μηδὲν
700 1104 815 1154 τῶν
835 1103 1025 1153 καλῶν
1051 1098 1144 1153 καὶ
1168 1102 1282 1153 τῶν
1314 1100 1548 1153 δικαίων
1573 1098 1924 1168 γιγνώσκων,

230 1180 453 1251 εὔχηται
471 1180 621 1251 μάλα
640 1178 952 1251 προθύμως
978 1182 1041 1236 ἐν
1068 1178 1397 1251 παθήμασιν
1415 1177 1676 1251 ἀδελφοῖς
1706 1175 1786 1236 ὢν
1813 1190 1926 1243 τοῖς

230 1264 550 1334 γενομένοις
570 1268 748 1334 Θησεῖ
758 1260 898 1333 πρὸς
916 1261 1016 1317 τὸν
1035 1265 1319 1334 δυστυχῶς
1336 1261 1738 1334 τελευτήσαντα
1750 1259 1924 1318 Ἱππό-

231 1351 420 1416 λυτον,
451 1341 479 1399 6
515 1343 575 1400 δὲ
594 1355 720 1410 παῖς
738 1342 1040 1416 γιγνώσκῃ,
1070 1343 1214 1415 τότε,
1236 1347 1433 1417 δοκεῖς,
1454 1354 1582 1408 παῖς
1601 1345 1765 1413 πατρὶ
1785 1359 1925 1398 συν-

231 1427 474 1493 εύξεταις
548 1457 550 1460 f

372 1513 505 1563 ME.
542 1505 850 1564 Μανθάνω
870 1506 903 1563 ὂ
921 1510 1110 1579 λέγεις.
1154 1509 1338 1578 λέγειν
1362 1505 1471 1579 γάρ
1499 1528 1594 1578 μοι
1624 1510 1822 1574 δοκεῖς,
1854 1500 1925 1568 ὥς

231 1589 302 1644 ὀύ
320 1595 485 1644 τοῦτο
506 1586 737 1645 εὐκτέον
756 1588 889 1645 οὐδὲ
908 1591 1206 1660 ἐπεικτέον,
1224 1589 1460 1646 ἕπεσθαι
1488 1587 1674 1644 πάντα
1698 1594 1769 1660 τῇ
1796 1588 1927 1643 ἑαυ-

229 1678 333 1727 τοῦ
353 1670 637 1743 βουλήσει,
667 1671 772 1743 τὴν
800 1672 1074 1744 βούλησιν
1099 1675 1159 1729 δὲ
1189 1671 1365 1744 μηδὲν
1389 1677 1605 1744 μᾶλλον
1628 1677 1699 1743 τῇ
1726 1671 1928 1727 ἑαυτοῦ

231 1753 532 1824 φρονήσει·
568 1758 735 1809 τοῦτο
765 1753 935 1810 δὲκαὶ
954 1755 1123 1811 πόλιν
1140 1758 1233 1811 καὶ
1252 1755 1354 1811 ἕνα
1379 1753 1543 1826 ἡμῶν
1572 1755 1806 1810 ἕκαστον
1835 1754 1927 1808 καὶ

230 1832 497 1906 εὔχεσθαι
519 1838 638 1891 δεῖν
658 1837 750 1891 καὶ
770 1835 1051 1908 σπεύδειν,
1071 1835 1222 1902 ὅπως
1240 1842 1383 1892 νοῦν
1402 1836 1524 1903 ἕξει.

112 1932 200 1979 688
370 1920 504 1972 vm.
542 1923 663 1974 ΑΘ.
700 1923 833 1990 Ναί,
853 1919 946 1974 καὶ
965 1919 1032 1990 δὴ
1053 1915 1146 1975 καὶ
1164 1917 1460 1983 πολιτικόν,
1470 1937 1534 1989 γε
1553 1915 1734 1989 ἄνδρα
1755 1938 1927 1988 νομο-

230 2002 405 2071 θέτην
426 1996 500 2064 ὦς
519 1997 604 2056 ἀεὶ
622 2003 712 2056 δεῖ
725 2001 864 2071 πρὸς
879 2005 1048 2056 τοῦτο
1079 2003 1356 2072 βλέποντα
1383 2004 1601 2057 τιθέναι
1628 1999 1727 2064 τὰς
1753 2000 1930 2065 τάξεις

231 2088 344 2138 τῶν
364 2081 573 2154 νόμων,
596 2079 767 2147 αὐτός
784 2104 844 2137 τε
865 2082 1155 2155 ἐμνήσθην
1173 2085 1266 2138 καὶ
1282 2081 1430 2155 ὑμᾶς
1440 2080 1928 2182 ..ἐπαναμιμνῄσκω

231 2163 356 2219 κατ’
383 2162 571 2234 αρχοὲς,
591 2169 642 2220 εἰ
656 2164 1007 2236 μεμνήμεθα,
1027 2185 1094 2220 τα
1115 2168 1401 2236 λεχθέντα,
1433 2163 1521 2242 ὅτι
1546 2164 1608 2220 τὸ
1634 2162 1739 2235 μὲν
1767 2169 1931 2237 σφςὸν

233 2240 307 2317 ἦν
342 2248 754 2319 παρακέλευμα,
797 2269 873 2312 ως
905 2269 1088 2319 χρεων
1115 2254 1197 2319 εἴη
1227 2246 1328 2304 τὸν
1364 2245 1589 2319 ἀγαθὸν
1614 2250 1931 2318 νομοθέτην

231 2347 416 2383 παντα
437 2329 685 2398 πολέμου
704 2349 870 2398 χαριν
893 2350 960 2384 τα
981 2329 1190 2401 νόμιμα
1208 2334 1443 2399 τιθέναι,
1475 2329 1538 2384 τὸ
1561 2328 1616 2383 δ’
1645 2328 1780 2397 ἐμὸν
1809 2332 1929 2381 ἔλε-

232 2431 354 2481 γον,
377 2406 463 2465 ὅτι
485 2414 651 2465 τοῦτο
679 2431 783 2481 μεν
801 2410 943 2483 πρὸς
959 2415 1093 2481 μίαν
1111 2409 1316 2482 αρετὴν
1335 2409 1526 2466 οὐσῶν
1536 2408 1815 2478 τεττάρων
1834 2429 1929 2463 κε·-

234 2491 392 2548 λεύοι
418 2497 681 2548 τίθεσθαι
715 2490 848 2557 τούς
882 2492 1111 2564 νόμους,
1142 2494 1258 2548 δέοι
1287 2494 1347 2548 δε
1376 2491 1443 2564 δη
1465 2489 1605 2561 πρὸς
1624 2497 1809 2546 πᾶσαν
1827 2512 1930 2561 μεν

175 2590 208 2631 Β
239 2577 481 2648 βλέπειν,
502 2573 740 2646 μάλιστα
760 2573 820 2631 δὲ
846 2577 939 2630 καὶ
965 2571 1106 2647 πρὸς
1135 2572 1364 2648 πρώτην
1394 2572 1496 2646 τὴν
1519 2579 1617 2646 τῆς
1643 2572 1931 2645 ξυμπάσης

234 2653 484 2729 ἡγεμόνα
505 2653 718 2728 ἀρετῆς,
741 2656 1013 2729 φρόνησις
1033 2654 1087 2713 δ’
1109 2663 1195 2729 εἴη
1222 2662 1389 2714 τοῦτο
1410 2657 1502 2713 καὶ
1529 2661 1666 2722 νοῦς
1686 2655 1777 2712 καὶ
1799 2653 1930 2721 δόξα

235 2738 352 2809 μετ’
384 2738 588 2809 ἔρωτός
616 2760 674 2795 τε
702 2741 794 2796 καὶ
822 2743 1120 2812 ἐπιθυμίας
1147 2740 1364 2806 τούτοις
1393 2741 1674 2811 ἑπομένης.
1707 2737 1830 2809 ἥκει
1861 2736 1928 2809 δὴ

236 2820 403 2877 πάλιν
422 2818 451 2876 6
471 2819 636 2891 λόγος
654 2828 735 2887 εἰς·
748 2819 973 2893 ταύτόν,
1004 2825 1096 2879 καὶ
1126 2820 1155 2878 6
1177 2825 1356 2894 λέγων
1380 2820 1486 2892 ἐγώ
1519 2828 1629 2877 νῦν
1650 2821 1792 2890 λέγω
1819 2818 1930 2874 πά-
