1976 3172
263 175 334 227 80
868 172 1346 221 ΠΛΑΤῼΝΟΣ
1398 160 1403 166 ’

413 312 534 362 ΜΕ.
573 311 703 371 Πῶς
721 306 828 376 γὰρ
854 302 950 371 οὕς

407 393 511 443 VII.
549 395 667 443 ΑΘ.
703 393 835 452 Πῶς
864 380 970 443 οὖν
999 389 1091 442 καὶ
1127 392 1202 458 πῇ
1236 385 1486 451 διώλετος
1527 380 1624 456 ἆρ’
1657 387 1762 445 οὐκ
1793 389 1949 454 ἄξιον

264 474 598 541 ἐπισκοπεῖν,
623 476 953 540 τηλικοῦτον
981 469 1075 524 καὶ
1102 472 1359 523 τοιοῦτον
1395 467 1648 540 σύστημα
1673 469 1790 541 ἥτις
1817 468 1949 525 ποτὲ

178 566 182 570 ’
263 552 401 624 τύχη
422 555 764 623 διέφθειρενς
1158 586 1170 591 -

404 640 537 689 ΜΕ.
570 639 759 705 Σχολῇ
776 633 883 703 γὰρ
899 626 1006 687 οὖν
1026 630 1094 703 δή
1111 653 1191 697 τις
1201 629 1275 687 ἂν
1286 632 1422 688 ἄλλο
1444 639 1670 687 σκοπῶν
1687 629 1723 704 ἢ
1742 633 1949 704 νόμους

210 722 242 765 C
262 711 308 787 ἢ
339 720 614 780 πολιτείας
642 715 808 780 ἄλλας
836 713 1102 770 θεάσαιτο
1131 713 1411 780 σωζούσας
1439 713 1581 769 καλὰ
1608 717 1699 770 καὶ
1739 715 1949 785 μεγάλα

266 796 562 868 πράγματα
580 795 618 868 ἢ
635 797 728 852 καὶ
758 793 1086 851 τούναντίον
1114 795 1552 867 διαφθειρούσας
1580 795 1641 852 τὸ
1667 795 1948 865 παράπαν,

267 883 319 935 εἰ
336 876 623 950 ἀμελήσειε
647 877 878 933 τούτων.

337 1002 344 1006 -
408 965 528 1016 ΑΘ.
572 965 749 1015 Τοῦτο
769 958 914 1030 μὲν’
890 958 1018 1031 ἄρα,
1051 981 1126 1022 ως
1145 963 1342 1031 ἔοικεν,
1376 958 1618 1031 εὐτυχῶς
1646 979 1762 1024 πως
1790 962 1950 1030 ἐμβε-

267 1041 518 1114 βήκαμέν
537 1062 602 1112 γε
618 1049 696 1106 εἴς
718 1063 844 1096 τινα
865 1043 1063 1106 σκέψιν
1082 1038 1295 1111 ἱκανήν.

407 1129 539 1179 ΜΕ.
574 1123 742 1178 Πάνυ
760 1145 862 1193 μεν
886 1144 1007 1178 ουν.

410 1211 529 1260 ΑΘ.
571 1198 686 1276 Αρ’
725 1198 851 1274 οὖν,
893 1226 937 1259 ω
974 1202 1274 1275 θαυμάσιε,
1312 1202 1630 1275 λελήθαμεν
1660 1203 1955 1274 ἄνθρωποι

270 1287 492 1359 πάντες,
513 1289 604 1343 καὶ
623 1285 690 1342 τὰ
709 1292 820 1343 νῦν
839 1283 904 1357 δὴ
928 1283 1099 1356 ἡμεῖς,
1121 1283 1368 1356 οἰόμενοι
1385 1287 1488 1356 μὲν
1507 1286 1766 1342 ἑκάστοτέ
1782 1306 1834 1341 τι
1852 1308 1953 1342 κα-

270 1367 372 1427 λὸν
393 1369 535 1443 ὁρᾷν
554 1375 783 1440 πρᾶγμα
800 1367 1107 1439 γενόμενον
1130 1368 1223 1423 καὶ
1239 1364 1539 1437 θαυμαστὰ
1560 1361 1957 1445 ἂνέργασάμε-

208 1457 243 1498 D
270 1473 392 1522 νον,
415 1459 563 1516 εἴτις
580 1449 689 1520 ἄρα
707 1447 989 1521 ἠπιστήθη
1012 1454 1194 1513 καλῶς
1213 1449 1366 1523 αὐτῷ
1392 1453 1634 1519 χρῆσθαι
1663 1446 1804 1503 κατά
1832 1469 1956 1502 τινα

268 1533 498 1605 τρόπον,
518 1533 579 1589 τὸ
602 1533 660 1589 δὲ
689 1538 799 1588 νῦν
829 1553 893 1602 γε
911 1528 1066 1602 ἡμεῖς
1092 1528 1210 1601 τάχ’
1236 1527 1309 1586 ἂν
1331 1538 1462 1595 ἴσως
1480 1532 1604 1598 περὶ
1623 1535 1787 1585 τοῦτο
1818 1525 1955 1584 αὐτὸ

270 1615 391 1671 οὔτ’
429 1614 619 1688 ὀρθῶς
657 1620 1022 1686 διανοοίμεθα
1056 1615 1186 1670 οὔτε
1223 1613 1363 1671 κατὰ
1402 1615 1594 1686 φύσιν,
1631 1614 1722 1669 καὶ
1759 1614 1826 1686 δὴ
1866 1615 1958 1670 καὶ

270 1701 394 1770 περὶ
427 1698 496 1754 τὰ
533 1698 672 1755 ἄλλα
708 1697 909 1763 πάντες
944 1698 1143 1769 πάντα,
1177 1699 1301 1770 περὶ
1341 1690 1422 1753 ὧν
1455 1693 1527 1753 ἂν
1553 1694 1701 1752 οὕτω
1731 1699 1959 1768 διανοη-

270 1786 480 1844 θῶσινς

413 1867 543 1917 ΜΕ.
583 1862 776 1932 Λέγεις
798 1865 857 1918 δὲ
877 1861 944 1933 δὴ
963 1867 1031 1931 τί,
1062 1864 1155 1917 καὶ
1181 1862 1307 1931 περὶ
1330 1866 1480 1925 τίνος
1510 1836 1598 1916 σοι
1626 1881 1821 1931 φωμεν
1850 1881 1956 1930 μα-

272 1941 409 2000 λιστ’
434 1948 693 2014 εἰρῆσθαι
710 1950 912 1999 τοῦτον
932 1942 1032 1999 τὸν
1050 1943 1251 2013 λόγον·
1238 1983 1252 2010 ,

411 2031 543 2081 Aa*
559 2018 626 2080 Ω
648 2023 825 2096 ’γαθέ,
839 2027 931 2081 καὶ
943 2022 1111 2089 αὐτὸς
1131 2027 1377 2096 εμαυτοῦ
1386 2030 1498 2081 νῦν
1517 2023 1583 2096 δὴ
1606 2025 1956 2094 κατεγέλασα.

273 2107 592 2181 ἀποβλέψας
609 2108 716 2179 γὰρ
736 2106 875 2179 πρὸς
893 2115 1096 2164 τοῦτον
1114 2105 1214 2164 τὸν
1231 2107 1451 2179 στόλον,
1471 2099 1542 2163 οὗ
1560 2109 1685 2177 πέρι
1706 2106 1960 2177 διαλεγό-

274 2201 439 2264 μεθα,
461 2195 614 2257 ἔδοξέ
628 2214 722 2263 μοι
739 2191 1023 2262 πάγκαλός
1049 2213 1108 2247 τε
1139 2189 1280 2247 εἶναι
1310 2192 1404 2248 καὶ
1431 2186 1762 2263 θαυμαστὸν
1781 2196 1959 2260 κτῆμα

274 2285 614 2346 παραπεσεῖν
641 2286 753 2338 τοῖς
771 2272 1049 2346 Ἕλλησιν,
1085 2273 1222 2345 ὅπερ
1254 2273 1427 2346 εἶπον,
1459 2283 1515 2331 εἴ
1544 2295 1627 2340 τις
1663 2272 1772 2344 ἄρα
1803 2270 1961 2343 ἀὐτῷ

215 2370 249 2410 Ε
280 2356 402 2415 τότε
419 2363 599 2434 καλῶς
617 2356 896 2426 ἐχρήσατο.
938 2347 942 2354 ’

418 2430 546 2495 ΜΕ.
590 2436 821 2495 Οὐκοῦν
840 2459 904 2493 ευ
884 2431 1012 2493 ςκαὶ
1031 2438 1263 2508 ἐχόντως
1281 2443 1424 2493 νοῦν
1444 2436 1516 2492 σύ
1538 2457 1597 2492 τε
1615 2435 1796 2490 πάντα
1816 2431 1959 2497 εἶπες

276 2525 368 2581 καὶ
386 2525 729 2596 ἐπῃνέσαμεν
745 2518 924 2592 ἡμεῖς·
912 2562 926 2588 ,

418 2612 536 2662 ΑΘ.
558 2604 742 2668 Ἴσως·
763 2604 941 2658 ἐννοω
957 2623 1020 2672 γε
1038 2602 1167 2673 μήν,
1197 2623 1269 2666 ως
1287 2606 1412 2675 πᾶς,
1442 2598 1502 2665 ὃς
1531 2594 1602 2654 ὄίν
1634 2601 1724 2670 ἴδῃ
1752 2619 1803 2652 τι
1821 2601 1959 2668 μέγα

276 2690 368 2746 καὶ
388 2689 628 2758 δύναμιν
647 2690 774 2757 ἕχον
798 2682 1010 2756 πολλὴν
1029 2707 1120 2741 και
1103 2685 1345 2759 ῥώμην,
1377 2679 1554 2747 ευθύς
1574 2685 1747 2738 ἔπαθε
1773 2684 1958 2750 τοῦτο,

280 2770 354 2838 ὡς
378 2779 530 2844 εἴπερ
558 2773 834 2828 ἐπίσταιτο
855 2763 894 2825 ὁ
923 2770 1256 2842 κεκτημένος
1277 2765 1429 2842 αὐτῷ
1459 2771 1701 2838 χρῆσθαι
1727 2761 1959 2835 τοιούτῳ
