1976 3172
681 135 1077 200 ΝοΜΩΝζ.
1198 110 1207 119 ’
1287 176 1309 183 ,
1633 134 1740 188 239

51 281 185 353 μετὰ
204 284 428 344 παιδιάς
441 298 503 334 τε
529 279 623 334 καὶ
647 274 853 348 ἡδονῆς
878 274 1214 346 μανθάνειν,
1248 270 1442 344 μήλων
1476 274 1536 328 τέ
1569 292 1741 341 τινων

52 364 310 433 διανομαὶ
320 363 411 417 καὶ
426 357 726 430 στεφάνων
736 353 1040 413 πλείοσιν”
1003 376 1117 426 αμα
1130 355 1223 410 καὶ
1235 353 1523 411 ἐλάττοσιν
1542 349 1739 424 ἁρμοτ-

50 444 267 500 τόντων
285 440 549 514 άριθμων
566 447 681 496 τῶν
698 437 906 508 αὐτων,
931 438 1024 494 καὶ
1042 442 1272 493 πυκτῶν
1300 437 1394 492 καὶ
1420 442 1740 492 παλαιστων

50 529 337 597 ἐφεδρείας
363 546 424 581 τε
457 525 551 580 καὶ
586 518 895 592 συλλήξεως
929 522 990 575 ἐν
1025 522 1179 591 μέρει
1206 519 1300 573 καὶ
1332 520 1528 588 ἐφεξῆς
1551 519 1643 572 καὶ
1669 514 1742 581 ὡς

52 607 335 679 πεφύκασι
364 611 673 677 γίγνεσθαι.
722 605 815 659 καὶ
845 602 913 674 δὴ
943 607 1035 658 καὶ
1061 605 1361 670 παίζοντες,
1390 600 1593 673 φιάλας
1628 598 1742 670 ἅμα

49 694 263 759 χρυσοῦ
275 688 367 744 καὶ
377 691 589 758 χαλκοῦ
606 688 698 741 καὶ
709 683 963 757 ἀργύρου
978 686 1071 740 καὶ
1080 682 1351 740 τοιούτων
1361 688 1532 739 τινοῖν
1551 679 1739 738 ἄλλων
1769 692 1801 734 G

48 769 515 842 κεραννύντες,οί
530 768 592 825 δὲ
609 770 701 825 καὶ
720 766 854 833 ὅλας
877 787 995 834 πως
1022 765 1381 836 διαδιδόντες,
1406 763 1544 832 ὅπερ
1568 761 1742 835 εἷπον,

50 856 128 918 είς
148 849 380 908 παιδιὰν
404 849 832 922 ἐναρμόττοντες
858 850 956 916 τὰς
987 855 1102 906 τῶν
1129 847 1454 920 ἀναγκαίων
1472 844 1746 918 -άριθμῶν

49 934 269 1006 χρήσεις
290 931 571 1005 ὠφελοῦσι
588 933 720 998 τούς
739 932 1136 1004 μανθάνοντας
1158 939 1235 996 είς
1251 951 1311 986 τε
1328 928 1427 995 τὰς
1441 933 1558 985 τῶν
1575 944 1745 999 στρα-

51 1018 303 1072 τοπέδων
320 1013 499 1081 τάξεις
516 1017 609 1070 καὶ
629 1011 851 1084 ἀγωγὰς
874 1015 967 1070 καὶ
996 1020 1281 1083 στρατείας
1310 1011 1403 1068 καὶ
1428 1014 1505 1075 εἰς
1524 1013 1745 1066 οἰκονο-

52 1101 181 1167 μίας
206 1090 299 1168 αὖ,
326 1097 420 1152 καὶ
454 1094 678 1161 πάντως
710 1098 1153 1167 χρησιμωτέρους
1188 1091 1395 1159 αὐτοὺς
1429 1089 1617 1157 αὑτοῖς
1651 1092 1745 1147 καὶ

53 1177 425 1248 ἐγρηγορότας
434 1182 648 1249 μᾶλλον
656 1175 789 1243 τοὺς
806 1175 1149 1249 ἀνθρώπους
1161 1174 1562 1247 ἀπεργάζονται
1573 1196 1586 1208 ·
1608 1171 1743 1245 μετὰ

56 1257 307 1315 δὲταῦτα
325 1262 387 1314 ἐν
407 1270 526 1325 ταῖς
553 1259 898 1331 μετρήσεσιν,
919 1258 1025 1316 ὅσα
1045 1264 1154 1330 ἔχει
1170 1257 1316 1330 μήκη
1334 1258 1428 1314 καὶ
1446 1255 1624 1327 πλάτη
1652 1257 1747 1312 καὶ

52 1340 225 1411 βάθη,
245 1342 370 1409 περὶ
388 1338 610 1396 ἅπαντα
635 1347 811 1396 ταῦτα
841 1341 1082 1396 ἐνοῦσάν
1100 1362 1225 1397 τινα
1242 1338 1411 1411 φύσει
1435 1344 1661 1409 γελοίαν
1685 1358 1744 1394 τε
1774 1349 1810 1390 D

0 1427 6 1474 1‘
53 1423 147 1477 καὶ
186 1420 421 1493 αἰσχρὰν
457 1420 695 1492 ἄγνοιαν
729 1424 793 1478 ἐν
829 1433 946 1488 τοῖς
981 1421 1308 1492 ἀνθρώποις
1343 1425 1497 1491 πᾶσι,
1544 1419 1746 1491 ταύτης

0 1522 1 1525 ’
55 1498 520 1560 ἇπαλλάττουσιν.

195 1589 317 1641 ΚΛ.
350 1590 535 1642 Ποίαν
553 1586 621 1658 δὴ
642 1588 734 1643 καὶ
753 1591 876 1643 τίνα
894 1587 1070 1656 λέγεις
1088 1585 1324 1656 ταύτην;

198 1676 317 1727 ΑΘ.
348 1662 415 1725 ’.Ω
441 1674 569 1740 φίλε
594 1667 846 1741 Κλεινία,
883 1666 1206 1725 παντάπασί
1226 1688 1290 1745 γε
1319 1663 1432 1738 μὴν
1459 1666 1550 1722 καὶ
1582 1663 1750 1731 αὐτὸς

55 1749 300 1817 ἀκούσας
318 1749 424 1818 ὀψέ
437 1771 571 1809 ποτε
587 1753 651 1810 τὸ
669 1753 796 1823 περὶ
823 1758 997 1808 ταῦτα
1027 1747 1187 1823 ἡμῶν
1218 1748 1404 1813 πάθος
1432 1746 1746 1820 ἐθαύμασα,

57 1835 148 1891 καὶ
166 1837 322 1903 ἔδοξέ
342 1856 438 1908 μοι
456 1840 622 1893 τοῦτο
650 1833 757 1893 οὐκ
786 1832 1154 1906 ἀνθρώπινον
1185 1828 1323 1889 ἀλλὰ
1357 1830 1550 1902 ὑηνῶν
1579 1835 1751 1887 τινῶν

57 1913 199 1973 εἶναι
217 1923 432 1989 μᾶλλον
450 1917 809 1991 θρεμμάτων,
830 1914 1127 1990 ᾐσχύνθην
1144 1936 1203 1971 τε
1223 1911 1324 1985 οὐχ
1345 1909 1486 1984 ὑπὲρ
1505 1914 1751 1983 ἐμαυτοῦ

59 1997 255 2068 μόνον,
274 1996 414 2056 ἀλλὰ
432 2000 525 2056 καὶ
543 1997 684 2070 ὑπὲρ
713 1997 981 2056 ἁπάντων
999 2004 1115 2054 ταῖν
1127 1995 1419 2067 Ἑλλήνων.
1712 2052 1714 2054 ,
1775 1996 1810 2037 Ε

204 2083 323 2137 ΚΑ.
363 2083 479 2135 Τοῦ
496 2083 651 2151 πτέρις
670 2078 787 2151 λέγ’
809 2078 844 2136 ὅ
861 2102 913 2136 τι
934 2081 1027 2135 καὶ
1045 2078 1175 2151 φῄς,
1198 2071 1243 2134 ὦ
1264 2078 1399 2144 ξένε.

203 2166 322 2218 ΑΘ.
358 2163 519 2232 Λέγω
538 2161 632 2234 δή·
662 2169 878 2234 μᾶλλον
898 2160 957 2217 δὲ
975 2163 1196 2231 ἐρωτῶν
1224 2176 1312 2215 σοι
1335 2162 1508 2226 δείξω.
1545 2159 1646 2214 καί
1661 2175 1750 2228 μοι

63 2240 301 2314 σμικρὸν
317 2240 642 2314 άπόκριναν
662 2243 986 2315 γιγνώσκεις
1004 2262 1117 2299 που
1134 2246 1337 2315 μῆκος;
1504 2263 1516 2278 ·

204 2329 324 2380 ΚΛ.
367 2330 436 2381 Τί
457 2324 599 2397 μήν,
585 2350 597 2361 ·
867 2319 870 2322 ’

203 2411 319 2462 ΑΘ.
363 2411 433 2462 Τι’
446 2409 536 2473 δέ;
567 2405 798 2475 utI-&093

192 2491 324 2544 KA.
359 2488 609 2555 Πάντως.

210 2575 327 2626 ΑΘ.
357 2563 431 2628 Ἦ
456 2573 548 2629 καὶ
576 2577 751 2628 ταῦτα
772 2593 857 2628 οτι
881 2568 979 2627 δύ’·
1006 2567 1172 2628 ἐστὸν
1200 2571 1291 2627 καὶ
1319 2574 1506 2639 τρίτον
1534 2567 1752 2626 τούτων

67 2650 273 2719 βάθος·

213 2737 327 2790 ΚΛ.
364 2739 493 2802 Πως
511 2734 617 2807 γὰρ
631 2736 729 2804 οῦς
