1976 3172
235 119 336 172 136
850 120 1330 169 ΠΛΑΤῼΝΟΣ
1411 137 1429 142 ·

106 317 121 322 ,
166 281 199 320 Ε
231 251 500 322 τηδεύειν,
515 255 613 312 ,καὶ
629 252 755 322 περὶ
774 249 951 307 αὐτοῦ
970 251 1223 321 ἑκάστου,
1245 253 1412 309 ποῖόν
1423 275 1545 310 τινα
1562 257 1739 327 χρεων
1752 258 1908 330 εἶναι,
1967 266 1976 317 i

231 336 477 396 λέλεκται
495 332 694 403 σχεδὸν
711 330 815 388 ὅσα
834 333 965 388 θεῖά
982 335 1109 388 ἐστι.
1145 332 1211 388 τοὶ
1232 332 1284 389 δ’
1307 332 1640 406 ἀνθρώπινα
1658 346 1765 394 νῦν
1782 338 1912 410 ἡμῖν

231 413 336 471 οὐκ
375 423 601 488 εἴρηται,
633 418 719 471 δεῖ
749 416 832 471 δέ·
873 413 1196 487 ἀνθρώποις
1229 415 1335 488 γὰρ
1368 419 1756 490 διαλεγόμεθα,
1787 419 1909 477 ἀλλ’

232 495 300 553 οὐ
319 505 487 561 θεοῖς.
524 501 638 553 ἔστι
656 495 722 567 δὴ
754 496 921 568 φύσει
950 495 1310 567 ἀνθρώπειον
1336 500 1572 597 μάλιστα
1596 498 1792 572 ἡδοναὶ
1819 503 1913 558 καὶ

230 584 401 635 λῦπαι
417 580 509 634 καὶ
538 581 847 650 ἐπιθυμίαι,
868 581 922 644 ἐξ
947 601 1026 634 ων
1052 576 1268 650 ἀνάγκη
1295 580 1356 636 τὸ
1388 579 1604 652 θνητὸν
1631 589 1746 637 πᾶν
1772 587 1913 648 ζωον

231 657 470 730 ἄτεχνως
489 657 609 717 οἷον
626 664 962 732 ἐξηρτῆσθαί
975 681 1032 715 τε
1050 662 1187 716 καὶ’
1161 661 1724 732 εκκρεμάμενονεῖναι
1745 680 1912 719 σπου·
1956 701 1959 710 -

231 746 350 808 δαῖς
368 756 484 809 ταῖς
503 749 805 842 μεγίσταις·
847 748 933 799 δεῖ
956 741 1023 815 δὴ
1042 744 1142 799 τὸν
1160 745 1456 801 κάλλιστον
1485 749 1611 816 βίον
1643 748 1904 813 ἐπαινεῖν,

229 824 302 895 μὴ
323 824 501 894 μόνον
521 823 606 879 ότι
630 847 706 898 τω
728 825 958 895 σχήματι
978 837 1170 896 κρατεῖ
1179 824 1318 895 πρὸς
1348 825 1618 896 εὐδοξίαν,
1650 824 1789 882 ἀλλὰ
1819 827 1912 881 καὶ
1970 841 1976 862 =³

119 930 204 976 733
230 928 320 975 ως,
349 904 421 960 ἄν
440 926 521 970 τις
538 907 704 976 ἐθέλῃ
723 905 993 974 γεύεσθαι
1011 908 1103 960 καὶ
1130 905 1202 976 μὴ
1233 909 1357 970 νέος
1379 905 1460 963 ὢν
1485 906 1718 978 φυγὰς’
1688 906 1783 962 απ’
1810 905 1913 962 αύ-
1970 913 1976 981 J

229 991 332 1041 τοῦ
367 989 609 1058 γένηται,
650 996 841 1057 κρατεῖ
871 987 964 1042 καὶ
998 986 1194 1060 τούτῳ,
1231 983 1263 1041 ὃ
1300 986 1500 1052 πάντες
1524 994 1805 1060 ζητοῦμεν,
1836 994 1914 1061 τῷ
1967 1035 1971 1064 5

227 1073 439 1137 χαίρειν
459 1072 646 1138 πλείω,
661 1067 863 1123 ἐλάττω
878 1067 937 1123 δὲ
953 1074 1253 1124 λυπεῖσθαι
1265 1065 1412 1138 παρὰ
1424 1066 1525 1123 τὸν
1543 1073 1668 1140 βίον
1679 1069 1913 1124 ἅπαντα.

232 1147 304 1213 ὥς
326 1148 384 1204 δὲ
404 1151 737 1205 ἔσταιτοῦτο
768 1152 957 1223 σαφές,
989 1172 1062 1205 αν
1090 1149 1322 1220 γεύηταί
1349 1171 1428 1214 τις
1455 1146 1660 1220 ὀρθῶς,
1687 1151 1915 1220 ἑτοίμως
1963 1149 1970 1167 ”’

229 1231 320 1286 καὶ
339 1230 561 1301 σφόδρα
582 1229 912 1302 φανήσεται·
945 1228 979 1302 ἡ
1000 1230 1061 1286 δὲ
1078 1228 1324 1302 ὀρθότης
1340 1235 1436 1302 τίς,
1456 1236 1621 1286 τοῦτο
1640 1229 1744 1301 ἤδη
1764 1227 1913 1301 παρὰ
1964 1294 1968 1299 .

228 1317 331 1368 τοῦ
350 1312 522 1383 λόγου
539 1310 640 1384 χρὴ
661 1311 1019 1385 λαμβάνοντα
1038 1323 1283 1383 σκοπεῖν,
1305 1319 1412 1368 εἴτε
1432 1311 1610 1378 οὕτως
1627 1310 1757 1384 ἡμῖν
1775 1308 1914 1368 κατὰ

230 1394 404 1465 φύσιν
422 1397 674 1466 πέφυκεν
695 1402 802 1451 εἴτε
821 1393 998 1458 άλλως
1016 1413 1165 1463 παρα
1185 1393 1374 1463 φύσιν.
1414 1399 1539 1465 βίον
1567 1393 1626 1449 δὲ
1643 1393 1744 1466 χρὴ
1763 1393 1912 1464 παρὰ

229 1482 356 1548 βίον
373 1473 510 1548 ἡδίω
536 1478 627 1531 καὶ
645 1475 1026 1547 λυπηρότερον
1056 1469 1164 1531 ωδε
1184 1486 1424 1531 σκοπεῖν.
1474 1473 1686 1546 ἡδονὴν
1707 1475 1916 1546 βουλό-
1943 1522 1946 1526 .

165 1579 197 1620 Β
228 1565 378 1629 μεθα
395 1554 527 1629 ἡμῖν
546 1556 702 1627 εἶναι,
730 1558 915 1628 λύπην
948 1556 1007 1612 δὲ·
1038 1555 1173 1612 οὔθ’
1205 1556 1519 1633 αἱρούμεθα
1551 1556 1679 1615 οὔτε
1707 1553 1915 1626 βουλό-

226 1648 392 1711 μεθα,
430 1638 491 1694 τό
533 1639 593 1695 δὲ
622 1642 928 1710 μηδέτερον
951 1637 1075 1694 ἀντὶ
1105 1639 1207 1710 μὲν
1234 1636 1440 1709 ἡδονῆς
1472 1636 1540 1692 οὐ
1569 1634 1913 1708 βουλόμεθα,

226 1721 404 1792 λύπης
429 1721 487 1777 δὲ
506 1719 874 1776 ἀλλάττεσθαι
891 1718 1239 1792 βουλόμεθα·
1274 1720 1457 1789 λύπην
1476 1718 1535 1774 δὲ
1554 1718 1759 1774 ἐλάττω
1779 1715 1914 1788 μετὰ

227 1808 475 1874 μείζονος
492 1800 698 1874 ἡδονῆς
716 1803 1058 1874 βουλόμεθα,
1083 1799 1296 1873 ἡδονὴν
1319 1801 1378 1857 δὲ
1398 1799 1602 1855 ἐλάττω
1631 1798 1765 1870 μετὰ
1795 1803 1916 1869 μεί-

228 1889 383 1951 ζονος
401 1885 578 1982 λύπης
598 1884 666 1940 ού
686 1885 1027 1957 βουλόμεθα,
1050 1891 1141 1939 ἴσα
1162 1882 1215 1939 δ’
1240 1881 1362 1939 ἀντὶ
1383 1890 1520 1938 ἴσων
1541 1880 1770 1951 ἑκάτερα
1790 1878 1912 1935 τού-

226 1987 339 2022 των
369 1963 470 2036 ούχ
501 1988 575 2031 ως
606 1966 931 2038 βουλόμεθα
958 1970 1174 2037 ἔχοιμεν
1199 1960 1272 2019 ἂν
1299 1967 1606 2034 διασαφεῖν.
1643 1967 1816 2017 ταῦτα
1854 1961 1914 2016 δὲ
1974 2000 1976 2002 -

226 2046 410 2104 πάντα
429 2049 542 2103 ἐστὶ
562 2048 764 2124 πλήθει
784 2049 875 2104 καὶ
894 2049 1116 2118 μεγέθει
1128 2045 1220 2101 καὶ
1238 2043 1612 2115 σφοδρότησιν
1627 2041 1842 2112 ἰσότησί
1856 2062 1914 2096 τε

227 2133 319 2185 καὶ
348 2129 451 2186 όσα
479 2133 704 2186 ἐναντία
731 2132 844 2186 ἐστὶ
866 2134 1002 2184 πᾶσι
1029 2139 1141 2192 τοῖς
1166 2125 1455 2195 τοιούτοις,
1486 2122 1625 2193 πρὸς
1643 2122 1916 2195 βούλησιν
1961 2126 1974 2157 ·’

169 2227 200 2269 c
228 2212 567 2282 διαφέροντά
596 2233 655 2267 τε
682 2213 774 2267 καὶ
805 2209 977 2283 μηδεν
1004 2210 1341 2280 διαφεροντα
1374 2204 1513 2277 πρὸς
1544 2206 1757 2276 αἵρεσιν
1786 2202 1916 2258 ἑκά-

228 2309 393 2349 στων.
434 2313 581 2347 ουτω
602 2292 669 2363 δὴ
691 2292 909 2348 τούτων
929 2294 983 2356 ἐξ
1013 2291 1258 2361 ἀνάγκης
1286 2287 1822 2389 διακεκοσμημένων,
1854 2286 1916 2339 ἐν

228 2395 271 2428 ω
253 2367 394 2444 μὲν
412 2379 515 2448 βίω
535 2377 713 2428 ἔνεστι
729 2371 902 2428 πολλα
935 2372 1164 2442 ἑκάτερα
1195 2372 1287 2426 καὶ
1317 2368 1526 2439 μεγάλα
1554 2368 1646 2421 καὶ
1673 2363 1913 2433 σφοδρά,

227 2454 563 2528 ὑπερβάλλει
592 2455 651 2511 δὲ
679 2476 746 2509 τα
775 2471 890 2509 των
925 2451 1164 2523 ηδονῶν,
1200 2448 1540 2522 βουλομεθα,
1575 2449 1636 2500 ἐν
1669 2437 1716 2517 ᾦ
1754 2444 1813 2499 δε
1846 2441 1914 2500 τὰ
1954 2510 1965 2524 .

230 2541 471 2607 ἐναντία,
501 2534 570 2592 ού
600 2535 948 2609 βουλόμεθα·
988 2536 1080 2590 καὶ
1110 2526 1183 2588 αὖ
1209 2534 1271 2587 ἐν
1299 2553 1342 2584 ω
1374 2527 1532 2599 ὀλίγα
1564 2527 1793 2597 ἑκάτερα
1823 2524 1918 2580 καὶ

231 2620 436 2691 σμικροὶ
456 2620 548 2674 καὶ
563 2616 817 2690 ἠρεμαῖα,
836 2615 1171 2688 υπερβάλλει
1188 2615 1246 2670 δὲ
1271 2635 1337 2668 τα
1347 2610 1625 2716 λυπηρά,
1614 2607 1683 2664 οὐ
1710 2607 1917 2680 βουλό-
1944 2678 1958 2692 a

233 2710 398 2774 μεθα,
419 2703 481 2756 ἐν
500 2722 543 2755 ω
523 2693 625 2756 δὲ
642 2699 924 2771 τάναντία,
947 2697 1294 2771 βουλόμεθα·
1332 2697 1393 2750 ἐν
1414 2715 1455 2767 ῳ
1439 2685 1527 2748 δ’
1551 2714 1624 2748 αυ
1642 2695 1744 2764 βίω
1771 2694 1915 2759 ἰσορ-
1952 2696 1963 2702 ”

237 2794 410 2856 ροπεῖ,
425 2757 681 2854 καθάπερ
701 2785 764 2839 ἐν
781 2793 894 2846 τοῖς
912 2780 1165 2852 πρόσθεν
1179 2783 1266 2835 δεῖ
1278 2749 1750 2845 διανόεῖσθαι,τόν
1763 2770 1918 2839 ἰσόρ-
