1976 3172
719 105 1041 155 ΝοΜΩΝ
1072 99 1123 153 ε’.
1577 98 1584 105 ’
1680 104 1782 158 145

89 245 263 298 ταῦτα
282 245 360 305 εἰς
377 238 478 296 τὸν
496 237 581 295 άεὶ
597 238 804 310 χρόνον
817 236 995 302 οὕτως
1004 241 1199 308 ἔχοντα
1211 237 1451 311 ὑπάρχῃ,
1465 240 1599 296 τάδε
1611 259 1780 312 προς-

87 325 433 393 διανοητέον,
445 320 574 377 ὅσαι
586 323 690 376 εἰσὶ
706 319 774 377 τὰ
788 325 900 376 νῦν
908 316 1041 393 ἡμῖν
1059 319 1663 392 ἑστίαίδιανεμηθεῖσαι
1679 320 1783 379 τὸν

87 402 354 475 ἀριθμόν,
373 403 577 468 ταύτας
595 406 715 459 δεῖν
730 400 815 458 άεὶ
834 401 1107 467 τοσαύτας
1137 399 1280 457 εἶναι
1296 403 1390 457 καὶ
1407 401 1542 472 μήτε
1562 425 1613 458 τι
1628 409 1782 460 πλεί-

91 507 191 551 ους
207 492 500 556 γίγνεσθαι
517 483 655 556 μήτε
666 489 726 540 τί
738 502 872 539 ποτε
882 482 1156 549 ἐλάττους.
1180 475 1275 538 ὧδ’
1294 475 1404 538 οὖν
1424 477 1497 538 ἂν
1514 481 1577 538 τὸ
1595 491 1785 539 τοιοῦ-

88 590 187 625 τον
203 572 442 640 βεβαίως
455 574 699 637 γίγνοιτο
719 568 845 636 περὶ
863 573 1050 622 πᾶσαν
1062 566 1227 621 πόλιν
1239 587 1250 597 ·
1274 562 1304 620 ὁ
1323 563 1508 636 λαχών
1527 562 1628 621 τὸν
1646 572 1784 636 κλῆ-

88 673 193 722 ρον
203 652 573 706 καταλειπέτω
590 646 678 706 άεὶ
686 648 890 722 ταύτης
898 656 996 721 τῆς
1013 649 1280 720 οἰκήσεως
1289 650 1389 704 ἕνα
1400 648 1578 720 μόνον
1593 653 1782 719 κληρο-

86 726 409 802 νόμοντῶν
428 731 633 787 ἑαυτοῦ
650 734 884 800 παίδων,
909 729 977 786 ὃν
1002 729 1076 786 ἂν
1097 726 1251 807 αὐτῷ
1275 730 1513 805 μάλιστα
1531 722 1571 802 ᾖ
1597 733 1782 801 φίλον,

44 878 53 891 ⁸
87 812 351 884 διάδοχον
368 815 462 869 καὶ
471 811 830 884 θεραπευτὴν
838 817 995 869 θεῶν
1005 813 1097 868 καὶ
1116 809 1316 882 γένους
1328 813 1422 868 καὶ
1440 810 1653 876 πόλεως
1669 816 1784 866 τῶν

85 915 147 952 τε
164 895 386 961 ζώντων
403 897 498 951 καὶ
509 895 678 961 ὅσους
697 892 771 950 ἄν
789 894 896 966 ἤδη
914 896 1069 959 τέλος
1090 898 1166 959 εἰς
1183 892 1286 949 τὸν
1303 894 1428 950 τότε
1446 893 1654 965 χρόνον
1670 897 1781 966 ἔχῃ·

85 974 219 1041 τοὺς
236 978 298 1032 δὲ
314 975 522 1042 ἄλλους
540 980 755 1047 παῖδας,
776 972 858 1042 οἷς
875 973 949 1032 ἄν
960 981 1186 1041 πλείους
1202 974 1327 1041 ἐνὸς
1344 982 1662 1047 γίγνωνται,
1681 983 1784 1045 θη-

87 1063 237 1123 λείας
253 1080 314 1114 τε
330 1060 601 1115 ἐκδόσθαι
617 1058 758 1115 κατὰ
770 1059 949 1131 νόμον
959 1059 1062 1115 τὸν
1073 1057 1602 1130 ἐπιταχθησόμενον,
1616 1056 1785 1126 ἄρρε-

90 1141 195 1205 νάς
214 1162 291 1212 τε,
325 1136 407 1206 οἷς
424 1138 498 1197 ἄν
514 1149 610 1213 τῆς
635 1144 903 1212 γενέσεως
922 1143 1144 1213 ἐλλείπῃ
1154 1145 1270 1196 τῶν
1287 1146 1547 1211 πολιτῶν,
1567 1138 1785 1204 τούτοις

86 1225 225 1287 υίεῖς
237 1224 537 1294 διανέμειν,
551 1225 692 1278 κατὰ
710 1222 873 1294 χάριν
882 1226 985 1294 μὲν
994 1223 1245 1294 μάλιστα·
1266 1219 1366 1277 ἐὰν
1377 1225 1441 1277 δέ
1452 1237 1600 1277 τισιν
1609 1223 1784 1277 ἐλλεί-

88 1321 236 1360 πωσι
254 1304 488 1375 χάριτες,
499 1300 538 1375 ἦ
556 1310 780 1369 πλείους
798 1307 1045 1374 ἐπίγονοι
1056 1308 1358 1372 γίγνωνται
1374 1302 1570 1374 θήλεις
1585 1302 1621 1375 ἤ
1640 1322 1785 1367 τινες

88 1385 322 1456 ἄρρενες
349 1386 617 1455 ἑκάστων,
647 1382 684 1456 ἢ
719 1387 810 1441 καὶ
844 1382 1179 1440 τούναντίον
1217 1383 1355 1439 ὅταν
1390 1385 1650 1449 ἐλάττους
1681 1377 1785 1440 ὦσι

23 1485 25 1501 ³
91 1470 308 1524 παίδων
326 1464 565 1538 άφορίάς
582 1469 901 1539 γενομένης,
921 1465 1151 1523 πάντων
1169 1466 1388 1522 τούτων
1415 1463 1591 1536 ἀρχὴν
1619 1463 1692 1537 ἢν
1710 1461 1783 1521 ὅὶν

89 1549 332 1620 θώμεθα
367 1554 629 1621 μεγίστην
665 1550 758 1606 καὶ
794 1547 1159 1624 τιμιωτάτην,
1182 1545 1322 1619 αὕτη
1359 1550 1695 1620 σκεψαμένη,
1731 1553 1788 1603 τί

87 1628 191 1700 χρὴ
211 1635 454 1701 χρῆσθαι
471 1641 587 1696 τοῖς
603 1633 1050 1702 περιγενομένοις
1067 1628 1106 1702 ἢ
1125 1641 1240 1695 τοῖς
1257 1633 1586 1700 ἐλλείπουσι,
1617 1650 1783 1701 πορι-

88 1715 219 1778 ζέτω
246 1711 499 1784 μηχανὴν
533 1712 567 1769 ὅ
589 1735 642 1769 τι
676 1714 912 1784 μάλιστα
948 1712 1098 1778 ὅπως
1132 1716 1195 1768 αἰ
1225 1716 1659 1783 πεντακισχίλιαι
1689 1714 1783 1768 καὶ

44 1831 46 1834 -
88 1794 496 1865 τετταράκοντα
515 1795 755 1866 οἰκήσεις
771 1793 855 1851 άεὶ
873 1795 1053 1867 μόνον
1073 1800 1308 1851 ἔσονται.
1344 1796 1582 1866 μηχαναὶ
1603 1791 1655 1849 δ’
1679 1795 1784 1850 εἰσὶ

85 1881 311 1931 πολλαί·
348 1878 442 1933 καὶ
463 1874 572 1948 γὰρ
592 1879 890 1948 ἐπισχέσεις
904 1878 1173 1948 γενέσεως
1191 1871 1272 1941 οἷς
1300 1873 1374 1931 ἂν
1393 1875 1596 1943 εὔρους
1622 1867 1662 1945 ᾖ
1688 1877 1783 1943 γε’-

88 1972 256 2027 νεσις,
292 1958 387 2013 καὶ
422 1956 756 2014 τούναντίον
788 1961 1086 2029 ἐπιμέλειαι
1122 1958 1216 2013 καὶ
1253 1956 1494 2012 σπουδαὶ
1529 1953 1784 2024 πλήθους

18 2043 21 2118 J
89 2036 450 2108 γεννημάτων
469 2043 611 2111 [εἰσὶ]
630 2052 810 2110 τιμαῖς
827 2061 886 2095 τε
915 2043 1007 2095 καὶ
1029 2037 1276 2109 ἀτιμίαις
1298 2041 1392 2092 καὶ
1413 2034 1782 2108 νουθετήσεσι

1819 261 1851 301 Β

1816 1470 1850 1511 D

88 2124 420 2190 πρεσβυτῶν
438 2123 564 2191 περὶ
583 2124 746 2186 νέους
765 2120 854 2176 διὰ
875 2120 1063 2190 λόγων
1081 2125 1498 2191 νουθετητικῶν
1517 2117 1779 2174 άπαντῶ-
1806 2130 1839 2171 Ε

90 2217 182 2255 σαι
202 2201 473 2255 δύνανται
502 2211 680 2258 ποιεῖν
709 2200 742 2258 ὃ
774 2204 1032 2272 λέγομεν·
1069 2203 1162 2258 καὶ
1193 2200 1260 2273 δὴ
1299 2203 1391 2257 καὶ
1420 2199 1485 2257 τό
1517 2221 1582 2271 γε
1609 2201 1780 2271 τέλος,

91 2275 165 2334 ἄν
188 2287 340 2336 πᾶσα
358 2278 565 2350 ἀπορία
595 2286 721 2355 περὶ
750 2283 855 2354 τὴν
882 2280 1151 2339 άνίσωσιν
1178 2288 1294 2337 τῶν
1322 2286 1781 2353 πεντακισχιλίων

88 2364 182 2418 καὶ
199 2362 606 2434 τετταράκοντα
635 2372 808 2421 οἴκων
834 2369 1104 2436 γίγνηται,
1133 2366 1380 2435 ἐπίχυσις
1412 2363 1467 2419 δ’
1498 2360 1781 2436 ὑπερβάλ-

93 2445 267 2498 λουσα
291 2440 424 2515 ἡμῖν
449 2451 694 2502 πολιτων
729 2444 821 2502 δια
852 2445 1280 2519 φιλοφροσύνην
1314 2443 1419 2517 τὴν
1446 2467 1561 2502 των
1590 2448 1778 2512 ξυνοι-

95 2519 349 2580 κούντων
370 2523 628 2599 ἀλλήλοις
663 2532 938 2603 ξυμβαίνῃ
974 2531 1067 2586 καὶ
1101 2528 1418 2599 ἀπορωμεν,
1452 2528 1514 2583 τὸ
1540 2527 1780 2584 παλαιόν

95 2622 210 2658 που
231 2622 464 2678 mezu
503 2609 815 2683 μηχάνημα,
854 2607 888 2667 δ’
920 2611 1190 2677 πολλάκις
1236 2618 1483 2681 εἴπομεν,
1523 2608 1776 2681 ἐκπομπὴ

97 2681 369 2740 ἀποικιῶν
386 2693 521 2761 φίλη
534 2697 835 2765 γιγνομένη
855 2692 1007 2765 παρὰ
1027 2699 1226 2765 φίλων,
1259 2686 1340 2749 ὦν
1366 2714 1440 2748 αν
1472 2691 1780 2763 ἐπιτήδειον

92 2764 410 2891 εἷναιΡἘξ.
424 2768 547 2890 ἐὰν
574 2773 628 2829 δ’
650 2769 725 2831 αὖ
754 2776 846 2832 καὶ
873 2775 1205 2833 τούναντίον
1233 2773 1603 2898 ἐπέλθῃῶτοτε
1632 2779 1779 2843 κῦμα
