1976 3172
285 156 391 209 302
891 159 1365 212 ΠΛΑΤΩΝΟΣ

285 297 379 365 βίᾳ
401 289 726 362 ἀποστερῶν
743 303 962 363 μοῖραν,
992 272 1128 365 μήτε
1157 292 1367 360 πόλεως
1393 295 1629 366 ταξάσης
1659 301 1799 370 δίκῃ,
1832 301 1966 371 μήτε

283 372 610 472 περιωδύνῳ
631 370 863 446 ἀφύκτῳ
875 375 1270 447 προσπεσούσῃ
1287 375 1424 447 τύχῃ
1439 374 1813 447 ἀναγκασθεὶς
1831 380 1967 450 μηδὲ

282 454 548 526 αἰσχύνης
565 477 715 520 τινος
726 477 946 524 απορου
964 458 1057 512 καὶ
1075 457 1240 528 ἀβίου
1257 458 1592 529 μεταλαχών,
1613 457 1776 533 ἀργίᾳ
1797 461 1856 516 δὲ
1875 463 1967 517 καὶ

214 538 218 543 ’
281 535 584 608 ἀνανδρίας
613 541 788 610 δειλίᾳ
825 539 1006 609 ἑαυτῷ
1033 542 1193 609 δίκην
1230 539 1428 596 ἄδικον
1461 543 1647 612 ἐπιθῇ.
1681 542 1859 616 τούτῳ
1896 541 1963 612 δὴ

218 640 252 679 D
283 617 351 674 τά
367 619 470 688 μὲν
488 618 627 674 ἄλλα
650 617 784 684 θεὸς
802 618 950 675 οἶδεν
969 617 1006 675 δι’
1021 618 1123 692 χρὴ
1156 623 1363 692 νόμιμα
1391 627 1685 692 γίγνεσθαι
1712 626 1836 693 περὶ
1865 647 1967 679 κα-

276 701 534 772 θαρμούς
551 723 610 761 ,τε
628 704 722 758 καὶ
740 700 936 774 ταφάς,
968 724 1050 758 ων
1077 703 1338 775 ἐξηγητάς
1363 724 1420 759 τε
1446 703 1559 776 ἅμα
1579 708 1670 761 καὶ
1690 704 1822 770 τοὺς
1842 708 1966 775 περὶ

277 789 451 837 ταῦτα
489 782 697 852 νόμους
732 786 1172 854 ἐπανερομένους
1203 785 1325 856 χρὴ
1342 785 1473 850 τοὺς
1508 787 1780 856 ἐγγύτατα
1816 790 1965 856 γένει

277 873 459 917 ποιεῖν
478 861 695 918 αὐτοῖσι
723 885 862 918 κατα
893 865 960 918 τὰ
987 866 1461 936 προσταττόμενα·
1499 868 1710 938 τάφους
1741 866 1794 922 δ’
1823 867 1964 924 εἶναι

275 955 390 1009 τοῖς
426 943 575 1000 οὕτω
606 952 875 1017 φθαρεῖσι
902 953 1127 1015 πρῶτον
1159 969 1262 1017 μεν
1297 947 1436 1004 κατὰ
1467 949 1640 1018 μόνας
1661 951 1797 1020 μηδε
1825 948 1960 1020 μεθ’

278 1025 402 1091 ἕνός
441 1027 746 1097 ξυντάφου,
786 1026 901 1099 εἶτα
934 1031 996 1083 ἐν
1023 1039 1136 1093 τοῖς
1160 1033 1273 1084 τῶν
1302 1028 1517 1084 δώδεκα
1549 1026 1747 1096 ὁρίοισι
1775 1034 1963 1102 μερῶν

274 1115 388 1164 τῶν
427 1108 531 1164 ὅσα
570 1108 715 1180 ἀργὰ
752 1112 844 1166 καὶ
889 1109 1176 1182 ἀνώνυμα,
1212 1111 1454 1167 θάπτειν
1491 1111 1703 1175 ἀκλεεῖς
1739 1109 1960 1181 αὐτούς,

274 1190 410 1260 μήτε
429 1190 649 1262 στήλαις
665 1191 802 1264 μήτε
830 1191 1068 1263 ὀνόμασι
1095 1197 1403 1264 δηλοῦντας
1431 1190 1563 1257 τούς
1593 1193 1822 1263 τάφους.
1862 1191 1961 1250 ἐὰν

216 1287 249 1327 Ε
281 1270 332 1326 δ’
375 1271 485 1344 ἄρα
521 1271 826 1344 ὑποζύγιον
848 1269 885 1345 ἦ
923 1279 1065 1341 ζῶον
1092 1274 1228 1331 ἄλλο
1266 1297 1319 1331 τι
1354 1275 1608 1348 φονεύσῃ
1644 1275 1783 1346 τινά,
1814 1272 1960 1346 πλὴν

271 1360 385 1410 τῶν
404 1355 509 1411 ὅσα
528 1358 588 1412 ἐν
617 1353 795 1427 ἀγῶνι
821 1364 936 1412 τῶν
963 1361 1199 1431 δημοσίᾳ
1225 1360 1535 1429 τιθεμένων
1563 1356 1882 1414 ἀθλεύοντά
1907 1377 1960 1412 τι

271 1442 528 1493 τοιοῦτον
547 1438 743 1509 δράσῃ,
764 1441 1097 1503 ἐπεξίτωσαν
1116 1440 1218 1509 μὲν
1237 1443 1294 1494 οἷ
1319 1439 1695 1509 προσήκοντες
1725 1443 1827 1493 τοῦ
1850 1438 1958 1507 φό-

269 1541 376 1575 νου
396 1524 472 1593 τςό
494 1524 785 1591 κτείναντι,
809 1519 1238 1586 διαδικαζόντων
1258 1520 1316 1576 δὲ
1334 1527 1447 1575 τῶν
1466 1518 1802 1589 ἀγρονόμων
1814 1515 1957 1574 οἷσιν

269 1599 344 1658 div
370 1604 462 1658 καὶ
491 1599 717 1667 ὁπόσοις
740 1603 1020 1674 προστάξῃ
1049 1601 1078 1658 ὁ
1104 1602 1424 1673 προσήκων,
1459 1600 1521 1657 τὸ
1555 1600 1615 1656 δὲ
1643 1600 1824 1670 ὅφλον
1852 1604 1956 1667 ἔξω

267 1689 382 1739 τῶν
395 1682 547 1751 ὅρων
563 1689 660 1754 τῆς
676 1683 858 1754 χώρας
879 1681 1309 1749 ἀποκτείναντας
1329 1688 1580 1755 διορίσαι.
1621 1680 1718 1738 ἐὰν
1739 1683 1798 1738 δὲ
1817 1680 1954 1748 ἅψυ·

266 1765 367 1835 χόν
386 1787 438 1820 τι
457 1770 637 1835 ψυχῆς
652 1763 963 1836 ἄνθρωπον
986 1765 1240 1838 στερήσῃ,
1264 1763 1411 1837 πλὴν
1431 1762 1535 1820 ὅσα
1563 1762 1834 1833 κεραυνὸς
1851 1762 1888 1836 ἥ
1903 1786 1955 1819 τι

266 1843 416 1917 παρὰ
445 1852 590 1901 θεοῦ
624 1853 882 1902 τοιοῦτον
900 1849 1061 1919 βέλος
1086 1848 1191 1918 ἰόν,
1222 1854 1337 1903 τῶν
1366 1846 1427 1902 δὲ
1456 1846 1643 1903 ἄλλων
1669 1843 1775 1901 ὅσα
1804 1844 1953 1910 τινὸς

265 1923 678 1996 προσπεσόντος
695 1921 732 1997 ἢ
751 1924 885 1982 αὐτὸ
906 1926 1148 1998 ἐμπεσὸν
1176 1932 1363 2000 κτείνῃ
1391 1926 1533 1998 τινά,
1565 1923 1831 1997 δικαστὴν
1850 1925 1952 1996 μὲν

149 2025 238 2071 874
264 2005 416 2081 αὐτῷ
437 2012 705 2076 καθιζέτω
722 2016 837 2065 τῶν
864 2010 1135 2082 γειτόνων
1162 2008 1262 2067 τὸν
1291 2008 1560 2081 ἐγγύτατα
1588 2006 1618 2064 ὁ
1651 2005 1951 2081 προσήκων

264 2093 428 2160 γένει,
450 2088 861 2162 ἀφοσιούμενος
880 2089 1020 2164 ὑπὲρ
1043 2089 1221 2148 αὑτοῦ
1251 2115 1309 2148 τε
1337 2094 1429 2149 καὶ
1458 2089 1598 2161 ὑπὲρ
1626 2098 1722 2162 τῆς
1749 2108 1950 2161 συγγε-

263 2177 412 2235 νείας
445 2171 592 2244 ὅλης,
630 2171 689 2229 τὸ
725 2172 785 2229 δὲ
819 2174 998 2245 ὅφλον
1039 2178 1314 2246 ἐξορίζειν,
1355 2174 1611 2246 καθάπερ
1638 2171 1851 2245 ἐρρήθη
1885 2171 1946 2227 τὸ

262 2259 377 2307 τῶν
403 2254 558 2318 ζώων
579 2261 771 2325 γένος·
786 2256 884 2313 ἐάν
905 2257 964 2314 δὲ
981 2257 1225 2324 τεθνεώς
1244 2258 1346 2330 μὲν
1366 2252 1440 2314 αὖ
1456 2281 1537 2324 τις
1556 2264 1726 2329 φανῇ,
1747 2255 1949 2327 ἄδηλος

265 2332 324 2388 δὲ
343 2331 374 2388 ὁ
398 2340 614 2398 κτείνας
640 2331 786 2407 ᾖκαὶ
814 2337 887 2409 μὴ
920 2337 1134 2410 ἀμελῶς
1162 2346 1416 2411 ζητοῦσιν
1442 2339 1736 2408 ἀνεύρετος
1754 2343 1947 2406 γίγνη-

261 2435 368 2483 ται,
404 2413 500 2479 τὰς
537 2417 639 2485 μὲν
675 2419 1006 2488 προρρήσεις
1040 2419 1138 2481 τοὶς
1161 2418 1334 2482 αὐτάς
1358 2425 1651 2487 γίγνεσθαι
1685 2415 1944 2485 καθάπερ

261 2506 376 2561 τοῖς
396 2495 605 2567 ἄλλοις,
625 2499 1030 2570 προαγορεύειν
1050 2499 1108 2554 δὲ
1127 2499 1226 2553 τὸν
1250 2499 1431 2569 φόνον
1458 2505 1535 2573 τῷ
1558 2499 1826 2567 δράσαντι
1853 2501 1945 2554 καὶ

261 2578 724 2650 ἐπιδικασάμενον
747 2583 808 2635 ἐν
838 2580 1014 2654 ἀγορᾷ
1046 2584 1279 2652 κηρῦξαι
1305 2587 1384 2655 τῷ
1417 2586 1688 2636 κτείναντι
1717 2581 1817 2635 τὸν
1852 2583 1945 2635 καὶ

191 2674 223 2715 Β
258 2658 360 2715 τὸν
379 2663 471 2716 καὶ
490 2659 772 2733 ὠφληκότι
805 2663 990 2733 φόνου
1008 2664 1080 2735 μὴ
1113 2666 1415 2735 ἐπιβαίνειν
1452 2667 1618 2735 ἱερῶν
1645 2661 1782 2733 μηδὲ
1812 2659 1944 2733 ὅλης

262 2741 446 2814 χώρας
462 2748 558 2814 τῆς
574 2751 676 2799 τοῦ
694 2745 994 2815 παθόντος,
1017 2743 1105 2816 ὥς,
1126 2741 1197 2801 ἀν
1217 2752 1371 2818 φανῇ
1400 2747 1490 2802 καὶ
1519 2750 1769 2816 γνωσθῇ,
1800 2741 1941 2798 ἀπο-

256 2827 618 2898 θανούμενον
636 2832 727 2885 καὶ
745 2833 845 2896 ἔξω
863 2838 956 2902 τῆς
975 2837 1075 2886 τοῦ
1094 2831 1375 2897 παθόντος
1392 2831 1572 2903 χώρας
1592 2829 1938 2902 ἐκβληθησό-
