1976 3172
263 140 336 191 64
802 136 806 140 ’
863 141 1336 195 ΠΛΑΤΩΝΝΟΣ

262 279 654 344 γυμναστικκῆς,
683 279 738 328 τί
763 293 895 329 ποτε
925 281 1026 329 οἰέι
1051 288 1139 329 σοι
1167 273 1409 346 πότερον
1435 271 1598 346 ἡμῶν
1627 273 1943 347 ἀποκρινεῖ-

263 362 401 410 σθαι
419 352 557 426 πρὸς
573 355 783 425 ταύτην
799 354 904 426 τὴν
926 355 1220 426 ἐρῶτησιν;

401 443 520 492 ΛΘ.
551 434 980 508 Ἀ’ποκεκρίσθαι
999 435 1163 507 ἔγωγ’
1186 436 1256 492 ἅν
1276 451 1337 492 σε
1359 440 1532 508 φαίην
1562 435 1759 508 σχεδὸν
1785 437 1939 494 ταῦτ’

260 517 528 588 ἐρόμενον
559 525 768 589 σαφῶς,
798 521 890 574 καὶ
918 519 1210 590 μανθάνω,
1242 515 1315 583 ῶς
1338 517 1598 591 ἐρώτησις
1628 512 1769 574 οὖσα
1802 516 1943 592 αὕτη

188 606 220 648 G
258 598 326 654 τὰ
364 605 474 655 νῦν
513 598 799 671 ἀπόκρισίς
827 597 876 654 τ’
913 601 1079 670 ἐστίν,
1110 598 1184 664 ῶς
1210 598 1386 670 εἷπον,
1421 601 1513 656 καὶ
1542 603 1619 656 ἔτι
1649 600 1945 672 πρόσταξις

260 680 706 752 διαπεράνασθαι
723 679 791 736 τὰ
811 684 935 754 περὶ
951 689 1338 754 γυμναστικῆς.

398 767 517 818 ΚΛ.
543 760 770 833 ’Ἀρισθ’
795 760 1065 835 ὑπέλαβές
1081 786 1140 820 τε
1158 766 1250 820 καὶ
1269 762 1415 820 οὕτω
1434 763 1500 834 δὴ
1527 768 1683 818 ποίει.

398 849 517 898 ΑΘ.
554 847 849 915 Ποιητέον·
889 843 1146 917 οὐδὲγὰρ
1171 845 1320 902 πάνυ
1342 845 1583 916 χαλεπόν
1603 846 1751 900 ἐστιν
1770 846 1943 898 εἰπεῖν

259 920 393 993 ὑμῖν
413 945 478 994 γε
497 922 828 996 ἀμφοτέροις
845 926 1112 998 γνώριμα.
1134 926 1279 983 πολὺ
1297 926 1405 998 γὰρ
1425 930 1486 982 ἐν
1505 925 1676 997 ταύτῃ
1694 930 1763 996 τῇ
1781 925 1942 996 τέχνῃ

257 1007 430 1060 πλέον
450 1005 791 1077 ἐμπειρίας
752 1029 788 1078 η
817 1009 879 1062 ἐν
898 1009 1081 1078 ἐκείνῃ
1100 1010 1358 1078 μετέχετε.

399 1092 518 1142 ΚΛ.
556 1085 775 1156 Σχεδὸν
794 1086 981 1159 ἀληθῆ
1000 1091 1190 1159 λέγεις.
1281 1157 1296 1161 -

397 1170 525 1222 XIV.
562 1174 683 1223 ΑΘ
720 1166 952 1224 Οὐκοῦν
983 1173 1055 1224 αὐ
1084 1169 1286 1241 ταύτης
1308 1167 1446 1241 αρχὴ
1466 1169 1570 1240 μὲν
1598 1175 1694 1239 τῆς
1720 1168 1942 1231 παιδιᾶς

184 1265 219 1305 D
253 1248 314 1304 τὸ
335 1247 475 1304 κατὰ
494 1249 671 1319 φύσιν
689 1254 876 1324 πηδᾷν
899 1255 1150 1308 εἰθίσθαι
1168 1259 1281 1307 πᾶν
1299 1257 1457 1321 ζῶον,
1477 1250 1535 1306 τὸ
1568 1248 1620 1307 δ’
1645 1247 1939 1320 ἀνθρώπι-
1967 1297 1972 1300 .

256 1351 379 1400 νον,
401 1352 474 1396 ως
493 1335 722 1403 ἔφαμεν,
744 1340 1010 1404 αἴσθησιν
1027 1331 1205 1404 λαβὸν
1223 1339 1325 1389 τοῦ
1344 1335 1572 1404 ρυθμοῦ
1596 1334 1861 1402 ε’γέννησέ
1880 1352 1938 1386 τε

254 1409 484 1482 ὄρχησιν
517 1412 610 1473 καὶ
641 1417 809 1483 ἔτεκε,
844 1420 948 1468 τοῦ
976 1413 1035 1469 δὲ
1062 1415 1262 1484 μέλους
1301 1411 1819 1487 ὑπομιμνήσκοντος
1848 1413 1941 1467 καὶ

253 1495 563 1562 ἐγείροντος
579 1490 682 1548 τὸν
699 1492 925 1566 ῥυθμὸν
955 1492 1283 1551 κοινωθέντ’
1316 1493 1575 1567 ἀλλήλοις
1599 1498 1822 1564 χορείαν
1847 1493 1939 1548 καὶ

251 1571 478 1629 παιδιὰν
497 1575 762 1645 έτεκέτην.

390 1660 509 1711 ΚΛ.
547 1653 928 1727 Ἀληθέστατα.

391 1744 510 1794 ΛΘ.
550 1740 660 1794 Καὶ
694 1738 755 1795 τὸ
786 1742 905 1810 μέν,
936 1739 1136 1810 φαμέν,
1170 1738 1276 1810 ἤδη
1309 1737 1717 1812 διεληλύθαμεν
1738 1737 1933 1812 αὐτοῦ,
1961 1748 1966 1752 '

250 1817 311 1875 τὸ
336 1822 396 1875 δὲ
415 1821 797 1892 πειρασόμεθα
817 1824 1010 1893 ἐφεξῆς
1029 1827 1286 1880 διελθεῖν.

391 1907 510 1958 ΚΛ.
546 1902 710 1959 Πάνυ
727 1905 831 1974 μὲν
850 1898 972 1959 οὖν.

391 1988 524 2040 ΑΘ·
543 1982 660 2039 Ἐπὶ
678 1990 872 2040 τοίνυν
899 1991 968 2057 τῇ
994 1990 1091 2055 τῆς
1119 1985 1296 2056 μέθης
1323 1984 1478 2059 χρεία
1506 1983 1605 2041 τὸν
1633 1989 1932 2055 κολοφῶνα

191 2077 223 2117 Ε
252 2069 476 2136 πρῶτον
495 2067 872 2136 ἐπιθῶμεν,>εἰ
891 2068 984 2122 καὶ
1004 2070 1168 2140 σφῶν
1185 2069 1453 2132 ξυνδοκεῖ.

390 2153 508 2202 ΚΛ.
539 2153 718 2204 Ποῖον
737 2147 806 2220 δὴ
826 2151 918 2205 καὶ
935 2153 1059 2204 τίνα
1078 2152 1278 2219 λέγεις;

386 2233 502 2283 ΑΘ.
541 2234 614 2284 Εἰ
639 2231 743 2300 μέν
771 2251 852 2294 τις
880 2231 1039 2295 πόλις
1070 2228 1143 2294 ῶς
1172 2228 1344 2302 οὔσης
1366 2232 1612 2300 σπουδῆς
1640 2233 1716 2302 τῷ
1747 2230 1932 2298 ἐπιτη-

247 2307 476 2379 δεύματι
503 2316 584 2381 τῷ
612 2316 722 2364 νῦν
752 2313 1020 2384 εἰρημένῳ
1048 2311 1307 2382 χρήσεται
1333 2308 1469 2381 μετὰ
1494 2309 1686 2379 νόμων
1711 2311 1802 2364 καὶ
1830 2306 1933 2363 τοῖ-

157 2425 160 2427 -
247 2394 395 2460 ξεως,
419 2389 491 2454 ῶς
511 2394 611 2444 τοῦ
631 2402 947 2460 σωφρονεῖν
977 2393 1140 2447 ἕνεκα
1155 2391 1380 2461 μελέτης
1396 2392 1667 2461 χρωμένη,
1698 2389 1790 2443 καὶ
1817 2393 1931 2464 τῶν

245 2471 434 2527 ἄλλων
450 2468 675 2542 ἡδονῶν
694 2471 766 2544 μὴ
789 2470 1046 2544 ἀφέξεται
1067 2469 1326 2537 ὡσαύτως
1351 2472 1442 2527 καὶ
1472 2470 1611 2527 κατὰ
1634 2468 1735 2525 τὸν
1755 2466 1931 2524 αὐτὸν

244 2551 436 2624 λόγον,
456 2559 559 2610 τοῦ
578 2566 802 2656 κρατεῖν
820 2553 1007 2611 αὐτῶν
1025 2557 1187 2612 ένεκα
1206 2558 1586 2627 μηχανωμένη,
1606 2559 1810 2609 τοῦτον
1827 2552 1930 2624 μὲν

243 2635 344 2693 τὸν
371 2635 587 2714 τρόπον
614 2637 786 2695 ἅπασι
817 2638 1034 2704 τούτοις
1062 2643 1354 2710 χρηστέον·
1407 2641 1456 2692 εἰ
1482 2632 1535 2691 δ’
1560 2632 1632 2700 ὡς
1660 2637 1853 2708 παιδιᾷ
1871 2655 1929 2690 τε

236 2720 337 2777 καὶ
353 2721 565 2788 ἐξέσται
583 2727 662 2777 τῶ
681 2725 1003 2795 βουλομένῳ
1023 2719 1160 2778 καὶ
1140 2719 1278 2777 όταν
1294 2718 1558 2792 βούληται
1575 2718 1668 2774 καὶ
1686 2713 1816 2789 μεθ’
1849 2737 1929 2770 ων
1963 2719 1976 2790 ξ

126 2810 215 2858 674
247 2825 320 2859 αν
343 2801 618 2879 βούληται
635 2808 817 2861 πίνειν
835 2826 932 2877 μετ
938 2802 1419 2876 ’ἐπιτηδευματων
1451 2797 1807 2859 ὡντινωνοῦν
1826 2797 1971 2854 ἅλ-
1964 2874 1970 2894 ⁴
