1976 3172
250 125 314 177 18
855 126 1327 175 ΠΛΑΤΩΝΟΣ

185 267 215 308 C
247 281 352 328 ται,
373 258 775 329 βλακικώτερα·
814 258 950 327 ταχὺ
969 258 1076 329 γάρ
1106 275 1210 314 σου
1239 259 1452 331 λάβοιτ’
1476 259 1548 316 ἀν
1564 283 1642 327 τις
1661 269 1774 319 τῶν
1792 265 1925 334 παρ’

246 338 408 410 ἡμῶν
429 337 794 411 ἀμυνόμενος,
821 335 1043 403 δεικνὺς
1062 338 1164 409 τὴν
1187 346 1301 396 τῶν
1318 348 1602 411 γυναικών
1633 342 1763 413 παρ’
1797 345 1928 417 ὑμῖν

247 420 455 477 ἄνεσιν.
494 418 667 475 ἅπασι
688 421 754 490 δὴ
774 431 886 484 τοῖς
903 419 1191 488 τοιούτοις,
1210 423 1302 477 καὶ
1331 424 1392 479 ἐν
1422 423 1662 492 Τάραντι
1680 427 1772 482 καὶ
1791 427 1922 495 παρ’

246 500 378 573 ἡμῖν
398 502 490 557 καὶ
518 500 650 570 παρ’
681 498 816 572 ὑμῖν
846 504 923 570 δέ,
953 505 1050 570 μία
1084 498 1372 571 ἀπόκρισις
1402 501 1750 562 ἀπολύεσθαι
1779 511 1933 565 δοκεῖ

245 589 346 638 τοῦ
370 580 443 654 μὴ
467 587 651 646 κακῶς
668 586 812 653 ἔχειν
831 578 951 636 ἀλλ’
973 579 1184 650 ὀρθῶς·
1225 589 1332 648 πᾶς
1361 586 1468 656 γὰρ
1489 585 1928 659 ἀποκρινόμενος

245 667 359 735 ε’ρεῖ
370 665 715 734 θαυμάζοντι
744 667 900 739 ξένῳ,
927 663 1033 735 τὴν
1064 663 1195 734 παρ’
1225 663 1412 731 αὐτοῖς
1439 665 1678 738 ἀήθειαν
1705 669 1925 769 ὁρώντι,

179 811 183 814 ¹
244 745 316 816 μὴ
339 746 607 817 θαύμαζε,
629 769 671 801 ω
655 740 833 812 ξένε·
871 745 1041 816 νόμος
1064 745 1193 802 ἔσθ’
1214 745 1347 817 ἡμῖν
1365 741 1545 819 οὖτος,
1565 757 1699 815 ἰσως
1718 749 1769 805 δ’
1793 750 1927 821 ὑμῖν

243 829 368 897 περι
387 825 577 883 αὐτῶν
594 827 809 884 τούτων
826 830 1026 897 ἕτερος.
1064 826 1197 899 ἡμῖν
1217 827 1268 884 δ’
1302 832 1414 885 ἐστὶ
1433 836 1559 901 νῦν,
1589 853 1632 886 ω
1654 831 1848 901 φίλοι’
1823 832 1927 887 άν-

184 923 217 963 D
245 913 389 980 δρες,
409 907 479 964 οὐ
507 912 632 979 περὶ
664 915 775 965 τῶν
808 908 1132 982 ἀνθρώπων
1160 918 1273 966 τῶν
1300 910 1488 967 ἄλλων
1517 909 1547 967 ὁ
1575 912 1766 985 λόγος,
1787 913 1926 971 ἀλλά

243 995 370 1062 περὶ
399 997 511 1047 τῶν
549 998 875 1062 νομοθετῶν
912 990 1100 1047 αὐτῶν
1139 997 1333 1057 κακίας
1362 1014 1420 1049 τε
1457 995 1550 1050 καὶ
1587 992 1811 1065 ἀρετῆς·
1849 999 1929 1050 ἔτι

242 1072 348 1143 γάρ
369 1066 475 1128 οὖν
496 1080 736 1142 εἴπωμεν
754 1077 923 1129 πλείω
941 1075 1067 1140 περὶ
1093 1070 1310 1142 ἀπάσης
1327 1077 1525 1144 μέθης·
1566 1074 1635 1130 οὐ
1663 1074 1772 1144 γὰρ
1803 1093 1928 1146 σμι-

241 1153 382 1223 κρόν
414 1156 527 1207 ἐστι
554 1151 616 1208 τό
647 1152 981 1224 ἐπιτήδευμα
1012 1152 1145 1207 οὐδὲ
1169 1155 1394 1223 φαύλου
1423 1157 1729 1225 διαγνῶναι
1756 1178 1927 1227 νομο-

239 1239 428 1291 θέτου.
467 1237 609 1303 λέγω
630 1233 683 1289 δ’
705 1231 810 1289 οὐκ
829 1241 992 1290 οἴνου
1014 1237 1139 1304 περὶ
1153 1233 1367 1299 πόσεως
1385 1235 1445 1289 τὸ
1476 1235 1741 1304 παράπαν
1766 1233 1804 1308 ἦ
1833 1239 1925 1308 μή,

242 1316 417 1386 μέθης
447 1316 507 1370 δὲ
543 1313 713 1385 αὐτῆς
741 1317 885 1385 πέρι,
922 1314 1179 1385 πότερον,
1213 1313 1399 1385 ὥσπερ
1435 1315 1665 1372 Σκύθαι
1687 1324 1927 1388 χρῶνται

241 1398 333 1452 καὶ
351 1399 580 1465 Πέρσαι,
602 1396 885 1467 χρηστέον,
906 1398 998 1451 καὶ
1015 1400 1094 1452 ἔτι
1109 1396 1482 1467 Καρχηδόνιοι
1501 1398 1593 1452 καὶ
1616 1401 1815 1454 Κελτοὶ
1834 1400 1926 1455 καὶ

177 1495 210 1534 Ε
226 1477 441 1550 Ἴβηρες
459 1478 550 1533 καὶ
570 1484 803 1550 Θρᾷκες,
834 1476 1107 1548 πολεμικὰ
1123 1476 1462 1548 ξύμπαντα”
1430 1499 1566 1533 οντα
1582 1484 1756 1534 ταῦτα
1773 1484 1924 1576 γένη,

240 1555 276 1630 ἢ
295 1559 554 1628 καθάπερ
574 1556 753 1629 ὑμεις·
793 1556 947 1629 ὑμεῖς
974 1582 1077 1630 μεν
1104 1559 1232 1629 γάρ,
1263 1557 1399 1629 ὅπερ
1430 1563 1620 1629 λέγεις,
1651 1561 1713 1615 τό
1745 1561 1926 1632 παρά-

241 1661 352 1697 παν
373 1639 661 1719 ἀπέχεσθε,
682 1640 913 1696 Σκύθαι
932 1641 993 1697 δε
1012 1643 1105 1697 καὶ
1131 1646 1347 1714 Θρᾷκες
1367 1639 1589 1715 ἀκράτῳ
1609 1642 1925 1697 παντάπασι

239 1721 532 1795 χρώμενοι,
565 1725 825 1791 γυναῖκές
846 1743 905 1778 τε
930 1723 1024 1779 καὶ
1055 1721 1229 1794 αὐτοί,
1259 1724 1351 1779 καὶ
1377 1719 1515 1778 κατά
1549 1729 1662 1778 τῶν
1693 1725 1924 1794 ἱματίων

239 1803 631 1875 καταχεόμενοι
649 1803 824 1860 καλὸν
843 1806 936 1859 καὶ
955 1802 1222 1873 εὔδαιμον
1235 1803 1569 1874 ἐπιτήδευμα
1581 1805 1924 1875 ἐπιτηδεύειν

240 1890 600 1990 νενομίκασι·
621 1888 833 1957 Πέρσαι
859 1886 919 1941 δε
938 1885 1159 1955 σφόδρα
1178 1906 1279 1955 μεν
1290 1906 1532 1954 χρωνται
1559 1888 1651 1940 καὶ
1679 1897 1796 1950 ταῖς
1822 1885 1924 1942 άλ-

684 1964 1000 1990 (((((

238 2049 469 2104 τούτων.

122 2144 210 2190 638
380 2136 508 2184 ΜΕ.
539 2122 605 2184 Ὦ,
618 2134 810 2203 λῷστε,
832 2128 1106 2198 διώκομεν
1126 2131 1189 2183 δέ
1202 2149 1265 2198 γε
1284 2125 1435 2199 ἡμεῖς
1447 2128 1657 2194 πάντας
1674 2129 1921 2200 τούτους,

239 2209 376 2265 ὅταν
394 2208 539 2266 ὅπλα
560 2215 636 2274 εἰς
655 2209 754 2274 τὰς
767 2221 948 2281 χεῖρας
965 2210 1240 2282 λάβωμεν.

376 2298 495 2347 ΑΘ.
523 2284 589 2346 Ὦ
618 2290 823 2362 ἄριστε,
846 2290 918 2362 μὴ
941 2295 1064 2362 λέγε
1086 2297 1284 2346 ταῦτα·
1318 2292 1515 2347 πολλαὶ
1531 2289 1637 2362 γάρ
1659 2289 1726 2361 δὴ
1749 2294 1922 2362 φυγαὶ

238 2377 329 2431 καὶ
349 2373 560 2440 διώξεις
585 2370 913 2446 ἀτέκμαρτοι
941 2373 1212 2444 γεγόνασί
1234 2393 1293 2427 τε
1317 2375 1409 2428 καὶ
1427 2376 1664 2442 ἔσονται,
1692 2370 1776 2427 διὸ
1809 2394 1920 2442 φα-

237 2455 407 2525 νερὸν
436 2455 574 2525 ὅρον
597 2461 802 2516 τοῦτον
830 2453 935 2511 οὐκ
958 2455 1031 2511 ἄν
1051 2475 1183 2511 ποτε
1206 2458 1458 2525 λέγοιμεν
1484 2451 1606 2510 ἀλλ’
1638 2451 1919 2525 ἀμφισβη-

237 2538 470 2610 τήσιμον
488 2539 613 2609 περὶ
639 2543 827 2594 καλῶν
860 2537 1307 2610 ἐπιτηδευμάτων
1331 2539 1423 2592 καὶ
1445 2535 1539 2607 μή,
1560 2541 1722 2606 νίκην
1741 2556 1800 2590 τε
1827 2538 1918 2591 καὶ

238 2612 408 2691 ἧτταν
439 2622 691 2690 λέγοντες
718 2618 915 2690 μάχης·
955 2617 1140 2691 ἐπειδὴ
1172 2618 1278 2691 γὰρ
1307 2621 1367 2674 αἰ
1393 2622 1607 2689 μείζους
1635 2613 1732 2682 τάς
1760 2617 1918 2672 ἐλάτ-

178 2717 206 2755 ss
239 2722 368 2767 τους
388 2700 574 2766 πόλεις
605 2706 802 2757 νικῶσι
823 2699 1126 2772 μαχόμεναι
1155 2703 1247 2756 καὶ
1275 2703 1766 2768 καταδουλοῦνται,
1794 2705 1915 2753 Συ-

241 2782 491 2850 ρακόσιοι
510 2782 610 2853 μὲν
639 2783 911 2853 Λοκρούς,
938 2788 994 2839 οἳ
1023 2781 1090 2854 δὴ
1119 2786 1383 2863 δοκοῦσιν
1412 2780 1782 2854 εὐνομώτατοι
1802 2786 1915 2835 τῶν

1241 3020 1264 3035 2
