1976 3172
280 156 383 207 320
894 156 1068 202 ΠΛΑ
1088 154 1372 202 ΤΩΝΟΣ

217 297 252 340 D
279 290 457 363 αὐτὴν
490 288 711 362 θνητὴν
740 292 799 344 ἐκ
819 293 1063 358 θνητῶν,
1094 285 1297 356 ὕστερα
1323 290 1723 359 γεγεννηκέναι
1741 287 1961 353 παιδιάς

278 396 431 439 τινας
450 370 713 445 ἀληθείας
735 369 804 426 οὐ
823 369 1044 440 σφόδρα
1068 368 1416 440 μετεχούσας,
1446 367 1586 425 ἀλλὰ
1614 368 1799 425 εἴδωλ’
1829 369 1963 425 ἅττα

280 459 520 527 ξυγγενῆ
547 457 779 526 ἑαυτῶν,
812 447 882 508 οἷ’
925 449 960 522 ἡ
992 449 1236 523 γραφικὴ
1275 457 1449 524 γεννᾷ
1484 452 1576 507 καὶ
1601 449 1839 522 μουσικὴ
1871 455 1963 507 καὶ

280 534 409 591 ὅσαι
433 535 659 600 ταύταις
689 536 794 590 εἰσὶ
831 535 1123 602 συνέριθοι
1151 535 1360 603 τέχναι·
1397 537 1459 588 αἳ
1489 536 1550 587 δέ
1584 553 1635 587 τι
1663 534 1755 587 καὶ
1788 548 1964 588 σπου-

280 620 440 673 δαῖον
466 616 575 688 ἄρα
597 622 836 687 γεννῶσι
864 621 978 671 τῶν
1002 619 1228 685 τεχνῶν,
1257 612 1396 670 εἶναι
1423 613 1640 685 ταύτας,
1670 613 1871 670 ὁπόσαι
1897 619 1966 686 τῇ

281 698 449 767 φύσει
472 703 779 761 ἐκοίνωσαν
797 697 899 768 τὴν
918 694 1106 752 αὐτῶν
1125 697 1386 767 δύναμιν,
1408 692 1528 752 οἷον
1547 689 1622 750 αὖ
1641 694 1854 767 ἰατρικὴ
1875 697 1967 750 καὶ

282 778 556 850 γεωργικὴ
583 782 675 835 καὶ
693 779 1058 849 γυμναστική,
1079 779 1172 834 καὶ
1191 776 1257 849 δὴ
1275 779 1367 833 καὶ
1394 777 1497 848 τὴν
1526 776 1814 847 πολιτικὴν
1842 795 1967 847 σμι-

282 861 422 932 κρόν
449 883 501 916 τι
523 863 688 930 μέρος
722 858 868 914 εἷναί
896 874 1035 928 φασι
1061 866 1380 914 κοινωνοῦν
1408 859 1594 929 φύσει,
1623 860 1784 931 τέχνῃ
1813 858 1873 914 δὲ
1903 857 1964 914 τὸ

212 950 245 991 Ε
282 942 426 998 πολύ
440 963 452 975 ·
473 939 622 996 οὕτω
641 942 701 995 δὲ
719 940 812 995 καὶ
829 937 932 1010 τὴν
950 944 1292 1010 νομοθεσίαν
1305 945 1492 995 πᾶσαν
1510 938 1580 994 οὐ
1598 941 1784 1011 φύσει,
1807 943 1969 1012 τέχνῃ

282 1025 346 1079 δέ
358 1045 368 1055 ·
407 1016 474 1093 ἧς
499 1020 602 1078 οὐκ
623 1019 850 1093 ἀληθεῖς
868 1019 1010 1076 εἶναι
1028 1020 1125 1086 τὰς
1143 1023 1343 1086 θέσεις.

422 1110 541 1161 ΚΛ.
578 1098 710 1168 Πῶς
729 1105 931 1174 λέγεις;

424 1193 543 1242 ΑΘ.
586 1184 781 1257 Θεούς,
815 1179 860 1241 ὦ
888 1184 1142 1258 μακάριε,
1181 1184 1322 1243 εἶναι
1350 1185 1575 1259 πρῶτόν
1609 1202 1782 1257 φασιν
1817 1179 1972 1241 οὗτοι

281 1270 459 1341 τέχνῃ,
485 1266 554 1324 ού
591 1267 778 1338 φύσει,
816 1265 959 1324 ἀλλά
992 1282 1100 1323 τισι
1129 1268 1341 1340 νόμοις,
1372 1271 1464 1323 καὶ
1499 1268 1733 1332 τούτους
1767 1265 1972 1332 ἄλλους

282 1349 440 1423 ἄλλῃ,
461 1349 571 1423 ὅπῃ
596 1351 818 1406 ἕκαστοι
848 1350 1090 1404 ἑαυτοῖσι
1122 1348 1596 1421 συνωμολόγησαν
1626 1349 1972 1420 νομοθετού-

283 1454 464 1504 μενοι·
499 1433 592 1488 καὶ
611 1430 678 1502 δὴ
699 1430 876 1486 καὶτὰ
897 1428 1040 1485 καλοὶ
1061 1429 1229 1501 φύσει
1257 1431 1361 1501 μὲν
1379 1429 1522 1486 ἄλλα
1550 1429 1707 1500 εἶναι,
1734 1429 1890 1503 νόμω
1911 1431 1971 1484 δὲ

281 1535 459 1584 ετερα,
488 1535 556 1568 τα
595 1512 654 1569 δε
690 1515 873 1567 δίκαια
909 1509 1036 1565 οὐδ’
1069 1510 1210 1567 εἶναι
1244 1511 1305 1567 τὸ
1335 1511 1600 1583 παράπαν
1633 1510 1816 1581 φύσει,
1847 1506 1967 1565 αλλ’

284 1592 772 1665 αμφισβητοῦντας
801 1595 1070 1647 διατελεῖν
1098 1590 1359 1662 ἀλλήλοις
1386 1595 1478 1647 καὶ
1506 1592 1976 1691 μετατνθεμένους

285 1674 370 1730 ἀεὶ
397 1682 595 1730 ταῦτα
631 1670 667 1728 ἃ
688 1671 738 1728 δ’
762 1670 836 1728 ἂν
853 1672 1206 1744 μετάθωνται
1226 1675 1318 1729 καὶ
1336 1672 1489 1745 όταν,
1509 1671 1634 1729 τότε
1651 1671 1816 1775 κύρια
1841 1672 1972 1728 ε’κα-

167 1775 256 1822 890
285 1772 387 1812 στα
398 1755 555 1827 εἶναι,
574 1754 878 1826 γιγνόμενα
898 1758 1059 1827 τέχνῃ
1070 1756 1161 1811 καὶ
1179 1766 1291 1820 τοῖς
1309 1756 1517 1829 νόμοις,
1540 1753 1665 1811 αλλ’
1686 1754 1755 1811 ού
1775 1752 1844 1826 δή
1864 1776 1972 1810 τινι

284 1839 468 1910 φύσει.
502 1836 661 1894 ταῦτ’
684 1839 848 1908 ἐστίν,
870 1831 914 1892 ὦ
935 1844 1104 1909 φίλοι,
1126 1836 1344 1894 ἅπαντα
1363 1837 1589 1909 ἀνδρῶν
1609 1842 1805 1908 σοφῶν
1822 1837 1971 1908 παρὰ

282 1924 430 1986 νέοις
449 1919 789 1992 ἀνθρώποις,
812 1923 1049 1976 ἰδιωτῶν
1066 1942 1124 1976 τε
1144 1922 1237 1976 καὶ
1255 1927 1518 1992 ποιητῶν,
1535 1918 1872 1991 φασκόντων
1893 1917 1971 1974 εἶ-

283 2027 377 2060 ναι
415 2001 476 2059 τὸ
518 2002 867 2059 δικαιότατον
903 2001 936 2057 ὅ
972 2007 1028 2057 τί
1058 2024 1139 2067 τις
1181 1998 1253 2058 ὅὶν
1289 2009 1420 2077 νικᾷ
1456 2001 1795 2075 βιαζόμενος,
1832 1999 1975 2057 ὅθεν

283 2083 534 2156 ἀσέβειαί
556 2105 615 2139 τε
644 2082 967 2156 ἀνθρώποις
1000 2086 1327 2154 ἐμπίπτουσι
1353 2085 1513 2156 νέοις,
1545 2082 1617 2148 ὥς
1649 2082 1753 2138 οὐκ
1791 2080 1972 2138 ὅντων

285 2173 441 2221 θεῶν
459 2169 612 2230 οἵους
630 2163 660 2222 ὁ
681 2165 852 2237 νόμος
871 2165 1197 2236 προστάττει
1227 2170 1572 2222 διανοεῖσθαι
1601 2170 1735 2236 δεῖν,
1757 2163 1974 2228 στάσεις

285 2269 343 2302 τε
365 2246 454 2302 διὰ
474 2255 665 2320 ταῦτα,
685 2249 963 2306 ἑλκόντων
981 2248 1120 2322 πρὸς
1138 2248 1238 2306 τὸν
1267 2248 1406 2306 κατὰ
1433 2249 1607 2321 φύσιν
1627 2247 1811 2319 ὀρθὸν
1829 2252 1972 2320 βίον,

287 2326 350 2393 ὅς
366 2331 479 2382 ε’στι
491 2334 562 2400 τῇ
576 2328 819 2406 ,ἀληθείᾳ
838 2338 1150 2402 κρατοῦντα
1179 2337 1278 2404 ζῇν
1296 2339 1410 2388 τῶν
1427 2329 1612 2388 ἄλλων
1630 2332 1724 2387 καὶ
1738 2330 1811 2400 μὴ
1838 2333 1973 2384 δου-

287 2409 522 2465 λεύοντα
543 2410 773 2478 ἑτέροισι
790 2411 928 2467 κατὰ
950 2413 1143 2481 νόμον.

226 2512 259 2552 Β
349 2540 355 2553 s
429 2495 548 2547 KA.
588 2487 725 2547 Οἷσν
755 2492 1103 2564 διελήλυθας,
1135 2486 1181 2547 ὦ
1207 2496 1341 2562 ξένε,
1371 2491 1544 2562 λόγον
1569 2492 1658 2548 καὶ
1697 2491 1837 2562 ὅσην
1860 2490 1974 2546 λώ-

288 2579 399 2645 βην.
420 2571 747 2642 ἀνθρώπων
763 2578 908 2630 νέων
928 2578 1163 2647 δημοσίᾳ
1183 2572 1380 2630 πόλεσί
1397 2595 1455 2629 τε
1475 2575 1565 2629 καὶ
1585 2577 1742 2638 ἰδίοις
1769 2580 1940 2637 οἴκοις
1950 2581 1974 2628 !

431 2661 547 2710 ΑΘ.
581 2652 787 2727 Ἀληθῆ
816 2657 1003 2726 μέντοι
1037 2658 1227 2726 λέγεις,
1269 2648 1315 2711 οἷ
1347 2661 1592 2712 Κλεινία.
1641 2661 1700 2711 τί
1727 2648 1835 2710 οὖν
1870 2661 1974 2710 οἴει

289 2742 487 2808 χρῆναι
515 2740 660 2810 δρᾷν
687 2735 790 2793 τὸν
818 2743 1149 2809 νομοθέτην,
1179 2736 1326 2793 οὕτω
1353 2738 1570 2794 τούτων
1597 2735 1768 2793 πάλαι
1797 2755 1972 2806 παρε-

290 2822 708 2888 σκευασμένων;
727 2817 764 2890 ἢ
782 2819 961 2890 μόνον
981 2817 1225 2876 ἀπειλεῖν
1244 2819 1447 2876 στάντα
1466 2823 1527 2876 ἐν
1553 2826 1620 2892 τῇ
1648 2818 1804 2874 πόλει
1833 2817 1970 2888 ξύμ-
