<?xml version="1.0" encoding="UTF-8"?>
<!DOCTYPE html PUBLIC "-//W3C//DTD XHTML 1.0 Transitional//EN"
    "http://www.w3.org/TR/xhtml1/DTD/xhtml1-transitional.dtd">
<html xmlns="http://www.w3.org/1999/xhtml" xml:lang="en" lang="en">
 <head>
  <title>
</title>
<meta http-equiv="Content-Type" content="text/html;charset=utf-8" />
  <meta name='ocr-system' content='tesseract 3.04.00' />
  <meta name='ocr-capabilities' content='ocr_page ocr_carea ocr_par ocr_line ocrx_word'/>
</head>
<body>
  <div class='ocr_page' id='page_1' title='image "./dialogisecumdumt05platuoft_0045.png"; bbox 0 0 1976 3172; ppageno 0'>
   <div class='ocr_carea' id='block_1_1' title="bbox 743 96 1788 154">
    <p class='ocr_par' dir='ltr' id='par_1_1' title="bbox 743 96 1788 154">
     <span class='ocr_line' id='line_1_1' title="bbox 743 96 1788 154; baseline 0.004 -3"><span class='ocrx_word' id='word_1_1' title='bbox 743 102 1059 151; x_wconf 72' lang='grc' dir='ltr'><strong><em>,ΝΟΜΩΝ</em></strong></span> <span class='ocrx_word' id='word_1_2' title='bbox 1093 96 1153 148; x_wconf 80' lang='grc' dir='ltr'><strong><em>α’.</em></strong></span> <span class='ocrx_word' id='word_1_3' title='bbox 1683 101 1755 154; x_wconf 83' lang='lat'><strong><em>-13</em></strong></span> <span class='ocrx_word' id='word_1_4' title='bbox 1784 103 1788 109; x_wconf 56' lang='lat'><strong><em>‘</em></strong></span> 
     </span>
    </p>
   </div>
   <div class='ocr_carea' id='block_1_2' title="bbox 60 232 1818 964">
    <p class='ocr_par' dir='ltr' id='par_1_2' title="bbox 61 232 1757 553">
     <span class='ocr_line' id='line_1_2' title="bbox 64 232 1757 310; baseline -0.002 -13"><span class='ocrx_word' id='word_1_5' title='bbox 64 245 124 298; x_wconf 82' lang='grc' dir='ltr'><strong><em>δὲ</em></strong></span> <span class='ocrx_word' id='word_1_6' title='bbox 143 238 251 296; x_wconf 82' lang='grc' dir='ltr'><strong><em>κάν</em></strong></span> <span class='ocrx_word' id='word_1_7' title='bbox 270 249 388 305; x_wconf 86' lang='grc' dir='ltr'><strong><em>ταῖς</em></strong></span> <span class='ocrx_word' id='word_1_8' title='bbox 414 237 841 310; x_wconf 68' lang='grc' dir='ltr'><strong><em>γυμνοπαιδίαις</em></strong></span> <span class='ocrx_word' id='word_1_9' title='bbox 871 234 1047 289; x_wconf 78' lang='grc' dir='ltr'><strong><em>δειναὶ</em></strong></span> <span class='ocrx_word' id='word_1_10' title='bbox 1074 232 1432 305; x_wconf 79' lang='grc' dir='ltr'><strong><em>καρτερήσεις</em></strong></span> <span class='ocrx_word' id='word_1_11' title='bbox 1454 232 1590 308; x_wconf 87' lang='grc' dir='ltr'><strong><em>παρ’</em></strong></span> <span class='ocrx_word' id='word_1_12' title='bbox 1622 234 1757 309; x_wconf 81' lang='grc' dir='ltr'><strong><em>ἡμῖν</em></strong></span> 
     </span>
     <span class='ocr_line' id='line_1_3' title="bbox 61 313 1756 394; baseline -0.004 -15"><span class='ocrx_word' id='word_1_13' title='bbox 61 328 349 394; x_wconf 86' lang='grc' dir='ltr'><strong><em>γίγνονται</em></strong></span> <span class='ocrx_word' id='word_1_14' title='bbox 371 325 441 394; x_wconf 80' lang='grc' dir='ltr'><strong><em>τῇ</em></strong></span> <span class='ocrx_word' id='word_1_15' title='bbox 458 323 564 375; x_wconf 76' lang='grc' dir='ltr'><strong><em>τοῦ</em></strong></span> <span class='ocrx_word' id='word_1_16' title='bbox 580 322 813 387; x_wconf 79' lang='grc' dir='ltr'><strong><em>πνίγους</em></strong></span> <span class='ocrx_word' id='word_1_17' title='bbox 832 313 992 388; x_wconf 79' lang='grc' dir='ltr'><strong><em>ῤ’ῶμῃ</em></strong></span> <span class='ocrx_word' id='word_1_18' title='bbox 1011 317 1449 386; x_wconf 81' lang='grc' dir='ltr'><strong><em>διαμαχομένων,</em></strong></span> <span class='ocrx_word' id='word_1_19' title='bbox 1479 319 1573 373; x_wconf 86' lang='grc' dir='ltr'><strong><em>καὶ</em></strong></span> <span class='ocrx_word' id='word_1_20' title='bbox 1603 316 1756 389; x_wconf 77' lang='grc' dir='ltr'><strong><em>πάμ-</em></strong></span> 
     </span>
     <span class='ocr_line' id='line_1_4' title="bbox 63 394 1756 474; baseline -0.003 -13"><span class='ocrx_word' id='word_1_21' title='bbox 63 412 241 461; x_wconf 82' lang='grc' dir='ltr'><strong><em>πολλα</em></strong></span> <span class='ocrx_word' id='word_1_22' title='bbox 269 405 429 474; x_wconf 79' lang='grc' dir='ltr'><strong><em>ἕτερα</em></strong></span> <span class='ocrx_word' id='word_1_23' title='bbox 455 400 654 473; x_wconf 73' lang='grc' dir='ltr'><strong><em>σχεδὸν</em></strong></span> <span class='ocrx_word' id='word_1_24' title='bbox 686 395 794 454; x_wconf 82' lang='grc' dir='ltr'><strong><em>ὅσα</em></strong></span> <span class='ocrx_word' id='word_1_25' title='bbox 829 394 936 453; x_wconf 70' lang='grc' dir='ltr'><strong><em>οὐκ</em></strong></span> <span class='ocrx_word' id='word_1_26' title='bbox 962 394 1048 453; x_wconf 74' lang='grc' dir='ltr'><strong><em>ἄν</em></strong></span> <span class='ocrx_word' id='word_1_27' title='bbox 1071 396 1352 453; x_wconf 85' lang='grc' dir='ltr'><strong><em>παύσαιτό</em></strong></span> <span class='ocrx_word' id='word_1_28' title='bbox 1379 418 1461 462; x_wconf 89' lang='grc' dir='ltr'><strong><em>τις</em></strong></span> <span class='ocrx_word' id='word_1_29' title='bbox 1497 398 1756 456; x_wconf 80' lang='grc' dir='ltr'><strong><em>ἑκάστοτε</em></strong></span> 
     </span>
     <span class='ocr_line' id='line_1_5' title="bbox 64 485 293 553; baseline 0 -10"><span class='ocrx_word' id='word_1_30' title='bbox 64 485 293 553; x_wconf 71' lang='grc' dir='ltr'><strong><em>διεξιών.</em></strong></span> 
     </span>
    </p>

    <p class='ocr_par' dir='ltr' id='par_1_3' title="bbox 60 532 1818 964">
     <span class='ocr_line' id='line_1_6' title="bbox 202 532 1756 635; baseline -0.005 -12"><span class='ocrx_word' id='word_1_31' title='bbox 202 573 321 623; x_wconf 84' lang='grc' dir='ltr'><strong><em>ΛΘ.</em></strong></span> <span class='ocrx_word' id='word_1_32' title='bbox 359 557 451 622; x_wconf 78' lang='grc' dir='ltr'><strong><em>Εὖ</em></strong></span> <span class='ocrx_word' id='word_1_33' title='bbox 483 532 567 635; x_wconf 85' lang='grc' dir='ltr'><strong><em>γε,</em></strong></span> <span class='ocrx_word' id='word_1_34' title='bbox 598 584 639 618; x_wconf 90' lang='grc' dir='ltr'><strong><em>ω</em></strong></span> <span class='ocrx_word' id='word_1_35' title='bbox 674 559 1079 632; x_wconf 81' lang='grc' dir='ltr'><strong><em>Λακεδαιμόνιε</em></strong></span> <span class='ocrx_word' id='word_1_36' title='bbox 1107 561 1245 631; x_wconf 82' lang='grc' dir='ltr'><strong><em>ξένε,</em></strong></span> <span class='ocrx_word' id='word_1_37' title='bbox 1282 562 1472 631; x_wconf 88' lang='grc' dir='ltr'><strong><em>λέγεις</em></strong></span> <span class='ocrx_word' id='word_1_38' title='bbox 1510 558 1615 632; x_wconf 82' lang='grc' dir='ltr'><strong><em>τὴν</em></strong></span> <span class='ocrx_word' id='word_1_39' title='bbox 1652 559 1756 617; x_wconf 81' lang='grc' dir='ltr'><strong><em>ἀν-</em></strong></span> 
     </span>
     <span class='ocr_line' id='line_1_7' title="bbox 64 640 1757 719; baseline -0.005 -13"><span class='ocrx_word' id='word_1_40' title='bbox 64 654 254 719; x_wconf 88' lang='grc' dir='ltr'><strong><em>δρείαυ</em></strong></span> <span class='ocrx_word' id='word_1_41' title='bbox 283 650 362 718; x_wconf 87' lang='grc' dir='ltr'><strong><em>δέ,</em></strong></span> <span class='ocrx_word' id='word_1_42' title='bbox 393 649 547 717; x_wconf 86' lang='grc' dir='ltr'><strong><em>φέρε,</em></strong></span> <span class='ocrx_word' id='word_1_43' title='bbox 575 649 633 701; x_wconf 91' lang='grc' dir='ltr'><strong><em>τί</em></strong></span> <span class='ocrx_word' id='word_1_44' title='bbox 656 650 881 717; x_wconf 72' lang='grc' dir='ltr'><strong><em>θῶμενς</em></strong></span> <span class='ocrx_word' id='word_1_45' title='bbox 916 643 1158 716; x_wconf 89' lang='grc' dir='ltr'><strong><em>πότερον</em></strong></span> <span class='ocrx_word' id='word_1_46' title='bbox 1184 641 1373 708; x_wconf 83' lang='grc' dir='ltr'><strong><em>ἁπλῶς</em></strong></span> <span class='ocrx_word' id='word_1_47' title='bbox 1410 640 1588 715; x_wconf 82' lang='grc' dir='ltr'><strong><em>ούτως</em></strong></span> <span class='ocrx_word' id='word_1_48' title='bbox 1617 641 1757 699; x_wconf 82' lang='grc' dir='ltr'><strong><em>εἶναι</em></strong></span> 
     </span>
     <span class='ocr_line' id='line_1_8' title="bbox 61 715 1818 801; baseline -0.005 -14"><span class='ocrx_word' id='word_1_49' title='bbox 61 728 204 800; x_wconf 74' lang='grc' dir='ltr'><strong><em>πρὸς</em></strong></span> <span class='ocrx_word' id='word_1_50' title='bbox 222 728 439 801; x_wconf 86' lang='grc' dir='ltr'><strong><em>φόβους</em></strong></span> <span class='ocrx_word' id='word_1_51' title='bbox 455 728 548 784; x_wconf 84' lang='grc' dir='ltr'><strong><em>καὶ</em></strong></span> <span class='ocrx_word' id='word_1_52' title='bbox 566 727 747 793; x_wconf 82' lang='grc' dir='ltr'><strong><em>λύπας</em></strong></span> <span class='ocrx_word' id='word_1_53' title='bbox 776 725 1048 798; x_wconf 80' lang='grc' dir='ltr'><strong><em>διαμάχην</em></strong></span> <span class='ocrx_word' id='word_1_54' title='bbox 1070 725 1267 797; x_wconf 90' lang='grc' dir='ltr'><strong><em>μόνον,</em></strong></span> <span class='ocrx_word' id='word_1_55' title='bbox 1295 721 1332 796; x_wconf 78' lang='grc' dir='ltr'><em>ἢ</em></span> <span class='ocrx_word' id='word_1_56' title='bbox 1360 715 1453 780; x_wconf 83' lang='grc' dir='ltr'><strong><em>καὶ</em></strong></span> <span class='ocrx_word' id='word_1_57' title='bbox 1486 722 1626 794; x_wconf 85' lang='grc' dir='ltr'><strong><em>πρὸς</em></strong></span> <span class='ocrx_word' id='word_1_58' title='bbox 1651 724 1759 780; x_wconf 89' lang='grc' dir='ltr'><strong><em>πό-</em></strong></span> <span class='ocrx_word' id='word_1_59' title='bbox 1780 750 1818 791; x_wconf 88' lang='lat' dir='ltr'>D</span> 
     </span>
     <span class='ocr_line' id='line_1_9' title="bbox 60 806 1752 883; baseline -0.004 -14"><span class='ocrx_word' id='word_1_60' title='bbox 60 821 206 878; x_wconf 81' lang='grc' dir='ltr'><strong><em>θους</em></strong></span> <span class='ocrx_word' id='word_1_61' title='bbox 219 833 281 869; x_wconf 88' lang='grc' dir='ltr'><strong><em>τε</em></strong></span> <span class='ocrx_word' id='word_1_62' title='bbox 298 812 391 867; x_wconf 81' lang='grc' dir='ltr'><strong><em>καὶ</em></strong></span> <span class='ocrx_word' id='word_1_63' title='bbox 408 807 617 883; x_wconf 78' lang='grc' dir='ltr'><strong><em>ἡδονὰς</em></strong></span> <span class='ocrx_word' id='word_1_64' title='bbox 644 815 743 865; x_wconf 87' lang='grc' dir='ltr'><strong><em>καί</em></strong></span> <span class='ocrx_word' id='word_1_65' title='bbox 764 830 921 874; x_wconf 90' lang='grc' dir='ltr'><strong><em>τινας</em></strong></span> <span class='ocrx_word' id='word_1_66' title='bbox 948 806 1132 874; x_wconf 77' lang='grc' dir='ltr'><strong><em>δεινὰς</em></strong></span> <span class='ocrx_word' id='word_1_67' title='bbox 1160 812 1409 872; x_wconf 79' lang='grc' dir='ltr'><strong><em>θωπείας</em></strong></span> <span class='ocrx_word' id='word_1_68' title='bbox 1437 807 1752 878; x_wconf 80' lang='grc' dir='ltr'><strong><em>κολακικάς,</em></strong></span> 
     </span>
     <span class='ocr_line' id='line_1_10' title="bbox 62 888 1756 964; baseline -0.004 -14"><span class='ocrx_word' id='word_1_69' title='bbox 62 900 125 950; x_wconf 85' lang='grc' dir='ltr'><strong><em>αἳ</em></strong></span> <span class='ocrx_word' id='word_1_70' title='bbox 136 894 229 951; x_wconf 81' lang='grc' dir='ltr'><strong><em>καὶ</em></strong></span> <span class='ocrx_word' id='word_1_71' title='bbox 245 899 360 950; x_wconf 87' lang='grc' dir='ltr'><strong><em>τῶν</em></strong></span> <span class='ocrx_word' id='word_1_72' title='bbox 379 898 601 964; x_wconf 86' lang='grc' dir='ltr'><strong><em>σεμνῶν</em></strong></span> <span class='ocrx_word' id='word_1_73' title='bbox 620 893 893 962; x_wconf 82' lang='grc' dir='ltr'><strong><em>οἰομένων</em></strong></span> <span class='ocrx_word' id='word_1_74' title='bbox 920 888 1062 947; x_wconf 88' lang='grc' dir='ltr'><strong><em>εἶναι</em></strong></span> <span class='ocrx_word' id='word_1_75' title='bbox 1079 890 1213 956; x_wconf 80' lang='grc' dir='ltr'><strong><em>τούς</em></strong></span> <span class='ocrx_word' id='word_1_76' title='bbox 1240 888 1464 960; x_wconf 81' lang='grc' dir='ltr'><strong><em>θυμοὺς</em></strong></span> <span class='ocrx_word' id='word_1_77' title='bbox 1491 894 1756 961; x_wconf 78' lang='grc' dir='ltr'><strong><em>κηρίνους</em></strong></span> 
     </span>
    </p>
   </div>
   <div class='ocr_carea' id='block_1_3' title="bbox 0 982 352 1052">
    <p class='ocr_par' dir='ltr' id='par_1_4' title="bbox 0 982 352 1052">
     <span class='ocr_line' id='line_1_11' title="bbox 0 982 352 1052; baseline -0.006 -19"><span class='ocrx_word' id='word_1_78' title='bbox 0 982 5 1052; x_wconf 36' lang='grc' dir='ltr'>ζ</span> <span class='ocrx_word' id='word_1_79' title='bbox 62 982 352 1043; x_wconf 71' lang='grc' dir='ltr'><strong><em>ποιοῦσινς</em></strong></span> 
     </span>
    </p>
   </div>
   <div class='ocr_carea' id='block_1_4' title="bbox 0 2234 3 3172">
    <p class='ocr_par' dir='ltr' id='par_1_5' title="bbox 0 2234 3 3172">
     <span class='ocr_line' id='line_1_12' title="bbox 0 2234 3 3172; baseline 0 0"><span class='ocrx_word' id='word_1_80' title='bbox 0 2234 3 3172; x_wconf 95' lang='lat' dir='ltr'><strong><em> </em></strong></span> 
     </span>
    </p>
   </div>
   <div class='ocr_carea' id='block_1_5' title="bbox 61 1053 1873 2604">
    <p class='ocr_par' dir='ltr' id='par_1_6' title="bbox 204 1053 1529 1128">
     <span class='ocr_line' id='line_1_13' title="bbox 204 1053 1529 1128; baseline -0.003 -14"><span class='ocrx_word' id='word_1_81' title='bbox 204 1063 335 1114; x_wconf 85' lang='grc' dir='ltr'><strong><em>ΜΕ.</em></strong></span> <span class='ocrx_word' id='word_1_82' title='bbox 375 1055 542 1128; x_wconf 81' lang='grc' dir='ltr'><strong><em>Οἶμαι</em></strong></span> <span class='ocrx_word' id='word_1_83' title='bbox 559 1057 663 1127; x_wconf 77' lang='grc' dir='ltr'><strong><em>μὲν</em></strong></span> <span class='ocrx_word' id='word_1_84' title='bbox 681 1054 848 1125; x_wconf 78' lang='grc' dir='ltr'><strong><em>οὕτω,</em></strong></span> <span class='ocrx_word' id='word_1_85' title='bbox 867 1053 1009 1126; x_wconf 85' lang='grc' dir='ltr'><strong><em>πρὸς</em></strong></span> <span class='ocrx_word' id='word_1_86' title='bbox 1025 1059 1199 1110; x_wconf 86' lang='grc' dir='ltr'><strong><em>ταῦτα</em></strong></span> <span class='ocrx_word' id='word_1_87' title='bbox 1223 1054 1529 1125; x_wconf 83' lang='grc' dir='ltr'><strong><em>ξύμπαντα.</em></strong></span> 
     </span>
    </p>

    <p class='ocr_par' dir='ltr' id='par_1_7' title="bbox 62 1135 1753 1293">
     <span class='ocr_line' id='line_1_14' title="bbox 205 1135 1753 1209; baseline -0.003 -14"><span class='ocrx_word' id='word_1_88' title='bbox 205 1145 324 1196; x_wconf 80' lang='grc' dir='ltr'><strong><em>ΛΘ.</em></strong></span> <span class='ocrx_word' id='word_1_89' title='bbox 367 1142 441 1195; x_wconf 77' lang='lat' dir='ltr'><strong><em>Ec</em></strong></span> <span class='ocrx_word' id='word_1_90' title='bbox 472 1145 614 1208; x_wconf 87' lang='grc' dir='ltr'><strong><em>γοῦν</em></strong></span> <span class='ocrx_word' id='word_1_91' title='bbox 645 1136 973 1209; x_wconf 84' lang='grc' dir='ltr'><strong><em>μεμνήμεθα</em></strong></span> <span class='ocrx_word' id='word_1_92' title='bbox 1009 1135 1141 1201; x_wconf 83' lang='grc' dir='ltr'><strong><em>τοὺς</em></strong></span> <span class='ocrx_word' id='word_1_93' title='bbox 1176 1141 1499 1209; x_wconf 80' lang='grc' dir='ltr'><strong><em>ἔμπροσθεν</em></strong></span> <span class='ocrx_word' id='word_1_94' title='bbox 1532 1136 1753 1207; x_wconf 90' lang='grc' dir='ltr'><strong><em>λόγους,</em></strong></span> 
     </span>
     <span class='ocr_line' id='line_1_15' title="bbox 62 1215 1752 1293; baseline -0.003 -17"><span class='ocrx_word' id='word_1_95' title='bbox 62 1219 210 1293; x_wconf 82' lang='grc' dir='ltr'><strong><em>ἥττω</em></strong></span> <span class='ocrx_word' id='word_1_96' title='bbox 229 1218 352 1275; x_wconf 80' lang='grc' dir='ltr'><strong><em>τινὰ</em></strong></span> <span class='ocrx_word' id='word_1_97' title='bbox 371 1218 469 1276; x_wconf 79' lang='grc' dir='ltr'><strong><em>ὅδε</em></strong></span> <span class='ocrx_word' id='word_1_98' title='bbox 496 1220 588 1274; x_wconf 80' lang='grc' dir='ltr'><strong><em>καὶ</em></strong></span> <span class='ocrx_word' id='word_1_99' title='bbox 616 1218 783 1273; x_wconf 87' lang='grc' dir='ltr'><strong><em>πόλιν</em></strong></span> <span class='ocrx_word' id='word_1_100' title='bbox 806 1221 995 1287; x_wconf 80' lang='grc' dir='ltr'><strong><em>ἔλεγεν</em></strong></span> <span class='ocrx_word' id='word_1_101' title='bbox 1022 1215 1202 1288; x_wconf 84' lang='grc' dir='ltr'><strong><em>αὐτὴν</em></strong></span> <span class='ocrx_word' id='word_1_102' title='bbox 1224 1215 1395 1288; x_wconf 80' lang='grc' dir='ltr'><strong><em>αὐτῆς</em></strong></span> <span class='ocrx_word' id='word_1_103' title='bbox 1426 1219 1519 1272; x_wconf 84' lang='grc' dir='ltr'><strong><em>καὶ</em></strong></span> <span class='ocrx_word' id='word_1_104' title='bbox 1546 1215 1752 1287; x_wconf 75' lang='grc' dir='ltr'><strong><em>ἄνδρα·</em></strong></span> 
     </span>
    </p>

    <p class='ocr_par' dir='ltr' id='par_1_8' title="bbox 61 1295 741 1450">
     <span class='ocr_line' id='line_1_16' title="bbox 61 1295 719 1372; baseline -0.006 -15"><span class='ocrx_word' id='word_1_105' title='bbox 61 1296 101 1372; x_wconf 79' lang='grc' dir='ltr'><em>ἦ</em></span> <span class='ocrx_word' id='word_1_106' title='bbox 117 1301 243 1371; x_wconf 77' lang='grc' dir='ltr'><strong><em>γάρ,</em></strong></span> <span class='ocrx_word' id='word_1_107' title='bbox 267 1295 312 1355; x_wconf 81' lang='grc' dir='ltr'><strong><em>ῶ</em></strong></span> <span class='ocrx_word' id='word_1_108' title='bbox 330 1302 450 1366; x_wconf 80' lang='grc' dir='ltr'><strong><em>ξένε</em></strong></span> <span class='ocrx_word' id='word_1_109' title='bbox 468 1298 719 1362; x_wconf 76' lang='grc' dir='ltr'><strong><em>Κυῶσιε;</em></strong></span> 
     </span>
     <span class='ocr_line' id='line_1_17' title="bbox 88 1379 741 1450; baseline -0.005 -13"><span class='ocrx_word' id='word_1_110' title='bbox 88 1433 101 1445; x_wconf 82' lang='lat'><em>,</em></span> <span class='ocrx_word' id='word_1_111' title='bbox 203 1386 324 1437; x_wconf 83' lang='lat' dir='ltr'><strong><em>KA.</em></strong></span> <span class='ocrx_word' id='word_1_112' title='bbox 362 1382 473 1436; x_wconf 86' lang='grc' dir='ltr'><strong><em>Καὶ</em></strong></span> <span class='ocrx_word' id='word_1_113' title='bbox 492 1379 645 1435; x_wconf 79' lang='grc' dir='ltr'><strong><em>πάνυ</em></strong></span> <span class='ocrx_word' id='word_1_114' title='bbox 661 1400 741 1450; x_wconf 90' lang='grc' dir='ltr'><strong><em>γε.</em></strong></span> 
     </span>
    </p>

    <p class='ocr_par' dir='ltr' id='par_1_9' title="bbox 62 1455 1828 1617">
     <span class='ocr_line' id='line_1_18' title="bbox 202 1455 1828 1532; baseline -0.001 -13"><span class='ocrx_word' id='word_1_115' title='bbox 202 1469 321 1520; x_wconf 85' lang='grc' dir='ltr'><strong><em>ΛΘ.</em></strong></span> <span class='ocrx_word' id='word_1_116' title='bbox 360 1468 493 1518; x_wconf 88' lang='grc' dir='ltr'><strong><em>Νῦν</em></strong></span> <span class='ocrx_word' id='word_1_117' title='bbox 510 1455 618 1528; x_wconf 75' lang='grc' dir='ltr'><strong><em>οὖν</em></strong></span> <span class='ocrx_word' id='word_1_118' title='bbox 635 1461 844 1530; x_wconf 86' lang='grc' dir='ltr'><strong><em>πότερα</em></strong></span> <span class='ocrx_word' id='word_1_119' title='bbox 862 1462 1097 1532; x_wconf 87' lang='grc' dir='ltr'><strong><em>λέγομεν</em></strong></span> <span class='ocrx_word' id='word_1_120' title='bbox 1119 1459 1223 1516; x_wconf 83' lang='grc' dir='ltr'><strong><em>τὸν</em></strong></span> <span class='ocrx_word' id='word_1_121' title='bbox 1246 1466 1361 1517; x_wconf 87' lang='grc' dir='ltr'><strong><em>τῶν</em></strong></span> <span class='ocrx_word' id='word_1_122' title='bbox 1388 1465 1585 1517; x_wconf 87' lang='grc' dir='ltr'><strong><em>λυπῶν</em></strong></span> <span class='ocrx_word' id='word_1_123' title='bbox 1610 1457 1756 1531; x_wconf 80' lang='grc' dir='ltr'><strong><em>ἥττω</em></strong></span> <span class='ocrx_word' id='word_1_124' title='bbox 1794 1475 1828 1517; x_wconf 84' lang='grc' dir='ltr'>Ε</span> 
     </span>
     <span class='ocr_line' id='line_1_19' title="bbox 62 1540 1165 1617; baseline -0.005 -15"><span class='ocrx_word' id='word_1_125' title='bbox 62 1543 239 1604; x_wconf 80' lang='grc' dir='ltr'><strong><em>κακὸν</em></strong></span> <span class='ocrx_word' id='word_1_126' title='bbox 256 1541 293 1617; x_wconf 81' lang='grc' dir='ltr'><strong><em>ἦ</em></strong></span> <span class='ocrx_word' id='word_1_127' title='bbox 312 1541 524 1601; x_wconf 81' lang='grc' dir='ltr'><strong><em>καὶτὸν</em></strong></span> <span class='ocrx_word' id='word_1_128' title='bbox 541 1549 658 1600; x_wconf 91' lang='grc' dir='ltr'><strong><em>τῶν</em></strong></span> <span class='ocrx_word' id='word_1_129' title='bbox 679 1540 904 1615; x_wconf 85' lang='grc' dir='ltr'><strong><em>ἡδονῶν</em></strong></span> <span class='ocrx_word' id='word_1_130' title='bbox 921 1547 1165 1614; x_wconf 82' lang='grc' dir='ltr'><strong><em>μᾶλλον;</em></strong></span> 
     </span>
    </p>

    <p class='ocr_par' dir='ltr' id='par_1_10' title="bbox 62 1620 1843 1930">
     <span class='ocr_line' id='line_1_20' title="bbox 205 1620 1754 1697; baseline -0.003 -14"><span class='ocrx_word' id='word_1_131' title='bbox 205 1631 326 1686; x_wconf 83' lang='grc' dir='ltr'><strong><em>ΚΑ.</em></strong></span> <span class='ocrx_word' id='word_1_132' title='bbox 348 1623 572 1697; x_wconf 71' lang='grc' dir='ltr'><strong><em>’Έμοιγε</em></strong></span> <span class='ocrx_word' id='word_1_133' title='bbox 591 1628 760 1694; x_wconf 80' lang='grc' dir='ltr'><strong><em>δοκεῖ,</em></strong></span> <span class='ocrx_word' id='word_1_134' title='bbox 778 1621 880 1680; x_wconf 85' lang='grc' dir='ltr'><strong><em>τὸν</em></strong></span> <span class='ocrx_word' id='word_1_135' title='bbox 895 1628 1012 1679; x_wconf 88' lang='grc' dir='ltr'><strong><em>τῶν</em></strong></span> <span class='ocrx_word' id='word_1_136' title='bbox 1029 1620 1253 1695; x_wconf 79' lang='grc' dir='ltr'><strong><em>ἡδονῶν</em></strong></span> <span class='ocrx_word' id='word_1_137' title='bbox 1266 1645 1277 1656; x_wconf 91' lang='grc'><em>·</em></span> <span class='ocrx_word' id='word_1_138' title='bbox 1298 1623 1391 1688; x_wconf 81' lang='grc' dir='ltr'><strong><em>καὶ</em></strong></span> <span class='ocrx_word' id='word_1_139' title='bbox 1414 1625 1617 1688; x_wconf 83' lang='grc' dir='ltr'><strong><em>πάντες</em></strong></span> <span class='ocrx_word' id='word_1_140' title='bbox 1643 1642 1754 1679; x_wconf 89' lang='grc' dir='ltr'><strong><em>που</em></strong></span> 
     </span>
     <span class='ocr_line' id='line_1_21' title="bbox 64 1700 1843 1781; baseline -0.003 -15"><span class='ocrx_word' id='word_1_141' title='bbox 64 1715 279 1781; x_wconf 82' lang='grc' dir='ltr'><strong><em>μᾶλλον</em></strong></span> <span class='ocrx_word' id='word_1_142' title='bbox 297 1711 531 1780; x_wconf 88' lang='grc' dir='ltr'><strong><em>λέγομεν</em></strong></span> <span class='ocrx_word' id='word_1_143' title='bbox 550 1706 651 1764; x_wconf 80' lang='grc' dir='ltr'><strong><em>τὸν</em></strong></span> <span class='ocrx_word' id='word_1_144' title='bbox 669 1704 779 1763; x_wconf 79' lang='grc' dir='ltr'><strong><em>ὑπὸ</em></strong></span> <span class='ocrx_word' id='word_1_145' title='bbox 791 1703 1139 1778; x_wconf 85' lang='grc' dir='ltr'><strong><em>τῶνὴδονῶυ</em></strong></span> <span class='ocrx_word' id='word_1_146' title='bbox 1150 1705 1534 1779; x_wconf 84' lang='grc' dir='ltr'><strong><em>κρατούμενον</em></strong></span> <span class='ocrx_word' id='word_1_147' title='bbox 1552 1712 1755 1761; x_wconf 85' lang='grc' dir='ltr'><strong><em>τοῦτον</em></strong></span> <span class='ocrx_word' id='word_1_148' title='bbox 1841 1700 1843 1702; x_wconf 46' lang='grc'>’</span> 
     </span>
     <span class='ocr_line' id='line_1_22' title="bbox 62 1786 1756 1862; baseline -0.003 -14"><span class='ocrx_word' id='word_1_149' title='bbox 62 1791 165 1848; x_wconf 90' lang='grc' dir='ltr'><strong><em>τόν</em></strong></span> <span class='ocrx_word' id='word_1_150' title='bbox 185 1793 569 1856; x_wconf 81' lang='grc' dir='ltr'><strong><em>ἐπονειδίστως</em></strong></span> <span class='ocrx_word' id='word_1_151' title='bbox 584 1787 788 1862; x_wconf 85' lang='grc' dir='ltr'><strong><em>ἥττονα</em></strong></span> <span class='ocrx_word' id='word_1_152' title='bbox 806 1789 1010 1845; x_wconf 82' lang='grc' dir='ltr'><strong><em>ἑαυτοῦ</em></strong></span> <span class='ocrx_word' id='word_1_153' title='bbox 1032 1787 1307 1861; x_wconf 84' lang='grc' dir='ltr'><strong><em>πρότερον</em></strong></span> <span class='ocrx_word' id='word_1_154' title='bbox 1322 1788 1360 1861; x_wconf 79' lang='grc' dir='ltr'><strong><em>ἢ</em></strong></span> <span class='ocrx_word' id='word_1_155' title='bbox 1376 1788 1476 1845; x_wconf 86' lang='grc' dir='ltr'><strong><em>τὸν</em></strong></span> <span class='ocrx_word' id='word_1_156' title='bbox 1505 1786 1615 1844; x_wconf 83' lang='grc' dir='ltr'><strong><em>ὑπὸ</em></strong></span> <span class='ocrx_word' id='word_1_157' title='bbox 1641 1793 1756 1844; x_wconf 88' lang='grc' dir='ltr'><strong><em>τῶν</em></strong></span> 
     </span>
     <span class='ocr_line' id='line_1_23' title="bbox 65 1878 273 1930; baseline -0.014 0"><span class='ocrx_word' id='word_1_158' title='bbox 65 1878 273 1930; x_wconf 81' lang='grc' dir='ltr'><strong><em>λυπῶν.</em></strong></span> 
     </span>
    </p>

    <p class='ocr_par' dir='ltr' id='par_1_11' title="bbox 67 1947 1873 2352">
     <span class='ocr_line' id='line_1_24' title="bbox 206 1947 1873 2026; baseline -0.001 -15"><span class='ocrx_word' id='word_1_159' title='bbox 206 1961 325 2012; x_wconf 83' lang='grc' dir='ltr'><strong><em>ΑΘ.</em></strong></span> <span class='ocrx_word' id='word_1_160' title='bbox 355 1950 416 2011; x_wconf 87' lang='grc' dir='ltr'><em>Ὁ</em></span> <span class='ocrx_word' id='word_1_161' title='bbox 449 1954 590 2022; x_wconf 77' lang='grc' dir='ltr'><strong><em>Διὸς</em></strong></span> <span class='ocrx_word' id='word_1_162' title='bbox 625 1947 731 2011; x_wconf 82' lang='grc' dir='ltr'><strong><em>οὖν</em></strong></span> <span class='ocrx_word' id='word_1_163' title='bbox 760 1954 829 2026; x_wconf 82' lang='grc' dir='ltr'><strong><em>δὴ</em></strong></span> <span class='ocrx_word' id='word_1_164' title='bbox 868 1956 962 2011; x_wconf 89' lang='grc' dir='ltr'><strong><em>καὶ</em></strong></span> <span class='ocrx_word' id='word_1_165' title='bbox 999 1952 1028 2010; x_wconf 91' lang='grc' dir='ltr'><em>ὁ</em></span> <span class='ocrx_word' id='word_1_166' title='bbox 1058 1952 1318 2019; x_wconf 81' lang='grc' dir='ltr'><strong><em>Πυθικὸς</em></strong></span> <span class='ocrx_word' id='word_1_167' title='bbox 1347 1955 1656 2025; x_wconf 83' lang='grc' dir='ltr'><strong><em>νομοθέτης</em></strong></span> <span class='ocrx_word' id='word_1_168' title='bbox 1686 1949 1756 2010; x_wconf 82' lang='grc' dir='ltr'><strong><em>ού</em></strong></span> <span class='ocrx_word' id='word_1_169' title='bbox 1786 1975 1873 2022; x_wconf 77' lang='lat'><strong><em>634</em></strong></span> 
     </span>
     <span class='ocr_line' id='line_1_25' title="bbox 69 2034 1754 2108; baseline -0.001 -15"><span class='ocrx_word' id='word_1_170' title='bbox 69 2037 140 2108; x_wconf 74' lang='grc' dir='ltr'><strong><em>δή</em></strong></span> <span class='ocrx_word' id='word_1_171' title='bbox 168 2055 280 2094; x_wconf 83' lang='grc' dir='ltr'><strong><em>που</em></strong></span> <span class='ocrx_word' id='word_1_172' title='bbox 307 2037 492 2108; x_wconf 79' lang='grc' dir='ltr'><strong><em>χωλὴν</em></strong></span> <span class='ocrx_word' id='word_1_173' title='bbox 517 2037 621 2108; x_wconf 80' lang='grc' dir='ltr'><strong><em>τὴν</em></strong></span> <span class='ocrx_word' id='word_1_174' title='bbox 645 2034 913 2106; x_wconf 83' lang='grc' dir='ltr'><strong><em>ἀνδρείαν</em></strong></span> <span class='ocrx_word' id='word_1_175' title='bbox 940 2037 1480 2108; x_wconf 82' lang='grc' dir='ltr'><strong><em>νενομοθετήκατον,</em></strong></span> <span class='ocrx_word' id='word_1_176' title='bbox 1517 2035 1660 2106; x_wconf 80' lang='grc' dir='ltr'><strong><em>πρὸς</em></strong></span> <span class='ocrx_word' id='word_1_177' title='bbox 1686 2034 1754 2092; x_wconf 78' lang='grc' dir='ltr'><strong><em>τὰ</em></strong></span> 
     </span>
     <span class='ocr_line' id='line_1_26' title="bbox 67 2114 1755 2191; baseline 0.001 -19"><span class='ocrx_word' id='word_1_178' title='bbox 67 2114 327 2191; x_wconf 73' lang='grc' dir='ltr'><strong><em>ἀριστερὰ</em></strong></span> <span class='ocrx_word' id='word_1_179' title='bbox 345 2118 527 2189; x_wconf 88' lang='grc' dir='ltr'><strong><em>μόνον</em></strong></span> <span class='ocrx_word' id='word_1_180' title='bbox 544 2120 864 2189; x_wconf 80' lang='grc' dir='ltr'><strong><em>δυναμένην</em></strong></span> <span class='ocrx_word' id='word_1_181' title='bbox 883 2116 1239 2190; x_wconf 83' lang='grc' dir='ltr'><strong><em>ἀντιβαίνειν,</em></strong></span> <span class='ocrx_word' id='word_1_182' title='bbox 1268 2116 1409 2189; x_wconf 82' lang='grc' dir='ltr'><strong><em>πρὸς</em></strong></span> <span class='ocrx_word' id='word_1_183' title='bbox 1439 2119 1499 2174; x_wconf 76' lang='grc' dir='ltr'><strong><em>δὲ</em></strong></span> <span class='ocrx_word' id='word_1_184' title='bbox 1517 2117 1583 2173; x_wconf 79' lang='grc' dir='ltr'><strong><em>τὰ</em></strong></span> <span class='ocrx_word' id='word_1_185' title='bbox 1606 2116 1755 2184; x_wconf 71' lang='grc' dir='ltr'><strong><em>δεξιοὶ</em></strong></span> 
     </span>
     <span class='ocr_line' id='line_1_27' title="bbox 67 2196 1756 2295; baseline 0 -38"><span class='ocrx_word' id='word_1_186' title='bbox 67 2201 162 2295; x_wconf 62' lang='grc' dir='ltr'><strong><em>καὶ</em></strong></span> <span class='ocrx_word' id='word_1_187' title='bbox 205 2197 395 2270; x_wconf 74' lang='grc' dir='ltr'><strong><em>κομψὰ</em></strong></span> <span class='ocrx_word' id='word_1_188' title='bbox 439 2202 533 2256; x_wconf 83' lang='grc' dir='ltr'><strong><em>καὶ</em></strong></span> <span class='ocrx_word' id='word_1_189' title='bbox 571 2199 894 2259; x_wconf 77' lang='grc' dir='ltr'><strong><em>θωπευτικὰ</em></strong></span> <span class='ocrx_word' id='word_1_190' title='bbox 929 2199 1345 2266; x_wconf 81' lang='grc' dir='ltr'><strong><em>ἆδυνατοῦσαν;</em></strong></span> <span class='ocrx_word' id='word_1_191' title='bbox 1387 2196 1426 2272; x_wconf 78' lang='grc' dir='ltr'><em>ἢ</em></span> <span class='ocrx_word' id='word_1_192' title='bbox 1473 2199 1611 2272; x_wconf 86' lang='grc' dir='ltr'><strong><em>πρὸς</em></strong></span> <span class='ocrx_word' id='word_1_193' title='bbox 1647 2198 1756 2272; x_wconf 81' lang='grc' dir='ltr'><strong><em>ἆμ-</em></strong></span> 
     </span>
     <span class='ocr_line' id='line_1_28' title="bbox 67 2301 308 2352; baseline -0.008 -1"><span class='ocrx_word' id='word_1_194' title='bbox 67 2301 308 2352; x_wconf 61' lang='lat' dir='ltr'><strong><em>voum</em></strong></span> 
     </span>
    </p>

    <p class='ocr_par' dir='ltr' id='par_1_12' title="bbox 205 2359 1179 2436">
     <span class='ocr_line' id='line_1_29' title="bbox 205 2359 1179 2436; baseline 0.003 -17"><span class='ocrx_word' id='word_1_195' title='bbox 205 2367 326 2419; x_wconf 84' lang='grc' dir='ltr'><strong><em>ΚΑ.</em></strong></span> <span class='ocrx_word' id='word_1_196' title='bbox 364 2361 518 2434; x_wconf 86' lang='grc' dir='ltr'><strong><em>Πρὸς</em></strong></span> <span class='ocrx_word' id='word_1_197' title='bbox 537 2359 823 2435; x_wconf 76' lang='grc' dir='ltr'><strong><em>ἀμφότερα</em></strong></span> <span class='ocrx_word' id='word_1_198' title='bbox 840 2366 1011 2436; x_wconf 79' lang='grc' dir='ltr'><strong><em>ἔγωγε</em></strong></span> <span class='ocrx_word' id='word_1_199' title='bbox 1028 2362 1179 2432; x_wconf 80' lang='grc' dir='ltr'><strong><em>ἀξιῶ.</em></strong></span> 
     </span>
    </p>

    <p class='ocr_par' dir='ltr' id='par_1_13' title="bbox 70 2446 1755 2604">
     <span class='ocr_line' id='line_1_30' title="bbox 206 2446 1750 2521; baseline 0.003 -20"><span class='ocrx_word' id='word_1_200' title='bbox 206 2450 326 2502; x_wconf 77' lang='grc' dir='ltr'><strong><em>ΑΘ.</em></strong></span> <span class='ocrx_word' id='word_1_201' title='bbox 362 2447 628 2517; x_wconf 80' lang='grc' dir='ltr'><strong><em>Λέγωμεν</em></strong></span> <span class='ocrx_word' id='word_1_202' title='bbox 647 2451 844 2503; x_wconf 89' lang='grc' dir='ltr'><strong><em>τοίνυν</em></strong></span> <span class='ocrx_word' id='word_1_203' title='bbox 860 2447 1046 2519; x_wconf 78' lang='grc' dir='ltr'><strong><em>πάλιν,</em></strong></span> <span class='ocrx_word' id='word_1_204' title='bbox 1066 2448 1468 2521; x_wconf 77' lang='grc' dir='ltr'><strong><em>ἐπιτηδεύματα</em></strong></span> <span class='ocrx_word' id='word_1_205' title='bbox 1488 2458 1618 2505; x_wconf 78' lang='grc' dir='ltr'><strong><em>ποτα</em></strong></span> <span class='ocrx_word' id='word_1_206' title='bbox 1635 2446 1750 2505; x_wconf 69' lang='grc' dir='ltr'><strong><em>ε”σθ</em></strong></span> 
     </span>
     <span class='ocr_line' id='line_1_31' title="bbox 70 2519 1755 2604; baseline 0.004 -24"><span class='ocrx_word' id='word_1_207' title='bbox 70 2519 204 2595; x_wconf 76' lang='grc' dir='ltr'><strong><em>ὑμῖν</em></strong></span> <span class='ocrx_word' id='word_1_208' title='bbox 217 2522 552 2599; x_wconf 74' lang='grc' dir='ltr'><strong><em>ἀμφοτέραις</em></strong></span> <span class='ocrx_word' id='word_1_209' title='bbox 571 2539 686 2594; x_wconf 82' lang='grc' dir='ltr'><strong><em>ταῖς</em></strong></span> <span class='ocrx_word' id='word_1_210' title='bbox 703 2526 992 2602; x_wconf 84' lang='grc' dir='ltr'><strong><em>πόλεσιν,</em></strong></span> <span class='ocrx_word' id='word_1_211' title='bbox 968 2553 1003 2586; x_wconf 86' lang='grc' dir='ltr'><strong><em>α</em></strong></span> <span class='ocrx_word' id='word_1_212' title='bbox 1023 2530 1262 2601; x_wconf 78' lang='grc' dir='ltr'><strong><em>γεύοντα</em></strong></span> <span class='ocrx_word' id='word_1_213' title='bbox 1281 2536 1418 2587; x_wconf 90' lang='grc' dir='ltr'><strong><em>τῶν</em></strong></span> <span class='ocrx_word' id='word_1_214' title='bbox 1421 2529 1645 2604; x_wconf 84' lang='grc' dir='ltr'><strong><em>ἡδονῶν</em></strong></span> <span class='ocrx_word' id='word_1_215' title='bbox 1663 2534 1755 2587; x_wconf 86' lang='grc' dir='ltr'><strong><em>καὶ</em></strong></span> 
     </span>
    </p>
   </div>
   <div class='ocr_carea' id='block_1_6' title="bbox 0 2602 1750 2685">
    <p class='ocr_par' dir='ltr' id='par_1_14' title="bbox 0 2602 1750 2685">
     <span class='ocr_line' id='line_1_32' title="bbox 0 2602 1750 2685; baseline 0.003 -22"><span class='ocrx_word' id='word_1_216' title='bbox 0 2631 2 2660; x_wconf 71' lang='grc' dir='ltr'>ι</span> <span class='ocrx_word' id='word_1_217' title='bbox 71 2602 143 2663; x_wconf 82' lang='grc' dir='ltr'><strong><em>οὕ</em></strong></span> <span class='ocrx_word' id='word_1_218' title='bbox 160 2605 437 2678; x_wconf 76' lang='grc' dir='ltr'><strong><em>φεύγοντα</em></strong></span> <span class='ocrx_word' id='word_1_219' title='bbox 455 2607 645 2683; x_wconf 79' lang='grc' dir='ltr'><strong><em>αὐτάς,</em></strong></span> <span class='ocrx_word' id='word_1_220' title='bbox 657 2611 919 2684; x_wconf 78' lang='grc' dir='ltr'><strong><em>καθαπερ</em></strong></span> <span class='ocrx_word' id='word_1_221' title='bbox 935 2634 1035 2679; x_wconf 86' lang='grc' dir='ltr'><strong><em>τας</em></strong></span> <span class='ocrx_word' id='word_1_222' title='bbox 1044 2612 1222 2679; x_wconf 89' lang='grc' dir='ltr'><strong><em>λυπας</em></strong></span> <span class='ocrx_word' id='word_1_223' title='bbox 1235 2611 1341 2670; x_wconf 83' lang='grc' dir='ltr'><strong><em>οὐκ</em></strong></span> <span class='ocrx_word' id='word_1_224' title='bbox 1359 2617 1615 2685; x_wconf 84' lang='grc' dir='ltr'><strong><em>ἔφευγεν,</em></strong></span> <span class='ocrx_word' id='word_1_225' title='bbox 1637 2610 1750 2668; x_wconf 86' lang='grc' dir='ltr'><strong><em>ἀλλ’</em></strong></span> 
     </span>
    </p>
   </div>
   <div class='ocr_carea' id='block_1_7' title="bbox 70 2684 1812 2851">
    <p class='ocr_par' dir='ltr' id='par_1_15' title="bbox 70 2684 1812 2851">
     <span class='ocr_line' id='line_1_33' title="bbox 70 2684 1753 2768; baseline -0.004 -12"><span class='ocrx_word' id='word_1_226' title='bbox 70 2684 281 2757; x_wconf 59' lang='grc' dir='ltr'><strong><em>ἔνθπα</em></strong></span> <span class='ocrx_word' id='word_1_227' title='bbox 298 2693 373 2755; x_wconf 64' lang='grc' dir='ltr'><strong><em>δῐῢ</em></strong></span> <span class='ocrx_word' id='word_1_228' title='bbox 389 2693 558 2763; x_wconf 76' lang='grc' dir='ltr'><strong><em>μέσας</em></strong></span> <span class='ocrx_word' id='word_1_229' title='bbox 573 2691 847 2767; x_wconf 77' lang='grc' dir='ltr'><strong><em>ἠνάγκαζε</em></strong></span> <span class='ocrx_word' id='word_1_230' title='bbox 866 2696 956 2752; x_wconf 83' lang='grc' dir='ltr'><strong><em>καὶ</em></strong></span> <span class='ocrx_word' id='word_1_231' title='bbox 977 2701 1165 2752; x_wconf 76' lang='grc' dir='ltr'><strong><em>ἒπευθε</em></strong></span> <span class='ocrx_word' id='word_1_232' title='bbox 1185 2706 1362 2768; x_wconf 79' lang='grc' dir='ltr'><strong><em>τιμαῖς</em></strong></span> <span class='ocrx_word' id='word_1_233' title='bbox 1383 2693 1521 2752; x_wconf 86' lang='grc' dir='ltr'><strong><em>ω’στε</em></strong></span> <span class='ocrx_word' id='word_1_234' title='bbox 1532 2704 1753 2767; x_wconf 82' lang='grc' dir='ltr'><strong><em>κρατεῖν</em></strong></span> 
     </span>
     <span class='ocr_line' id='line_1_34' title="bbox 70 2766 1812 2851; baseline 0.006 -28"><span class='ocrx_word' id='word_1_235' title='bbox 70 2766 286 2838; x_wconf 81' lang='grc' dir='ltr'><strong><em>αὐτῶν;</em></strong></span> <span class='ocrx_word' id='word_1_236' title='bbox 322 2776 434 2828; x_wconf 84' lang='grc' dir='ltr'><strong><em>ποῦ</em></strong></span> <span class='ocrx_word' id='word_1_237' title='bbox 462 2773 529 2847; x_wconf 83' lang='grc' dir='ltr'><strong><em>δὴ</em></strong></span> <span class='ocrx_word' id='word_1_238' title='bbox 559 2769 723 2833; x_wconf 66' lang='grc' dir='ltr'><strong><em>τοῦτ’</em></strong></span> <span class='ocrx_word' id='word_1_239' title='bbox 750 2781 863 2835; x_wconf 78' lang='grc' dir='ltr'><strong><em>ἔστι</em></strong></span> <span class='ocrx_word' id='word_1_240' title='bbox 889 2775 1095 2836; x_wconf 77' lang='grc' dir='ltr'><strong><em>ταύτὸν</em></strong></span> <span class='ocrx_word' id='word_1_241' title='bbox 1116 2781 1241 2851; x_wconf 85' lang='grc' dir='ltr'><strong><em>περὶ</em></strong></span> <span class='ocrx_word' id='word_1_242' title='bbox 1268 2777 1367 2844; x_wconf 74' lang='grc' dir='ltr'><strong><em>τὰς</em></strong></span> <span class='ocrx_word' id='word_1_243' title='bbox 1383 2775 1591 2851; x_wconf 84' lang='grc' dir='ltr'><strong><em>ἡδονας</em></strong></span> <span class='ocrx_word' id='word_1_244' title='bbox 1610 2794 1747 2832; x_wconf 90' lang='grc' dir='ltr'><strong><em>συν-</em></strong></span> <span class='ocrx_word' id='word_1_245' title='bbox 1780 2793 1812 2834; x_wconf 92' lang='grc' dir='ltr'><strong>Β</strong></span> 
     </span>
    </p>
   </div>
  </div>
 </body>
</html>
