<?xml version="1.0" encoding="UTF-8"?>
<!DOCTYPE html PUBLIC "-//W3C//DTD XHTML 1.0 Transitional//EN"
    "http://www.w3.org/TR/xhtml1/DTD/xhtml1-transitional.dtd">
<html xmlns="http://www.w3.org/1999/xhtml" xml:lang="en" lang="en">
 <head>
  <title>
</title>
<meta http-equiv="Content-Type" content="text/html;charset=utf-8" />
  <meta name='ocr-system' content='tesseract 3.04.00' />
  <meta name='ocr-capabilities' content='ocr_page ocr_carea ocr_par ocr_line ocrx_word'/>
</head>
<body>
  <div class='ocr_page' id='page_1' title='image "./dialogisecumdumt05platuoft_0331.png"; bbox 0 0 1976 3172; ppageno 0'>
   <div class='ocr_carea' id='block_1_1' title="bbox 0 0 50 1457">
    <p class='ocr_par' dir='ltr' id='par_1_1' title="bbox 0 0 50 1457">
     <span class='ocr_line' id='line_1_1' title="bbox 0 0 50 1457; baseline 0 0"><span class='ocrx_word' id='word_1_1' title='bbox 0 0 50 1457; x_wconf 95' lang='lat' dir='ltr'><strong><em> </em></strong></span> 
     </span>
    </p>
   </div>
   <div class='ocr_carea' id='block_1_2' title="bbox 734 123 1778 199">
    <p class='ocr_par' dir='ltr' id='par_1_2' title="bbox 734 123 1778 199">
     <span class='ocr_line' id='line_1_2' title="bbox 734 123 1778 199; baseline -0.002 -7"><span class='ocrx_word' id='word_1_2' title='bbox 734 140 1055 192; x_wconf 71' lang='lat' dir='ltr'><strong><em>1v0M521v</em></strong></span> <span class='ocrx_word' id='word_1_3' title='bbox 1086 133 1158 189; x_wconf 72' lang='grc' dir='ltr'><strong><em>θ’.</em></strong></span> <span class='ocrx_word' id='word_1_4' title='bbox 1527 196 1531 199; x_wconf 9' lang='grc' dir='ltr'><strong><em>Α</em></strong></span> <span class='ocrx_word' id='word_1_5' title='bbox 1671 123 1778 196; x_wconf 68' lang='grc'><strong><em>299</em></strong></span> 
     </span>
    </p>
   </div>
   <div class='ocr_carea' id='block_1_3' title="bbox 84 270 1776 512">
    <p class='ocr_par' dir='ltr' id='par_1_3' title="bbox 84 270 1776 512">
     <span class='ocr_line' id='line_1_3' title="bbox 88 270 1776 347; baseline -0.004 -13"><span class='ocrx_word' id='word_1_6' title='bbox 88 276 281 334; x_wconf 85' lang='grc' dir='ltr'><strong><em>κοινὸν</em></strong></span> <span class='ocrx_word' id='word_1_7' title='bbox 299 278 572 347; x_wconf 77' lang='grc' dir='ltr'><strong><em>ξύλλογον</em></strong></span> <span class='ocrx_word' id='word_1_8' title='bbox 595 278 809 347; x_wconf 82' lang='grc' dir='ltr'><strong><em>μηδένα</em></strong></span> <span class='ocrx_word' id='word_1_9' title='bbox 832 278 1087 345; x_wconf 79' lang='grc' dir='ltr'><strong><em>μιαίνων,</em></strong></span> <span class='ocrx_word' id='word_1_10' title='bbox 1114 272 1217 329; x_wconf 77' lang='grc' dir='ltr'><strong><em>ἐάν</em></strong></span> <span class='ocrx_word' id='word_1_11' title='bbox 1250 276 1313 330; x_wconf 86' lang='grc' dir='ltr'><strong><em>τέ</em></strong></span> <span class='ocrx_word' id='word_1_12' title='bbox 1341 294 1423 339; x_wconf 91' lang='grc' dir='ltr'><strong><em>τις</em></strong></span> <span class='ocrx_word' id='word_1_13' title='bbox 1451 270 1776 346; x_wconf 73' lang='grc' dir='ltr'><strong><em>ἀπαγορεύῃ</em></strong></span> 
     </span>
     <span class='ocr_line' id='line_1_4' title="bbox 85 352 1775 433; baseline -0.002 -19"><span class='ocrx_word' id='word_1_14' title='bbox 85 366 166 433; x_wconf 75' lang='grc' dir='ltr'><strong><em>τῷ</em></strong></span> <span class='ocrx_word' id='word_1_15' title='bbox 184 360 452 431; x_wconf 87' lang='grc' dir='ltr'><strong><em>δράσαντι</em></strong></span> <span class='ocrx_word' id='word_1_16' title='bbox 472 364 649 414; x_wconf 85' lang='grc' dir='ltr'><strong><em>ταῦτα</em></strong></span> <span class='ocrx_word' id='word_1_17' title='bbox 666 354 993 427; x_wconf 73' lang='grc' dir='ltr'><strong><em>ἀνθρώπων</em></strong></span> <span class='ocrx_word' id='word_1_18' title='bbox 1017 357 1109 410; x_wconf 83' lang='grc' dir='ltr'><strong><em>καὶ</em></strong></span> <span class='ocrx_word' id='word_1_19' title='bbox 1137 353 1237 410; x_wconf 71' lang='grc' dir='ltr'><strong><em>ἐὰν</em></strong></span> <span class='ocrx_word' id='word_1_20' title='bbox 1265 355 1366 427; x_wconf 91' lang='grc' dir='ltr'><strong><em>μή·</em></strong></span> <span class='ocrx_word' id='word_1_21' title='bbox 1405 352 1436 412; x_wconf 92' lang='lat'><strong><em>6</em></strong></span> <span class='ocrx_word' id='word_1_22' title='bbox 1463 353 1571 425; x_wconf 86' lang='grc' dir='ltr'><strong><em>γάρ</em></strong></span> <span class='ocrx_word' id='word_1_23' title='bbox 1600 355 1775 427; x_wconf 87' lang='grc' dir='ltr'><strong><em>νόμος</em></strong></span> 
     </span>
     <span class='ocr_line' id='line_1_5' title="bbox 84 432 1774 512; baseline -0.001 -17"><span class='ocrx_word' id='word_1_24' title='bbox 84 439 420 512; x_wconf 71' lang='grc' dir='ltr'><em>ἀπαγορεύει</em></span> <span class='ocrx_word' id='word_1_25' title='bbox 449 442 541 496; x_wconf 82' lang='grc' dir='ltr'><strong><em>καὶ</em></strong></span> <span class='ocrx_word' id='word_1_26' title='bbox 569 436 938 508; x_wconf 71' lang='grc' dir='ltr'><strong><em>ἀπαγορεύω</em></strong></span> <span class='ocrx_word' id='word_1_27' title='bbox 954 434 1096 506; x_wconf 75' lang='grc' dir='ltr'><strong><em>ὑπὲρ</em></strong></span> <span class='ocrx_word' id='word_1_28' title='bbox 1121 436 1305 508; x_wconf 86' lang='grc' dir='ltr'><strong><em>πάσης</em></strong></span> <span class='ocrx_word' id='word_1_29' title='bbox 1325 442 1423 507; x_wconf 86' lang='grc' dir='ltr'><strong><em>τῆς</em></strong></span> <span class='ocrx_word' id='word_1_30' title='bbox 1448 435 1661 501; x_wconf 78' lang='grc' dir='ltr'><strong><em>πόλεως</em></strong></span> <span class='ocrx_word' id='word_1_31' title='bbox 1688 432 1774 493; x_wconf 81' lang='grc' dir='ltr'><strong><em>ἀεὶ</em></strong></span> 
     </span>
    </p>
   </div>
   <div class='ocr_carea' id='block_1_4' title="bbox 38 511 1969 606">
    <p class='ocr_par' dir='ltr' id='par_1_4' title="bbox 38 511 1969 606">
     <span class='ocr_line' id='line_1_6' title="bbox 38 511 1969 606; baseline -0.005 -28"><span class='ocrx_word' id='word_1_32' title='bbox 38 522 49 539; x_wconf 89' lang='lat'>&#39;</span> <span class='ocrx_word' id='word_1_33' title='bbox 84 527 343 591; x_wconf 85' lang='grc' dir='ltr'><strong><em>φαίνεταί</em></strong></span> <span class='ocrx_word' id='word_1_34' title='bbox 370 542 429 577; x_wconf 90' lang='grc' dir='ltr'><strong><em>τε</em></strong></span> <span class='ocrx_word' id='word_1_35' title='bbox 465 521 559 579; x_wconf 76' lang='grc' dir='ltr'><strong><em>καὶ</em></strong></span> <span class='ocrx_word' id='word_1_36' title='bbox 592 529 872 591; x_wconf 81' lang='grc' dir='ltr'><strong><em>φανεῖται·</em></strong></span> <span class='ocrx_word' id='word_1_37' title='bbox 913 516 944 573; x_wconf 91' lang='lat'><strong><em>6</em></strong></span> <span class='ocrx_word' id='word_1_38' title='bbox 982 515 1043 574; x_wconf 69' lang='grc' dir='ltr'><strong><em>δὲ</em></strong></span> <span class='ocrx_word' id='word_1_39' title='bbox 1078 517 1152 588; x_wconf 84' lang='grc' dir='ltr'><strong><em>μὴ</em></strong></span> <span class='ocrx_word' id='word_1_40' title='bbox 1190 514 1419 582; x_wconf 73' lang='grc' dir='ltr'><strong><em>ἐπεξιών</em></strong></span> <span class='ocrx_word' id='word_1_41' title='bbox 1455 518 1586 571; x_wconf 83' lang='grc' dir='ltr'><strong><em>δέον</em></strong></span> <span class='ocrx_word' id='word_1_42' title='bbox 1623 511 1660 586; x_wconf 83' lang='grc' dir='ltr'><strong><em>ἦ</em></strong></span> <span class='ocrx_word' id='word_1_43' title='bbox 1694 513 1770 587; x_wconf 84' lang='grc' dir='ltr'><strong><em>μὴ</em></strong></span> <span class='ocrx_word' id='word_1_44' title='bbox 1802 529 1834 570; x_wconf 87' lang='grc' dir='ltr'>Β</span> <span class='ocrx_word' id='word_1_45' title='bbox 1866 574 1871 578; x_wconf 54' lang='grc'><strong><em>,</em></strong></span> <span class='ocrx_word' id='word_1_46' title='bbox 1967 599 1969 606; x_wconf 18' lang='lat' dir='ltr'><em>V</em></span> 
     </span>
    </p>
   </div>
   <div class='ocr_carea' id='block_1_5' title="bbox 0 593 1823 2883">
    <p class='ocr_par' dir='ltr' id='par_1_5' title="bbox 0 593 1823 2883">
     <span class='ocr_line' id='line_1_7' title="bbox 81 593 1771 675; baseline -0.005 -17"><span class='ocrx_word' id='word_1_47' title='bbox 81 603 486 675; x_wconf 81' lang='grc' dir='ltr'><strong><em>προαγορεύων</em></strong></span> <span class='ocrx_word' id='word_1_48' title='bbox 504 607 790 672; x_wconf 72' lang='grc' dir='ltr'><strong><em>εἴργεσθαι</em></strong></span> <span class='ocrx_word' id='word_1_49' title='bbox 806 605 920 655; x_wconf 90' lang='grc' dir='ltr'><strong><em>τῶν</em></strong></span> <span class='ocrx_word' id='word_1_50' title='bbox 940 598 1097 664; x_wconf 79' lang='grc' dir='ltr'><strong><em>ἐντὸς</em></strong></span> <span class='ocrx_word' id='word_1_51' title='bbox 1119 596 1496 668; x_wconf 79' lang='grc' dir='ltr'><strong><em>ἀνεψιότητος,</em></strong></span> <span class='ocrx_word' id='word_1_52' title='bbox 1510 594 1648 666; x_wconf 82' lang='grc' dir='ltr'><strong><em>πρὸς</em></strong></span> <span class='ocrx_word' id='word_1_53' title='bbox 1667 593 1771 651; x_wconf 86' lang='grc' dir='ltr'><strong><em>ἀν-</em></strong></span> 
     </span>
     <span class='ocr_line' id='line_1_8' title="bbox 81 677 1771 758; baseline -0.005 -17"><span class='ocrx_word' id='word_1_54' title='bbox 81 688 236 754; x_wconf 83' lang='grc' dir='ltr'><strong><em>δρῶν</em></strong></span> <span class='ocrx_word' id='word_1_55' title='bbox 251 706 311 740; x_wconf 89' lang='grc' dir='ltr'><strong><em>τε</em></strong></span> <span class='ocrx_word' id='word_1_56' title='bbox 330 686 422 740; x_wconf 85' lang='grc' dir='ltr'><strong><em>καὶ</em></strong></span> <span class='ocrx_word' id='word_1_57' title='bbox 437 687 727 758; x_wconf 87' lang='grc' dir='ltr'><strong><em>γυναικῶν</em></strong></span> <span class='ocrx_word' id='word_1_58' title='bbox 752 680 1054 752; x_wconf 76' lang='grc' dir='ltr'><strong><em>προσήκων</em></strong></span> <span class='ocrx_word' id='word_1_59' title='bbox 1077 684 1155 753; x_wconf 87' lang='grc' dir='ltr'><strong><em>τῶ</em></strong></span> <span class='ocrx_word' id='word_1_60' title='bbox 1184 677 1591 749; x_wconf 81' lang='grc' dir='ltr'><strong><em>τελευτήσαντι,</em></strong></span> <span class='ocrx_word' id='word_1_61' title='bbox 1613 682 1771 748; x_wconf 87' lang='grc' dir='ltr'><strong><em>πρῶ-</em></strong></span> 
     </span>
     <span class='ocr_line' id='line_1_9' title="bbox 23 760 1769 836; baseline -0.003 -17"><span class='ocrx_word' id='word_1_62' title='bbox 23 769 25 773; x_wconf 66' lang='grc'><strong>”</strong></span> <span class='ocrx_word' id='word_1_63' title='bbox 75 785 178 820; x_wconf 88' lang='grc' dir='ltr'><strong><em>τον</em></strong></span> <span class='ocrx_word' id='word_1_64' title='bbox 204 766 311 836; x_wconf 75' lang='grc' dir='ltr'><strong><em>μὲν</em></strong></span> <span class='ocrx_word' id='word_1_65' title='bbox 336 760 401 821; x_wconf 80' lang='grc' dir='ltr'><strong><em>τὸ</em></strong></span> <span class='ocrx_word' id='word_1_66' title='bbox 433 769 644 835; x_wconf 87' lang='grc' dir='ltr'><strong><em>μίασμα</em></strong></span> <span class='ocrx_word' id='word_1_67' title='bbox 669 767 747 829; x_wconf 90' lang='grc' dir='ltr'><strong><em>εἰς</em></strong></span> <span class='ocrx_word' id='word_1_68' title='bbox 764 760 942 819; x_wconf 81' lang='grc' dir='ltr'><strong><em>αὑτὸν</em></strong></span> <span class='ocrx_word' id='word_1_69' title='bbox 968 762 1060 818; x_wconf 85' lang='grc' dir='ltr'><strong><em>καὶ</em></strong></span> <span class='ocrx_word' id='word_1_70' title='bbox 1087 782 1192 832; x_wconf 87' lang='grc' dir='ltr'><strong><em>την</em></strong></span> <span class='ocrx_word' id='word_1_71' title='bbox 1219 766 1334 815; x_wconf 88' lang='grc' dir='ltr'><strong><em>τῶν</em></strong></span> <span class='ocrx_word' id='word_1_72' title='bbox 1363 765 1519 815; x_wconf 82' lang='grc' dir='ltr'><strong><em>θεῶν</em></strong></span> <span class='ocrx_word' id='word_1_73' title='bbox 1555 764 1769 830; x_wconf 78' lang='grc' dir='ltr'><strong><em>ἔχθραν</em></strong></span> 
     </span>
     <span class='ocr_line' id='line_1_10' title="bbox 77 837 1764 921; baseline -0.003 -20"><span class='ocrx_word' id='word_1_74' title='bbox 77 848 305 918; x_wconf 77' lang='grc' dir='ltr'><strong><em>δέχοιτο,</em></strong></span> <span class='ocrx_word' id='word_1_75' title='bbox 327 845 402 913; x_wconf 82' lang='grc' dir='ltr'><strong><em>ῶς</em></strong></span> <span class='ocrx_word' id='word_1_76' title='bbox 417 844 452 921; x_wconf 83' lang='grc' dir='ltr'><strong><em>ἡ</em></strong></span> <span class='ocrx_word' id='word_1_77' title='bbox 472 850 578 903; x_wconf 84' lang='grc' dir='ltr'><strong><em>τοῦ</em></strong></span> <span class='ocrx_word' id='word_1_78' title='bbox 595 845 775 918; x_wconf 88' lang='grc' dir='ltr'><strong><em>νόμου</em></strong></span> <span class='ocrx_word' id='word_1_79' title='bbox 803 842 913 916; x_wconf 84' lang='grc' dir='ltr'><strong><em>ἀρά</em></strong></span> <span class='ocrx_word' id='word_1_80' title='bbox 943 843 1047 915; x_wconf 82' lang='grc' dir='ltr'><strong><em>τὴν</em></strong></span> <span class='ocrx_word' id='word_1_81' title='bbox 1070 841 1261 915; x_wconf 81' lang='grc' dir='ltr'><strong><em>φήμην</em></strong></span> <span class='ocrx_word' id='word_1_82' title='bbox 1289 844 1670 911; x_wconf 81' lang='grc' dir='ltr'><strong><em>προτρέπεται,</em></strong></span> <span class='ocrx_word' id='word_1_83' title='bbox 1701 837 1764 897; x_wconf 82' lang='grc' dir='ltr'><strong><em>τὰ</em></strong></span> 
     </span>
     <span class='ocr_line' id='line_1_11' title="bbox 73 920 1766 998; baseline -0.003 -15"><span class='ocrx_word' id='word_1_84' title='bbox 73 927 135 984; x_wconf 74' lang='grc' dir='ltr'><strong><em>δὲ</em></strong></span> <span class='ocrx_word' id='word_1_85' title='bbox 152 926 419 998; x_wconf 90' lang='grc' dir='ltr'><strong><em>δεύτερον</em></strong></span> <span class='ocrx_word' id='word_1_86' title='bbox 435 925 704 992; x_wconf 81' lang='grc' dir='ltr'><strong><em>ὑπόδικος</em></strong></span> <span class='ocrx_word' id='word_1_87' title='bbox 719 933 796 982; x_wconf 86' lang='grc' dir='ltr'><strong><em>τῶ</em></strong></span> <span class='ocrx_word' id='word_1_88' title='bbox 815 929 1069 983; x_wconf 83' lang='grc' dir='ltr'><strong><em>ἐθέλοντι</em></strong></span> <span class='ocrx_word' id='word_1_89' title='bbox 1096 934 1357 995; x_wconf 86' lang='grc' dir='ltr'><strong><em>τιμωρεῖν</em></strong></span> <span class='ocrx_word' id='word_1_90' title='bbox 1373 920 1515 992; x_wconf 78' lang='grc' dir='ltr'><strong><em>ὑπὲρ</em></strong></span> <span class='ocrx_word' id='word_1_91' title='bbox 1543 928 1645 981; x_wconf 90' lang='grc' dir='ltr'><strong><em>τοῦ</em></strong></span> <span class='ocrx_word' id='word_1_92' title='bbox 1674 943 1766 978; x_wconf 81' lang='grc' dir='ltr'><strong><em>τε-</em></strong></span> 
     </span>
     <span class='ocr_line' id='line_1_12' title="bbox 73 1005 1765 1081; baseline -0.002 -16"><span class='ocrx_word' id='word_1_93' title='bbox 73 1009 443 1081; x_wconf 83' lang='grc' dir='ltr'><strong><em>λευτήσαντος</em></strong></span> <span class='ocrx_word' id='word_1_94' title='bbox 459 1012 757 1080; x_wconf 75' lang='grc' dir='ltr'><strong><em>γιγνέσθω.</em></strong></span> <span class='ocrx_word' id='word_1_95' title='bbox 797 1005 829 1064; x_wconf 95' lang='lat'><strong><em>6</em></strong></span> <span class='ocrx_word' id='word_1_96' title='bbox 848 1007 910 1064; x_wconf 72' lang='grc' dir='ltr'><strong><em>δὲ</em></strong></span> <span class='ocrx_word' id='word_1_97' title='bbox 925 1010 1140 1064; x_wconf 80' lang='grc' dir='ltr'><strong><em>ἐθέλων</em></strong></span> <span class='ocrx_word' id='word_1_98' title='bbox 1157 1018 1417 1078; x_wconf 79' lang='grc' dir='ltr'><strong><em>τιμωρεῖν</em></strong></span> <span class='ocrx_word' id='word_1_99' title='bbox 1445 1012 1561 1062; x_wconf 86' lang='grc' dir='ltr'><strong><em>τῶν</em></strong></span> <span class='ocrx_word' id='word_1_100' title='bbox 1588 1027 1647 1061; x_wconf 91' lang='grc' dir='ltr'><strong><em>τε</em></strong></span> <span class='ocrx_word' id='word_1_101' title='bbox 1675 1005 1765 1061; x_wconf 82' lang='grc' dir='ltr'><strong><em>ἐπὶ</em></strong></span> 
     </span>
     <span class='ocr_line' id='line_1_13' title="bbox 75 1084 1823 1163; baseline 0 -19"><span class='ocrx_word' id='word_1_102' title='bbox 75 1090 290 1157; x_wconf 78' lang='grc' dir='ltr'><strong><em>τούτοις</em></strong></span> <span class='ocrx_word' id='word_1_103' title='bbox 306 1097 562 1163; x_wconf 84' lang='grc' dir='ltr'><strong><em>λουτρῶν</em></strong></span> <span class='ocrx_word' id='word_1_104' title='bbox 573 1097 828 1163; x_wconf 80' lang='grc' dir='ltr'><strong><em>φυλακῆς</em></strong></span> <span class='ocrx_word' id='word_1_105' title='bbox 846 1091 971 1160; x_wconf 83' lang='grc' dir='ltr'><strong><em>πέρι</em></strong></span> <span class='ocrx_word' id='word_1_106' title='bbox 982 1086 1124 1146; x_wconf 79' lang='grc' dir='ltr'><strong><em>καὶ“</em></strong></span> <span class='ocrx_word' id='word_1_107' title='bbox 1091 1104 1245 1146; x_wconf 91' lang='grc' dir='ltr'><strong><em>οσων</em></strong></span> <span class='ocrx_word' id='word_1_108' title='bbox 1261 1110 1334 1144; x_wconf 88' lang='grc' dir='ltr'><strong><em>αν</em></strong></span> <span class='ocrx_word' id='word_1_109' title='bbox 1353 1088 1557 1158; x_wconf 81' lang='grc' dir='ltr'><strong><em>ἑτέρων</em></strong></span> <span class='ocrx_word' id='word_1_110' title='bbox 1575 1084 1604 1143; x_wconf 90' lang='lat'><strong>6</strong></span> <span class='ocrx_word' id='word_1_111' title='bbox 1624 1084 1764 1152; x_wconf 84' lang='grc' dir='ltr'><strong><em>θεὸς</em></strong></span> <span class='ocrx_word' id='word_1_112' title='bbox 1791 1101 1823 1144; x_wconf 87' lang='lat' dir='ltr'>c</span> 
     </span>
     <span class='ocr_line' id='line_1_14' title="bbox 10 1167 1761 1247; baseline -0.001 -21"><span class='ocrx_word' id='word_1_113' title='bbox 10 1234 13 1247; x_wconf 29' lang='lat'><strong>¹</strong></span> <span class='ocrx_word' id='word_1_114' title='bbox 70 1174 195 1241; x_wconf 79' lang='grc' dir='ltr'><strong><em>περὶ</em></strong></span> <span class='ocrx_word' id='word_1_115' title='bbox 214 1178 388 1229; x_wconf 87' lang='grc' dir='ltr'><strong><em>ταῦτα</em></strong></span> <span class='ocrx_word' id='word_1_116' title='bbox 398 1171 605 1245; x_wconf 83' lang='grc' dir='ltr'><strong><em>νόμιμα</em></strong></span> <span class='ocrx_word' id='word_1_117' title='bbox 621 1176 854 1247; x_wconf 77' lang='grc' dir='ltr'><strong><em>παραδῶ</em></strong></span> <span class='ocrx_word' id='word_1_118' title='bbox 872 1172 1053 1228; x_wconf 89' lang='grc' dir='ltr'><strong><em>πάντα</em></strong></span> <span class='ocrx_word' id='word_1_119' title='bbox 1066 1169 1353 1228; x_wconf 76' lang='grc' dir='ltr'><strong><em>ἀποτελῶν</em></strong></span> <span class='ocrx_word' id='word_1_120' title='bbox 1370 1171 1462 1226; x_wconf 89' lang='grc' dir='ltr'><strong><em>καὶ</em></strong></span> <span class='ocrx_word' id='word_1_121' title='bbox 1472 1167 1577 1241; x_wconf 83' lang='grc' dir='ltr'><strong><em>τὴν</em></strong></span> <span class='ocrx_word' id='word_1_122' title='bbox 1594 1169 1761 1240; x_wconf 84' lang='grc' dir='ltr'><strong><em>πρόρ-</em></strong></span> 
     </span>
     <span class='ocr_line' id='line_1_15' title="bbox 69 1247 1762 1324; baseline -0.001 -16"><span class='ocrx_word' id='word_1_123' title='bbox 69 1270 233 1323; x_wconf 90' lang='grc' dir='ltr'><strong><em>ρησιν</em></strong></span> <span class='ocrx_word' id='word_1_124' title='bbox 249 1252 654 1324; x_wconf 81' lang='grc' dir='ltr'><strong><em>προαγορεύων</em></strong></span> <span class='ocrx_word' id='word_1_125' title='bbox 662 1261 761 1309; x_wconf 79' lang='grc' dir='ltr'><strong><em>ῖτω</em></strong></span> <span class='ocrx_word' id='word_1_126' title='bbox 780 1250 1108 1323; x_wconf 77' lang='grc' dir='ltr'><strong><em>ἀναγκάζων</em></strong></span> <span class='ocrx_word' id='word_1_127' title='bbox 1123 1251 1225 1309; x_wconf 88' lang='grc' dir='ltr'><strong><em>τὸν</em></strong></span> <span class='ocrx_word' id='word_1_128' title='bbox 1238 1251 1520 1323; x_wconf 87' lang='grc' dir='ltr'><strong><em>δράσαντα</em></strong></span> <span class='ocrx_word' id='word_1_129' title='bbox 1538 1247 1762 1322; x_wconf 78' lang='grc' dir='ltr'><strong><em>ὑπέχειν</em></strong></span> 
     </span>
     <span class='ocr_line' id='line_1_16' title="bbox 67 1330 1761 1406; baseline 0.001 -19"><span class='ocrx_word' id='word_1_130' title='bbox 67 1333 175 1404; x_wconf 85' lang='grc' dir='ltr'><strong><em>τήν</em></strong></span> <span class='ocrx_word' id='word_1_131' title='bbox 190 1340 290 1406; x_wconf 83' lang='grc' dir='ltr'><strong><em>τῆς</em></strong></span> <span class='ocrx_word' id='word_1_132' title='bbox 313 1339 469 1406; x_wconf 85' lang='grc' dir='ltr'><strong><em>δίκης</em></strong></span> <span class='ocrx_word' id='word_1_133' title='bbox 485 1338 687 1403; x_wconf 83' lang='grc' dir='ltr'><strong><em>πρᾶξιν</em></strong></span> <span class='ocrx_word' id='word_1_134' title='bbox 703 1335 844 1390; x_wconf 80' lang='grc' dir='ltr'><strong><em>κατὰ</em></strong></span> <span class='ocrx_word' id='word_1_135' title='bbox 863 1336 1057 1405; x_wconf 86' lang='grc' dir='ltr'><strong><em>νόμον.</em></strong></span> <span class='ocrx_word' id='word_1_136' title='bbox 1077 1341 1252 1390; x_wconf 85' lang='grc' dir='ltr'><strong><em>ταῦτα</em></strong></span> <span class='ocrx_word' id='word_1_137' title='bbox 1271 1333 1331 1390; x_wconf 78' lang='grc' dir='ltr'><strong><em>δὲ</em></strong></span> <span class='ocrx_word' id='word_1_138' title='bbox 1350 1330 1555 1404; x_wconf 77' lang='grc' dir='ltr'><strong><em>ὅτιμὲν</em></strong></span> <span class='ocrx_word' id='word_1_139' title='bbox 1571 1338 1761 1403; x_wconf 86' lang='grc' dir='ltr'><strong><em>γίγνε-</em></strong></span> 
     </span>
     <span class='ocr_line' id='line_1_17' title="bbox 66 1414 1760 1486; baseline -0.001 -15"><span class='ocrx_word' id='word_1_140' title='bbox 66 1422 203 1471; x_wconf 89' lang='grc' dir='ltr'><strong><em>σθαι</em></strong></span> <span class='ocrx_word' id='word_1_141' title='bbox 234 1415 415 1486; x_wconf 78' lang='grc' dir='ltr'><strong><em>χρεῶν</em></strong></span> <span class='ocrx_word' id='word_1_142' title='bbox 450 1417 566 1471; x_wconf 80' lang='grc' dir='ltr'><strong><em>ἐστι</em></strong></span> <span class='ocrx_word' id='word_1_143' title='bbox 597 1414 688 1471; x_wconf 90' lang='grc' dir='ltr'><strong><em>διά</em></strong></span> <span class='ocrx_word' id='word_1_144' title='bbox 722 1436 894 1471; x_wconf 91' lang='grc' dir='ltr'><strong><em>τινων</em></strong></span> <span class='ocrx_word' id='word_1_145' title='bbox 930 1417 1179 1486; x_wconf 80' lang='grc' dir='ltr'><strong><em>ἐπευχῶν</em></strong></span> <span class='ocrx_word' id='word_1_146' title='bbox 1216 1416 1309 1471; x_wconf 84' lang='grc' dir='ltr'><strong><em>καὶ</em></strong></span> <span class='ocrx_word' id='word_1_147' title='bbox 1343 1420 1567 1470; x_wconf 77' lang='grc' dir='ltr'><strong><em>θυσιῶν</em></strong></span> <span class='ocrx_word' id='word_1_148' title='bbox 1604 1422 1760 1479; x_wconf 84' lang='grc' dir='ltr'><strong><em>θεοῖς</em></strong></span> 
     </span>
     <span class='ocr_line' id='line_1_18' title="bbox 0 1493 1755 1573; baseline -0.002 -19"><span class='ocrx_word' id='word_1_149' title='bbox 0 1501 6 1573; x_wconf 62' lang='grc' dir='ltr'><strong><em>’ᾖ</em></strong></span> <span class='ocrx_word' id='word_1_150' title='bbox 69 1503 226 1567; x_wconf 84' lang='grc' dir='ltr'><strong><em>τισίν,</em></strong></span> <span class='ocrx_word' id='word_1_151' title='bbox 245 1493 327 1563; x_wconf 80' lang='grc' dir='ltr'><strong><em>οἷς</em></strong></span> <span class='ocrx_word' id='word_1_152' title='bbox 343 1503 460 1554; x_wconf 83' lang='grc' dir='ltr'><strong><em>τῶν</em></strong></span> <span class='ocrx_word' id='word_1_153' title='bbox 477 1497 748 1554; x_wconf 84' lang='grc' dir='ltr'><strong><em>τοιούτων</em></strong></span> <span class='ocrx_word' id='word_1_154' title='bbox 765 1500 931 1568; x_wconf 83' lang='grc' dir='ltr'><strong><em>μέλει,</em></strong></span> <span class='ocrx_word' id='word_1_155' title='bbox 954 1497 1169 1568; x_wconf 87' lang='grc' dir='ltr'><strong><em>φόνους</em></strong></span> <span class='ocrx_word' id='word_1_156' title='bbox 1196 1497 1270 1568; x_wconf 88' lang='grc' dir='ltr'><strong><em>μὴ</em></strong></span> <span class='ocrx_word' id='word_1_157' title='bbox 1292 1502 1588 1567; x_wconf 84' lang='grc' dir='ltr'><strong><em>γίγνεσθαι</em></strong></span> <span class='ocrx_word' id='word_1_158' title='bbox 1616 1493 1755 1552; x_wconf 79' lang='grc' dir='ltr'><strong><em>κατὰ</em></strong></span> 
     </span>
     <span class='ocr_line' id='line_1_19' title="bbox 0 1575 1762 1652; baseline -0.001 -19"><span class='ocrx_word' id='word_1_159' title='bbox 0 1578 5 1650; x_wconf 64' lang='grc' dir='ltr'>ἕ</span> <span class='ocrx_word' id='word_1_160' title='bbox 67 1578 272 1647; x_wconf 83' lang='grc' dir='ltr'><strong><em>πόλεις,</em></strong></span> <span class='ocrx_word' id='word_1_161' title='bbox 291 1579 490 1652; x_wconf 74' lang='grc' dir='ltr'><strong><em>ὀᾴδιον</em></strong></span> <span class='ocrx_word' id='word_1_162' title='bbox 506 1576 923 1650; x_wconf 84' lang='grc' dir='ltr'><strong><em>ἀποφαίνεσθαι</em></strong></span> <span class='ocrx_word' id='word_1_163' title='bbox 940 1583 1246 1652; x_wconf 76' lang='grc' dir='ltr'><strong><em>νομοθέτῃ·</em></strong></span> <span class='ocrx_word' id='word_1_164' title='bbox 1279 1583 1424 1644; x_wconf 88' lang='grc' dir='ltr'><strong><em>τίνες</em></strong></span> <span class='ocrx_word' id='word_1_165' title='bbox 1454 1575 1509 1634; x_wconf 85' lang='grc' dir='ltr'><strong><em>δ’</em></strong></span> <span class='ocrx_word' id='word_1_166' title='bbox 1544 1578 1684 1634; x_wconf 76' lang='grc' dir='ltr'><strong><em>εἰσὶν</em></strong></span> <span class='ocrx_word' id='word_1_167' title='bbox 1703 1579 1762 1632; x_wconf 74' lang='grc' dir='ltr'><strong><em>οἱ</em></strong></span> 
     </span>
     <span class='ocr_line' id='line_1_20' title="bbox 0 1657 1755 1733; baseline -0.001 -17"><span class='ocrx_word' id='word_1_168' title='bbox 0 1667 2 1723; x_wconf 63' lang='grc' dir='ltr'><strong>ἱ</strong></span> <span class='ocrx_word' id='word_1_169' title='bbox 64 1661 190 1717; x_wconf 83' lang='grc' dir='ltr'><strong><em>θεοὶ</em></strong></span> <span class='ocrx_word' id='word_1_170' title='bbox 207 1662 300 1717; x_wconf 84' lang='grc' dir='ltr'><strong><em>καὶ</em></strong></span> <span class='ocrx_word' id='word_1_171' title='bbox 319 1667 400 1726; x_wconf 87' lang='grc' dir='ltr'><strong><em>τίς</em></strong></span> <span class='ocrx_word' id='word_1_172' title='bbox 422 1657 454 1716; x_wconf 90' lang='lat'><strong>6</strong></span> <span class='ocrx_word' id='word_1_173' title='bbox 472 1659 676 1730; x_wconf 85' lang='grc' dir='ltr'><strong><em>τρόπος</em></strong></span> <span class='ocrx_word' id='word_1_174' title='bbox 692 1667 808 1718; x_wconf 89' lang='grc' dir='ltr'><strong><em>τῶν</em></strong></span> <span class='ocrx_word' id='word_1_175' title='bbox 831 1661 1103 1718; x_wconf 89' lang='grc' dir='ltr'><strong><em>τοιούτων</em></strong></span> <span class='ocrx_word' id='word_1_176' title='bbox 1121 1665 1296 1718; x_wconf 88' lang='grc' dir='ltr'><strong><em>δικῶν</em></strong></span> <span class='ocrx_word' id='word_1_177' title='bbox 1322 1666 1420 1733; x_wconf 84' lang='grc' dir='ltr'><strong><em>τῆς</em></strong></span> <span class='ocrx_word' id='word_1_178' title='bbox 1449 1663 1755 1731; x_wconf 78' lang='grc' dir='ltr'><strong><em>εἰσαγωγῆς</em></strong></span> 
     </span>
     <span class='ocr_line' id='line_1_21' title="bbox 63 1739 1754 1821; baseline 0 -23"><span class='ocrx_word' id='word_1_179' title='bbox 63 1741 346 1814; x_wconf 85' lang='grc' dir='ltr'><strong><em>ὀρθότατα</em></strong></span> <span class='ocrx_word' id='word_1_180' title='bbox 360 1740 501 1813; x_wconf 82' lang='grc' dir='ltr'><strong><em>πρὸς</em></strong></span> <span class='ocrx_word' id='word_1_181' title='bbox 525 1742 587 1800; x_wconf 86' lang='grc' dir='ltr'>τὸ</span> <span class='ocrx_word' id='word_1_182' title='bbox 606 1751 770 1801; x_wconf 86' lang='grc' dir='ltr'><strong><em>θεῖον</em></strong></span> <span class='ocrx_word' id='word_1_183' title='bbox 788 1739 863 1800; x_wconf 75' lang='grc' dir='ltr'><strong><em>ἂν</em></strong></span> <span class='ocrx_word' id='word_1_184' title='bbox 886 1743 1222 1821; x_wconf 80' lang='grc' dir='ltr'><strong><em>γιγνόμενος</em></strong></span> <span class='ocrx_word' id='word_1_185' title='bbox 1237 1751 1339 1817; x_wconf 81' lang='grc' dir='ltr'><strong><em>εἴη,</em></strong></span> <span class='ocrx_word' id='word_1_186' title='bbox 1361 1743 1754 1815; x_wconf 85' lang='grc' dir='ltr'><strong><em>νομοφύλακες</em></strong></span> 
     </span>
     <span class='ocr_line' id='line_1_22' title="bbox 58 1823 1815 1899; baseline 0.003 -19"><span class='ocrx_word' id='word_1_187' title='bbox 58 1823 179 1895; x_wconf 81' lang='grc' dir='ltr'><strong><em>μετ’</em></strong></span> <span class='ocrx_word' id='word_1_188' title='bbox 198 1827 477 1897; x_wconf 76' lang='grc' dir='ltr'><strong><em>ἐξηγητῶν</em></strong></span> <span class='ocrx_word' id='word_1_189' title='bbox 494 1828 587 1882; x_wconf 81' lang='grc' dir='ltr'><strong><em>καὶ</em></strong></span> <span class='ocrx_word' id='word_1_190' title='bbox 604 1826 860 1898; x_wconf 86' lang='grc' dir='ltr'><strong><em>μάντεων</em></strong></span> <span class='ocrx_word' id='word_1_191' title='bbox 880 1828 972 1883; x_wconf 86' lang='grc' dir='ltr'><strong><em>καὶ</em></strong></span> <span class='ocrx_word' id='word_1_192' title='bbox 990 1834 1092 1883; x_wconf 88' lang='grc' dir='ltr'><strong><em>τοῦ</em></strong></span> <span class='ocrx_word' id='word_1_193' title='bbox 1118 1833 1264 1883; x_wconf 81' lang='grc' dir='ltr'><strong><em>θεοῦ</em></strong></span> <span class='ocrx_word' id='word_1_194' title='bbox 1291 1827 1749 1899; x_wconf 84' lang='grc' dir='ltr'><strong><em>νομοθετησάμε-</em></strong></span> <span class='ocrx_word' id='word_1_195' title='bbox 1781 1847 1815 1887; x_wconf 87' lang='lat'><strong><em>1)</em></strong></span> 
     </span>
     <span class='ocr_line' id='line_1_23' title="bbox 59 1906 1749 1979; baseline 0.001 -18"><span class='ocrx_word' id='word_1_196' title='bbox 59 1926 148 1961; x_wconf 90' lang='grc' dir='ltr'><strong><em>νοι</em></strong></span> <span class='ocrx_word' id='word_1_197' title='bbox 165 1906 264 1972; x_wconf 79' lang='grc' dir='ltr'><strong><em>τὰς</em></strong></span> <span class='ocrx_word' id='word_1_198' title='bbox 280 1909 435 1972; x_wconf 81' lang='grc' dir='ltr'><strong><em>δίκας</em></strong></span> <span class='ocrx_word' id='word_1_199' title='bbox 448 1908 788 1979; x_wconf 80' lang='grc' dir='ltr'><strong><em>εἰσαγόντων</em></strong></span> <span class='ocrx_word' id='word_1_200' title='bbox 804 1909 1022 1975; x_wconf 91' lang='grc' dir='ltr'><strong><em>ταύτας.</em></strong></span> <span class='ocrx_word' id='word_1_201' title='bbox 1043 1908 1303 1975; x_wconf 78' lang='grc' dir='ltr'><strong><em>δικαστὰς</em></strong></span> <span class='ocrx_word' id='word_1_202' title='bbox 1321 1909 1381 1966; x_wconf 75' lang='grc' dir='ltr'><strong><em>δὲ</em></strong></span> <span class='ocrx_word' id='word_1_203' title='bbox 1401 1907 1590 1965; x_wconf 83' lang='grc' dir='ltr'><strong><em>αὐτῶν</em></strong></span> <span class='ocrx_word' id='word_1_204' title='bbox 1608 1907 1749 1964; x_wconf 86' lang='grc' dir='ltr'><strong><em>εἶναι</em></strong></span> 
     </span>
     <span class='ocr_line' id='line_1_24' title="bbox 56 1985 1747 2063; baseline 0.003 -22"><span class='ocrx_word' id='word_1_205' title='bbox 56 1985 191 2053; x_wconf 82' lang='grc' dir='ltr'><strong><em>τούς</em></strong></span> <span class='ocrx_word' id='word_1_206' title='bbox 206 1985 432 2058; x_wconf 82' lang='grc' dir='ltr'><strong><em>αύτούς,</em></strong></span> <span class='ocrx_word' id='word_1_207' title='bbox 454 1986 664 2059; x_wconf 79' lang='grc' dir='ltr'><strong><em>οὕσπερ</em></strong></span> <span class='ocrx_word' id='word_1_208' title='bbox 681 2002 797 2056; x_wconf 85' lang='grc' dir='ltr'><strong><em>τοῖς</em></strong></span> <span class='ocrx_word' id='word_1_209' title='bbox 823 1991 890 2048; x_wconf 90' lang='grc' dir='ltr'><strong><em>τά</em></strong></span> <span class='ocrx_word' id='word_1_210' title='bbox 912 1989 1032 2062; x_wconf 78' lang='grc' dir='ltr'><strong><em>ίερά</em></strong></span> <span class='ocrx_word' id='word_1_211' title='bbox 1060 1999 1270 2048; x_wconf 91' lang='grc' dir='ltr'><strong><em>συλῶσι</em></strong></span> <span class='ocrx_word' id='word_1_212' title='bbox 1289 1991 1624 2058; x_wconf 79' lang='grc' dir='ltr'><strong><em>διαδικάζειν</em></strong></span> <span class='ocrx_word' id='word_1_213' title='bbox 1653 1993 1747 2063; x_wconf 79' lang='grc' dir='ltr'><strong><em>ἐρ-</em></strong></span> 
     </span>
     <span class='ocr_line' id='line_1_25' title="bbox 56 2068 1747 2147; baseline 0.002 -23"><span class='ocrx_word' id='word_1_214' title='bbox 56 2068 207 2141; x_wconf 86' lang='grc' dir='ltr'><strong><em>ρήθη</em></strong></span> <span class='ocrx_word' id='word_1_215' title='bbox 225 2074 460 2139; x_wconf 83' lang='grc' dir='ltr'><strong><em>κυρίως</em></strong></span> <span class='ocrx_word' id='word_1_216' title='bbox 498 2068 529 2126; x_wconf 93' lang='lat'><strong>6</strong></span> <span class='ocrx_word' id='word_1_217' title='bbox 551 2073 611 2127; x_wconf 76' lang='grc' dir='ltr'><strong><em>δὲ</em></strong></span> <span class='ocrx_word' id='word_1_218' title='bbox 628 2071 826 2142; x_wconf 82' lang='grc' dir='ltr'><strong><em>ὅφλων</em></strong></span> <span class='ocrx_word' id='word_1_219' title='bbox 843 2073 1074 2147; x_wconf 88' lang='grc' dir='ltr'><strong><em>θανάτω</em></strong></span> <span class='ocrx_word' id='word_1_220' title='bbox 1105 2073 1425 2144; x_wconf 79' lang='grc' dir='ltr'><strong><em>ζημιούσθω</em></strong></span> <span class='ocrx_word' id='word_1_221' title='bbox 1454 2074 1547 2130; x_wconf 84' lang='grc' dir='ltr'><strong><em>καὶ</em></strong></span> <span class='ocrx_word' id='word_1_222' title='bbox 1575 2071 1649 2144; x_wconf 82' lang='grc' dir='ltr'><strong><em>μὴ</em></strong></span> <span class='ocrx_word' id='word_1_223' title='bbox 1685 2075 1747 2128; x_wconf 84' lang='grc' dir='ltr'><strong><em>ἐν</em></strong></span> 
     </span>
     <span class='ocr_line' id='line_1_26' title="bbox 53 2151 1744 2227; baseline 0.004 -23"><span class='ocrx_word' id='word_1_224' title='bbox 53 2156 123 2220; x_wconf 83' lang='grc' dir='ltr'><strong><em>τῇ</em></strong></span> <span class='ocrx_word' id='word_1_225' title='bbox 136 2155 239 2205; x_wconf 86' lang='grc' dir='ltr'><strong><em>τοῦ</em></strong></span> <span class='ocrx_word' id='word_1_226' title='bbox 259 2151 545 2217; x_wconf 84' lang='grc' dir='ltr'><strong><em>παθόντος</em></strong></span> <span class='ocrx_word' id='word_1_227' title='bbox 570 2153 725 2225; x_wconf 75' lang='grc' dir='ltr'><strong><em>χώρᾳ</em></strong></span> <span class='ocrx_word' id='word_1_228' title='bbox 753 2158 1078 2226; x_wconf 82' lang='grc' dir='ltr'><strong><em>θαπτέσθω,</em></strong></span> <span class='ocrx_word' id='word_1_229' title='bbox 1110 2153 1450 2220; x_wconf 30' lang='grc' dir='ltr'><strong><em>ἀναιδειηας</em></strong></span> <span class='ocrx_word' id='word_1_230' title='bbox 1415 2176 1581 2211; x_wconf 86' lang='grc' dir='ltr'><strong><em>ενεκα</em></strong></span> <span class='ocrx_word' id='word_1_231' title='bbox 1605 2153 1744 2227; x_wconf 86' lang='grc' dir='ltr'><strong><em>πρὸς</em></strong></span> 
     </span>
     <span class='ocr_line' id='line_1_27' title="bbox 51 2226 1742 2307; baseline 0.004 -22"><span class='ocrx_word' id='word_1_232' title='bbox 51 2235 132 2303; x_wconf 87' lang='grc' dir='ltr'><strong><em>τῶ</em></strong></span> <span class='ocrx_word' id='word_1_233' title='bbox 159 2226 394 2302; x_wconf 79' lang='grc' dir='ltr'><strong><em>ἀσεβεῖν.</em></strong></span> <span class='ocrx_word' id='word_1_234' title='bbox 433 2232 636 2303; x_wconf 82' lang='grc' dir='ltr'><strong><em>φυγῶν</em></strong></span> <span class='ocrx_word' id='word_1_235' title='bbox 664 2233 726 2290; x_wconf 70' lang='grc' dir='ltr'><strong><em>δὲ</em></strong></span> <span class='ocrx_word' id='word_1_236' title='bbox 753 2236 845 2291; x_wconf 83' lang='grc' dir='ltr'><strong><em>καὶ</em></strong></span> <span class='ocrx_word' id='word_1_237' title='bbox 872 2235 946 2306; x_wconf 82' lang='grc' dir='ltr'><strong><em>μή</em></strong></span> <span class='ocrx_word' id='word_1_238' title='bbox 974 2232 1236 2307; x_wconf 88' lang='grc' dir='ltr'><strong><em>’θελήσας</em></strong></span> <span class='ocrx_word' id='word_1_239' title='bbox 1263 2242 1448 2305; x_wconf 84' lang='grc' dir='ltr'><strong><em>κρίσιν</em></strong></span> <span class='ocrx_word' id='word_1_240' title='bbox 1476 2233 1742 2307; x_wconf 81' lang='grc' dir='ltr'><strong><em>ὑποσχεῖν</em></strong></span> 
     </span>
     <span class='ocr_line' id='line_1_28' title="bbox 51 2313 1741 2391; baseline 0.002 -24"><span class='ocrx_word' id='word_1_241' title='bbox 51 2314 302 2382; x_wconf 76' lang='grc' dir='ltr'><strong><em>φευγέτω</em></strong></span> <span class='ocrx_word' id='word_1_242' title='bbox 318 2313 643 2384; x_wconf 85' lang='grc' dir='ltr'><strong><em>ἀειφυγίαν·</em></strong></span> <span class='ocrx_word' id='word_1_243' title='bbox 674 2316 773 2372; x_wconf 74' lang='grc' dir='ltr'><strong><em>ἐάν</em></strong></span> <span class='ocrx_word' id='word_1_244' title='bbox 796 2316 860 2373; x_wconf 79' lang='grc' dir='ltr'><strong><em>δέ</em></strong></span> <span class='ocrx_word' id='word_1_245' title='bbox 879 2338 959 2382; x_wconf 90' lang='grc' dir='ltr'><strong><em>τις</em></strong></span> <span class='ocrx_word' id='word_1_246' title='bbox 977 2318 1172 2391; x_wconf 77' lang='grc' dir='ltr'><strong><em>ἐπιβῇ</em></strong></span> <span class='ocrx_word' id='word_1_247' title='bbox 1159 2317 1377 2374; x_wconf 86' lang='grc' dir='ltr'><strong><em>τούτων</em></strong></span> <span class='ocrx_word' id='word_1_248' title='bbox 1394 2322 1491 2390; x_wconf 84' lang='grc' dir='ltr'><strong><em>τῆς</em></strong></span> <span class='ocrx_word' id='word_1_249' title='bbox 1508 2322 1610 2374; x_wconf 86' lang='grc' dir='ltr'><strong><em>τοῦ</em></strong></span> <span class='ocrx_word' id='word_1_250' title='bbox 1631 2338 1741 2388; x_wconf 89' lang='grc' dir='ltr'><strong><em>φο-</em></strong></span> 
     </span>
     <span class='ocr_line' id='line_1_29' title="bbox 48 2393 1738 2469; baseline 0.004 -21"><span class='ocrx_word' id='word_1_251' title='bbox 48 2397 351 2459; x_wconf 78' lang='grc' dir='ltr'><strong><em>νευθέντος</em></strong></span> <span class='ocrx_word' id='word_1_252' title='bbox 368 2393 568 2465; x_wconf 75' lang='grc' dir='ltr'><strong><em>χώρας,</em></strong></span> <span class='ocrx_word' id='word_1_253' title='bbox 589 2395 620 2451; x_wconf 98' lang='lat'><strong><em>6</em></strong></span> <span class='ocrx_word' id='word_1_254' title='bbox 639 2395 972 2468; x_wconf 74' lang='grc' dir='ltr'><strong><em>προστυχών</em></strong></span> <span class='ocrx_word' id='word_1_255' title='bbox 999 2405 1218 2469; x_wconf 89' lang='grc' dir='ltr'><strong><em>πρῶτος</em></strong></span> <span class='ocrx_word' id='word_1_256' title='bbox 1243 2404 1358 2456; x_wconf 90' lang='grc' dir='ltr'><strong><em>τῶν</em></strong></span> <span class='ocrx_word' id='word_1_257' title='bbox 1386 2403 1607 2456; x_wconf 84' lang='grc' dir='ltr'><strong><em>οἰκείων</em></strong></span> <span class='ocrx_word' id='word_1_258' title='bbox 1636 2404 1738 2456; x_wconf 88' lang='grc' dir='ltr'><strong><em>τοῦ</em></strong></span> 
     </span>
     <span class='ocr_line' id='line_1_30' title="bbox 48 2468 1803 2554; baseline 0.003 -26"><span class='ocrx_word' id='word_1_259' title='bbox 48 2468 491 2542; x_wconf 75' lang='grc' dir='ltr'><strong><em>ἀποθανόντος’“</em></strong></span> <span class='ocrx_word' id='word_1_260' title='bbox 454 2499 489 2550; x_wconf 88' lang='grc' dir='ltr'><strong><em>η</em></strong></span> <span class='ocrx_word' id='word_1_261' title='bbox 508 2480 601 2535; x_wconf 85' lang='grc' dir='ltr'><strong><em>καὶ</em></strong></span> <span class='ocrx_word' id='word_1_262' title='bbox 628 2485 742 2535; x_wconf 90' lang='grc' dir='ltr'><strong><em>τῶν</em></strong></span> <span class='ocrx_word' id='word_1_263' title='bbox 762 2486 1001 2537; x_wconf 86' lang='grc' dir='ltr'><strong><em>πολιτῶν</em></strong></span> <span class='ocrx_word' id='word_1_264' title='bbox 1028 2478 1189 2539; x_wconf 81' lang='grc' dir='ltr'><strong><em>ἀνατὶ</em></strong></span> <span class='ocrx_word' id='word_1_265' title='bbox 1217 2478 1535 2541; x_wconf 79' lang='grc' dir='ltr'><strong><em>κτεινέτω”</em></strong></span> <span class='ocrx_word' id='word_1_266' title='bbox 1498 2505 1531 2554; x_wconf 85' lang='grc' dir='ltr'><strong><em>η</em></strong></span> <span class='ocrx_word' id='word_1_267' title='bbox 1565 2482 1736 2553; x_wconf 84' lang='grc' dir='ltr'><strong><em>δήσας</em></strong></span> <span class='ocrx_word' id='word_1_268' title='bbox 1768 2493 1803 2534; x_wconf 82' lang='grc' dir='ltr'>Ε</span> 
     </span>
     <span class='ocr_line' id='line_1_31' title="bbox 49 2557 1731 2634; baseline 0.005 -25"><span class='ocrx_word' id='word_1_269' title='bbox 49 2564 164 2618; x_wconf 72' lang='grc' dir='ltr'><strong><em>τοῖς</em></strong></span> <span class='ocrx_word' id='word_1_270' title='bbox 179 2574 412 2625; x_wconf 80' lang='grc' dir='ltr'><strong><em>αρχονσι</em></strong></span> <span class='ocrx_word' id='word_1_271' title='bbox 426 2564 543 2615; x_wconf 87' lang='grc' dir='ltr'><strong><em>τῶν</em></strong></span> <span class='ocrx_word' id='word_1_272' title='bbox 559 2557 663 2631; x_wconf 84' lang='grc' dir='ltr'><strong><em>τὴν</em></strong></span> <span class='ocrx_word' id='word_1_273' title='bbox 683 2563 844 2634; x_wconf 87' lang='grc' dir='ltr'><strong><em>δίκην</em></strong></span> <span class='ocrx_word' id='word_1_274' title='bbox 862 2561 1176 2634; x_wconf 78' lang='grc' dir='ltr'><strong><em>κρινάντων</em></strong></span> <span class='ocrx_word' id='word_1_275' title='bbox 1196 2574 1404 2620; x_wconf 79' lang='grc' dir='ltr'><strong><em>κτεῖναι</em></strong></span> <span class='ocrx_word' id='word_1_276' title='bbox 1420 2562 1731 2633; x_wconf 80' lang='grc' dir='ltr'><strong><em>παραδότω.</em></strong></span> 
     </span>
     <span class='ocr_line' id='line_1_32' title="bbox 43 2631 1733 2721; baseline 0.007 -31"><span class='ocrx_word' id='word_1_277' title='bbox 43 2631 75 2690; x_wconf 84' lang='lat'><strong><em>6</em></strong></span> <span class='ocrx_word' id='word_1_278' title='bbox 97 2633 156 2691; x_wconf 68' lang='grc' dir='ltr'><strong><em>δὲ</em></strong></span> <span class='ocrx_word' id='word_1_279' title='bbox 183 2636 707 2712; x_wconf 72' lang='grc' dir='ltr'><strong><em>ἐπισκηπτόμενος“</em></strong></span> <span class='ocrx_word' id='word_1_280' title='bbox 668 2664 783 2715; x_wconf 87' lang='grc' dir='ltr'><strong><em>αμα</em></strong></span> <span class='ocrx_word' id='word_1_281' title='bbox 810 2646 903 2701; x_wconf 81' lang='grc' dir='ltr'><strong><em>καὶ</em></strong></span> <span class='ocrx_word' id='word_1_282' title='bbox 931 2645 1284 2715; x_wconf 82' lang='grc' dir='ltr'><strong><em>κατεγγυάτω</em></strong></span> <span class='ocrx_word' id='word_1_283' title='bbox 1309 2643 1409 2700; x_wconf 82' lang='grc' dir='ltr'><strong><em>τὸν</em></strong></span> <span class='ocrx_word' id='word_1_284' title='bbox 1439 2637 1483 2721; x_wconf 71' lang='grc' dir='ltr'><em>ᾧ</em></span> <span class='ocrx_word' id='word_1_285' title='bbox 1513 2667 1586 2700; x_wconf 89' lang='grc' dir='ltr'><strong><em>αν</em></strong></span> <span class='ocrx_word' id='word_1_286' title='bbox 1613 2648 1733 2702; x_wconf 75' lang='grc' dir='ltr'><strong><em>ἑπι-</em></strong></span> 
     </span>
     <span class='ocr_line' id='line_1_33' title="bbox 44 2716 1731 2797; baseline 0.007 -27"><span class='ocrx_word' id='word_1_287' title='bbox 44 2716 375 2789; x_wconf 84' lang='grc' dir='ltr'><strong><em>σκήπτηται·</em></strong></span> <span class='ocrx_word' id='word_1_288' title='bbox 411 2717 442 2778; x_wconf 89' lang='lat'><strong><em>6</em></strong></span> <span class='ocrx_word' id='word_1_289' title='bbox 470 2721 531 2778; x_wconf 65' lang='grc' dir='ltr'><strong><em>δὲ</em></strong></span> <span class='ocrx_word' id='word_1_290' title='bbox 546 2726 822 2797; x_wconf 79' lang='grc' dir='ltr'><strong><em>παρεχέτω</em></strong></span> <span class='ocrx_word' id='word_1_291' title='bbox 843 2724 993 2797; x_wconf 84' lang='grc' dir='ltr'><strong><em>[τούς</em></strong></span> <span class='ocrx_word' id='word_1_292' title='bbox 1013 2724 1279 2797; x_wconf 76' lang='grc' dir='ltr'><strong><em>ἐγγυητὰς</em></strong></span> <span class='ocrx_word' id='word_1_293' title='bbox 1298 2724 1608 2797; x_wconf 80' lang='grc' dir='ltr'><strong><em>ἀξιόχρεως]</em></strong></span> <span class='ocrx_word' id='word_1_294' title='bbox 1633 2727 1731 2793; x_wconf 82' lang='grc' dir='ltr'><strong><em>οὒς</em></strong></span> 
     </span>
     <span class='ocr_line' id='line_1_34' title="bbox 41 2792 1727 2883; baseline 0.007 -28"><span class='ocrx_word' id='word_1_295' title='bbox 41 2792 116 2854; x_wconf 71' lang='grc' dir='ltr'><strong><em>ἂν</em></strong></span> <span class='ocrx_word' id='word_1_296' title='bbox 134 2796 167 2871; x_wconf 84' lang='grc' dir='ltr'><em>ἡ</em></span> <span class='ocrx_word' id='word_1_297' title='bbox 187 2805 301 2857; x_wconf 87' lang='grc' dir='ltr'><strong><em>τῶν</em></strong></span> <span class='ocrx_word' id='word_1_298' title='bbox 328 2803 452 2873; x_wconf 79' lang='grc' dir='ltr'><strong><em>περὶ</em></strong></span> <span class='ocrx_word' id='word_1_299' title='bbox 481 2809 653 2864; x_wconf 81' lang='grc' dir='ltr'><strong><em>ταῦτα</em></strong></span> <span class='ocrx_word' id='word_1_300' title='bbox 683 2810 959 2865; x_wconf 90' lang='grc' dir='ltr'><strong><em>δικαστῶν</em></strong></span> <span class='ocrx_word' id='word_1_301' title='bbox 988 2805 1126 2881; x_wconf 85' lang='grc' dir='ltr'><strong><em>ἀρχὴ</em></strong></span> <span class='ocrx_word' id='word_1_302' title='bbox 1156 2813 1320 2883; x_wconf 79' lang='grc' dir='ltr'><strong><em>κρίνῃ</em></strong></span> <span class='ocrx_word' id='word_1_303' title='bbox 1346 2820 1491 2882; x_wconf 81' lang='grc' dir='ltr'><strong><em>τρεῖς</em></strong></span> <span class='ocrx_word' id='word_1_304' title='bbox 1522 2810 1727 2883; x_wconf 78' lang='grc' dir='ltr'><strong><em>ἐγγυη-</em></strong></span> 
     </span>
    </p>
   </div>
  </div>
 </body>
</html>
