1976 3172
246 101 348 156 142
858 98 1342 168 ΠΛΑΤΩΝΟΣ

1946 190 1968 223 t

247 257 335 300 τες
353 232 456 305 τὴν
478 234 667 304 χώραν
685 235 777 288 καὶ
799 230 931 301 τοὺς
949 240 1199 303 γείτονας
1217 230 1530 332 ὁριούμεθα
1550 239 1694 308 ἔργω
1723 237 1814 291 καὶ
1831 237 1933 293 λό-
1947 243 1962 249 ”

246 337 390 387 γοις·
430 322 541 372 νῦν
561 316 620 371 δὲ
639 314 911 386 σχήματος
929 316 1092 371 ἕνεκα
1116 316 1206 371 καὶ
1238 313 1587 387 ὑπογραφῆς,
1617 319 1711 372 ἵνα
1738 323 1965 390 περαίή

182 405 215 445 Ε
247 420 425 469 νηται,
455 395 595 466 πρὸς
623 395 727 468 τὴν
753 401 1094 468 νομοθεσίαν
1122 395 1151 452 6
1189 396 1353 466 λόγος
1380 405 1493 454 ἴτω.
1547 398 1801 464 πεντάκις
1829 421 1938 470 μεν
1964 434 1972 448 »

243 486 407 552 χίλιοι
435 483 690 535 ἔστωσαν
723 479 817 534 καὶ
845 479 1270 552 τετταράκοντα,
1298 476 1548 550 ἀριθμοῦ
1583 478 1734 546 τινὸς
1769 481 1969 563 ἕνεκα(

245 559 642 645 προσήκοντος,
666 560 941 632 γεωμόροι
968 582 1028 616 τε
1061 563 1152 616 καὶ
1182 557 1529 631 ἀμυνοῦντες
1558 568 1627 633 τῇ
1656 568 1825 634 νομῇ·
1862 559 1969 658 γῆξ

249 643 309 701 δε
328 645 420 701 καὶ
439 642 677 714 οἰκήσεις
697 639 961 708 ὡσαύτως
978 640 1046 698 τὰ
1063 639 1203 698 αυτοὶ
1223 643 1360 714 μέρη
1382 642 1828 715 διανεμηθήτων,
1847 664 1959 721 γε·ἶ
1953 640 1969 708 ξ

247 726 458 799 νόμενα
483 724 625 798 ἀνὴρ
657 729 750 782 καὶ
775 733 979 798 κλῆρος
1011 725 1271 796 ξυννομή.
1311 725 1413 780 δύο
1443 723 1545 795 μὲν
1566 724 1631 795 δὴ
1662 728 1798 797 μέρη
1830 731 1934 780 τοῦ
1967 763 1969 772 ·

200 803 204 806 ’
246 806 453 872 παντὸς
465 806 714 879 ἀριθμοῦ
732 809 794 863 τό
814 813 1038 876 πρῶτον
1055 806 1368 878 νεμηθήτω,
1388 805 1524 878 μετὰ
1541 808 1793 862 δὲταῦτα
1809 812 1941 876 τρία

245 887 347 944 τὰν
365 885 565 957 αὐτόν·
603 887 950 961 πέφυκεΑγάρ
970 889 1062 942 καὶ
1089 892 1321 958 τέτταρα
1344 890 1435 944 καὶ
1463 890 1626 949 πέντε
1657 891 1750 945 καὶ
1777 890 1942 960 μέχρι»

249 973 366 1024 τῶν
398 971 529 1023 δέκα
563 970 773 1038 ἐφεξῆς.
810 970 897 1022 δεῖ
928 965 995 1038 δὴ
1026 970 1152 1038 περὶ
1181 966 1440 1068 ἀριθμῶν
1467 969 1531 1024 τό
1567 991 1630 1038 γε
1659 977 1956 1026 τοσοῦτον

131 1058 217 1104 738
247 1051 429 1106 πάντα
456 1050 636 1119 ἄνδρα
656 1054 1079 1121 νομοθετοῦντα
1099 1051 1443 1120 νενοηκέναι,
1471 1055 1551 1114 τίς
1573 1048 1814 1121 ἀριθμὸς
1842 1053 1942 1106 καὶ,-

243 1144 400 1196 ποῖος
432 1131 634 1196 πάσαις
669 1131 863 1187 πόλεσι
900 1131 1309 1203 χρησιμώτατος
1333 1127 1406 1186 ἂν
1435 1137 1535 1202 εἴη.
1578 1133 1835 1203 λέγωμεν
1865 1130 1945 1202 δὴ
1967 1139 1973 1149 “

244 1214 345 1269 τὸν
366 1217 625 1315 πλείστας
640 1234 731 1268 και
713 1215 938 1284 ἐφεξῆς
957 1211 1192 1311 μάλιστα
1205 1210 1471 1283 διανομας
1485 1215 1546 1269 ἐν
1564 1212 1718 1287 αὐτῷ
1737 1234 1946 1284 κεκτη-

244 1293 549 1366 μένον·οὖ
566 1317 669 1365 μεν
689 1292 756 1366 δὴ
775 1299 898 1360 πᾶς
913 1298 990 1359 είς
1016 1293 1199 1350 πάντα
1226 1293 1407 1360 πάσας
1434 1315 1606 1366 τομας
1632 1301 1869 1366 εἴληχεν·
1904 1291 1935 1350 ὁ

247 1380 307 1434 δε
325 1383 439 1434 τῶν
456 1377 861 1449 τετταράκοντα
892 1378 984 1433 καὶ
1011 1381 1468 1447 πεντακισχιλίων
1497 1384 1574 1441 εἴς
1600 1398 1660 1432 τε
1687 1378 1933 1448 πόλεμον

242 1457 377 1516 καὶ
355 1457 461 1514 όσα
480 1458 604 1515 κατ’
627 1458 856 1530 εἰρήνην
873 1458 1012 1530 πρὸς
1030 1457 1248 1514 α’παντα
1275 1479 1343 1513 τα
1373 1459 1680 1530 ξυμβόλαια
1697 1461 1787 1514 καὶ
1814 1480 1935 1514 κοι-

243 1540 562 1612 νωνήματα,
592 1545 873 1612 εἰσφορων
902 1561 961 1596 τε
997 1544 1122 1610 πέρι
1152 1543 1246 1596 καὶ
1274 1543 1574 1610 διανομων,
1604 1537 1674 1594 οὐ
1710 1543 1947 1605 πλείους

243 1645 371 1694 μιας
384 1627 635 1679 δεουσων
654 1621 918 1694 ἑξήκοντα
937 1620 1142 1678 δύναιτ’
1167 1617 1238 1677 ἀν
1256 1625 1557 1693 τέμνεσθαι
1575 1642 1781 1693 τομων,
1802 1625 1935 1688 ξυν-

183 1724 216 1766 Β
249 1714 383 1775 εχεῖς
403 1702 462 1758 δε
482 1700 590 1759 ἀπὸ
617 1726 746 1774 μιας
767 1707 921 1775 μέχρι
938 1726 1051 1760 των
1071 1707 1216 1763 δέκα.

385 1789 467 1841 ΙΧ.
510 1790 698 1841 Ταυτα
713 1788 814 1856 μὲν
833 1781 938 1842 οὖν
963 1785 1030 1858 δὴ
1064 1788 1156 1842 καὶ
1184 1772 1324 1842 κατὰ
1354 1784 1559 1856 σχολὴν
1591 1790 1679 1841 δεῖ
1700 1789 1960 1859 βεβαίωςι

243 1873 450 1938 λαβεῖν,
473 1863 554 1932 οἷς
573 1863 646 1923 ἄν
666 1864 694 1923 6
717 1867 887 1939 νόμος
904 1867 1215 1940 προστάττη
1233 1866 1552 1941 λαμβάνειν·
1572 1870 1679 1937 ἔχει
1697 1888 1805 1937 γαρ
1827 1870 1934 1922 οὐν

246 2035 504 2097 οικίζοντι
540 2027 721 2086 πόλιν.
765 2027 887 2086 οὔτ’
913 2026 985 2086 ἂν
1004 2028 1205 2101 καινὴν
1222 2033 1276 2096 ἐξ
1295 2015 1462 2102 άρχῆς
1480 2052 1562 2095 τις
1580 2035 1712 2102 ποιῇ
1730 2027 1841 2084 οὔτ’
1863 2051 1949 2100 αν

242 2110 487 2168 παλαιὰν
507 2114 927 2184 διεφθαρμένην
953 2110 1384 2183 ἐπισκευάζηται,
1416 2114 1542 2181 περὶ
1569 2117 1725 2167 θεῶν
1753 2132 1813 2182 γε
1843 2109 1970 2185 καὶῇ

245 2196 431 2266 ἱερῶν,
452 2194 586 2251 ἅττα
606 2217 664 2252 τε
682 2200 744 2252 ἐν
762 2203 830 2269 τῇ
846 2195 1004 2252 πόλει
1026 2195 1275 2261 ἑκάστοις
1294 2198 1564 2267 ἱδρῦσθαι
1594 2197 1682 2250 δεῖ
1707 2196 1800 2250 καὶ
1822 2186 1932 2250 ὦν-
1967 2199 1973 2205 ’

244 2299 418 2342 τινων
435 2278 879 2349 ἐπονομάζεσθαι
899 2286 1054 2335 θεῶν
1071 2275 1109 2349 ἢ
1129 2278 1433 2350 δαιμόνων,
1458 2275 1643 2343 οὐδεὶς
1660 2276 1935 2377 ἐπιχειρή-

187 2374 217 2416 C
249 2374 334 2415 σει
356 2368 531 2415 κινεῖν
551 2380 695 2415 νουν
714 2359 892 2429 ἔχων“
872 2359 977 2415 όσα
995 2362 1057 2416 ἐκ
1084 2366 1331 2429 Δελφων
1355 2381 1391 2429 η
1422 2354 1761 2427 Δωδωνης’
1734 2381 1768 2426 η
1799 2356 1930 2426 παρ’

231 2440 562 2513 ’Ἁμμωνος’
538 2440 576 2512 η’
594 2462 739 2506 τινες
757 2444 984 2496 ἔπεισαν
1002 2441 1224 2495 παλαιοὶ
1241 2439 1400 2508 λόγοι
1420 2436 1601 2511 ὁπῃδή
1619 2460 1773 2503 τινας
1795 2443 1935 2507 [πεί-

247 2530 460 2594 σαντες]
516 2514 824 2595 φασμάτων
870 2524 1188 2594 γενομένων
1234 2544 1285 2591 η
1317 2523 1603 2586 ἐπιπνοίας
1646 2525 1949 2620 λεχθείσης

243 2611 418 2677 θεων,
440 2610 726 2671 πείσαντες
745 2607 805 2662 δὲ
821 2609 1025 2669 θυσίας
1045 2611 1283 2669 τελεταῖς
1303 2607 1643 2676 συμμίκτους
1669 2603 1950 2673 κατεστή-

246 2706 414 2748 σαντο
435 2698 542 2746 εἴτε
562 2687 809 2746 αὐτόθεν
833 2692 1155 2760 ἐπιχωρίους
1180 2684 1276 2743 εἴτ’
1313 2680 1420 2742 οὖν
1453 2685 1803 2759 Τυρρηνικας
1827 2693 1943 2742 εἴτε-

244 2771 499 2843 Κυπρίας
521 2771 620 2828 εἴτ’
644 2771 888 2828 ἄλλοθεν
907 2771 1172 2840 ὁθενοῦν,
1202 2770 1558 2840 καθιέρωσαν
1589 2769 1647 2826 δὲ
1675 2779 1787 2833 τοῖς
1815 2789 1949 2824 τοι-.-
