1976 3172
223 97 333 158 424
595 94 605 106 '
849 96 1306 144 ΕΠΙΝΟΜΙΣ.

227 230 402 295 ὅντως
421 227 595 285 αὐτόν
615 249 819 300 φαμεν,
846 231 925 283 ἔτι
946 226 1009 283 δὲ
1033 230 1124 283 καὶ
1146 226 1364 299 δώσειν,
1393 230 1492 285 ε’άν
1519 252 1600 296 τις
1621 234 1761 303 θέλῃ
1785 236 1915 297 ξυν-

159 328 193 368 Β
227 318 579 367 ἀκολουθεῖν.
636 307 738 365 ἐὰν
771 307 882 379 γὰρ
923 315 980 382 ἴῃ
1026 331 1108 374 τις
1153 311 1241 366 ἐπὶ
1287 317 1535 382 θεωρίαν
1582 311 1767 384 ὀρθὴν
1813 313 1915 383 τὴν

228 395 410 461 τοῦδε,
439 399 547 448 εἴτε
583 391 796 462 κόσμον
826 398 934 447 εἴτε
964 389 1216 463 ὄλυμπον
1245 398 1353 448 εἴτε
1383 391 1632 461 οὐρανὸν
1657 397 1720 449 ἐν
1741 393 1917 466 ἡδονῇ

227 496 302 547 τῳ
334 476 531 544 λέγειν,
569 475 769 543 λεγέτω
803 475 924 544 μέν,
954 470 1333 528 ἀκολουθείτω
1369 476 1447 543 δέ,
1479 471 1590 546 ὅπῃ
1618 480 1918 531 ποικίλλων
1973 539 1976 554 ¹

228 553 404 611 αὑτὸν
435 556 527 612 καὶ
562 552 628 611 τὰ
656 557 719 611 ἐν
747 552 900 626 αὐτῷ
935 558 1191 625 στρέφων
1223 553 1400 626 ἄστρα
1432 554 1612 620 πάσας
1640 556 1920 622 διεξόδους
1974 559 1976 564 ’

231 636 378 708 ὥρας
414 659 472 693 τε
509 641 601 695 καὶ
636 638 855 710 τροφὴν
892 644 1028 693 πᾶσι
1055 639 1362 709 παρέχεται.
1398 641 1491 694 καὶ
1517 637 1622 710 τὴν
1653 638 1830 710 ἄλλην
1860 640 1920 696 δὲ

230 712 334 774 οὖν
354 718 650 790 φρόνησιν,
674 717 748 785 ῶς
766 730 971 790 φαῖμεν
987 718 1076 790 ἄν,
1092 716 1200 775 σὺν
1219 717 1446 791 ἀριθμῶ
1461 724 1643 789 παντί,
1659 723 1751 776 καὶ
1769 716 1914 776 τᾶλλ’

228 798 421 869 ἀγαθά
438 805 651 857 ·τοῦτο
692 801 752 855 δὲ
775 801 1054 869 μέγιστον,
1084 800 1183 855 ε’άν
1211 822 1292 864 τις
1318 797 1421 870 τὴν
1454 798 1715 871 ἀριθμῶν
1744 799 1919 856 αὐτοῦ

230 881 388 937 δόσιν
425 880 719 950 δεξάμενος
755 882 1024 951 ἐπεξέλθῃ
1060 886 1248 935 πᾶσαν
1286 881 1391 950 τὴν
1429 886 1704 949 περίοδον.
1755 888 1833 939 ἔτι
1860 884 1919 940 δὲ

171 981 201 1022 C
229 960 466 1032 σμικρὸν
503 962 908 1026 ἐπανελθόντες
939 980 1056 1026 πως
1090 972 1204 1025 τοῖς
1232 960 1419 1030 λόγοις
1446 958 1917 1034 ἀναμνησθῶμεν,

227 1043 312 1099 ὅτι
331 1045 423 1098 καὶ
442 1040 576 1113 μάλ’
600 1040 788 1113 ὀρθῶς
806 1043 1133 1115 ἐνοήσαμεν,
1161 1040 1254 1113 ῶς,
1275 1050 1430 1112 εἴπερ
1460 1040 1709 1115 ἀριθμὸν
1737 1047 1798 1100 ἐκ
1824 1050 1917 1116 τῆς

227 1124 592 1195 ἀνθρωπίνης
612 1125 838 1195 φύσεως
855 1125 1150 1195 ἐξέλοιμεν,
1180 1123 1286 1198 οὐκ
1317 1124 1391 1179 ἄν
1418 1129 1555 1180 ποτέ
1574 1147 1627 1181 τι
1650 1126 1921 1197 φρόνιμοι

226 1211 542 1278 γενοίμεθα.
589 1203 659 1261 οὐ
692 1205 802 1279 γὰρ
839 1202 911 1262 ἂν
946 1210 1024 1262 ἔτι
1051 1208 1182 1262 ποτὲ
1216 1203 1362 1278 ψυχὴ
1398 1206 1602 1264 τούτου
1637 1214 1741 1264 τοῦ
1777 1207 1921 1275 ζῶον

225 1295 411 1343 πᾶσαν
449 1285 652 1358 ἀρετὴν
688 1287 852 1359 λάβοι
889 1287 1113 1358 σχεδόν,
1162 1284 1297 1343 ὅτου
1333 1287 1498 1359 λόγος
1540 1285 1730 1360 ἀπείη·
1779 1294 1922 1356 ζῶον

229 1373 305 1439 δέ,
344 1369 377 1426 ὅ
414 1392 463 1425 τι
496 1367 569 1441 μὴ
600 1368 902 1440 γιγνώσκοι
932 1367 1033 1423 δύο
1064 1370 1156 1423 καὶ
1184 1372 1308 1438 τρία
1335 1371 1473 1438 μηδὲ
1500 1365 1759 1438 περιττὸν
1784 1369 1921 1439 μηδὲ

228 1453 439 1522 ἄρτιον,
460 1449 662 1522 ἀγνοοῖ
675 1450 735 1506 δὲ
751 1451 814 1505 τό
845 1449 1112 1517 παράπαν
1138 1446 1404 1520 ἀριθμόν,
1435 1448 1540 1504 οὐκ
1569 1449 1641 1504 ἄν
1670 1471 1803 1506 ποτε
1837 1455 1920 1506 δι-

230 1535 392 1589 δόναι
421 1532 593 1602 λόγον
629 1537 741 1603 ἔχοι
769 1534 894 1603 περὶ
930 1525 1011 1587 ὧν
1041 1530 1329 1601 αἰσθήσεις
1358 1532 1452 1586 καὶ
1486 1531 1705 1602 μνήμας
1742 1533 1922 1602 μόνον

229 1623 311 1686 εἴη
338 1616 677 1684 κεκτημένον
694 1635 705 1646 ·
742 1611 846 1684 τὴν
866 1615 926 1668 δὲ
946 1611 1120 1682 ἄλλην
1149 1609 1372 1682 ἀρετήν,
1402 1610 1667 1682 ἀνδρείαν
1688 1615 1780 1670 καὶ
1809 1630 1922 1669 σω-

165 1713 198 1754 D
231 1696 544 1767 φροσύνην,
567 1691 735 1751 οὐδὲν
753 1692 1068 1750 ἀποκωλύει
1081 1715 1092 1726 ·
1131 1692 1462 1764 στερόμενος
1478 1694 1538 1750 δὲ
1556 1691 1807 1767 ἀληθοῦς
1826 1695 1922 1751 λό·

227 1799 333 1849 γου
365 1775 540 1847 σοφὸς
569 1773 674 1831 οὐκ
703 1775 776 1831 ἄν
804 1797 937 1832 ποτε
963 1777 1198 1847 γένοιτο,
1230 1773 1340 1850 ὅτςο
1369 1777 1429 1832 δὲ
1461 1782 1632 1848 σοφία
1651 1777 1725 1850 μὴ
1745 1794 1921 1848 προσ-

183 1908 189 1911 ,
226 1866 327 1931 είη,
348 1859 529 1930 πάσης
558 1857 754 1929 ἀρετῆς
782 1858 842 1914 τὸ
873 1861 1134 1930 μέγιστον
1157 1859 1340 1930 μέρος,
1372 1856 1476 1914 οὐκ
1511 1854 1584 1914 ἀν
1617 1864 1695 1915 ἔτι
1726 1862 1922 1925 τελέως

228 1940 443 2012 ἀγαθὸς
462 1941 763 2013 γενόμενος
779 1939 1062 2012 εὐδαίμων
1079 1941 1460 2011 ποτὲγένοιτο.
1482 1939 1660 2007 οὕτως
1671 1939 1921 2012 ἀριθμὸν

228 2024 330 2093 μὲν
349 2023 566 2095 ἀνάγκη
599 2029 751 2079 πᾶσα
780 2021 1184 2080 ὑποτίθεσθαι·
1224 2023 1365 2079 διότι
1402 2025 1462 2079 δὲ
1489 2030 1654 2080 τοῦτο
1683 2018 1918 2097 ἀνάγκη,

224 2106 390 2175 λόγος
427 2111 522 2177 ἔτι,
542 2112 750 2163 πλείων
795 2105 1024 2162 πάντων
1057 2104 1292 2177 γίγνοιτ’
1337 2101 1410 2160 ἀν
1443 2111 1558 2161 τῶν
1593 2109 1915 2177 εἰρημένων.

225 2185 365 2242 ἀλλά
387 2186 527 2243 καὶὸ
548 2195 657 2244 νῦν
678 2186 868 2261 ὀρθῶς
897 2187 1218 2261 ῥηθήσεται,
1250 2186 1337 2243 ὅτι
1364 2191 1455 2243 καὶ
1489 2186 1557 2243 τὰ
1586 2194 1701 2244 τῶν
1732 2186 1920 2244 ἄλλων

221 2274 435 2339 τεχνῶν
454 2269 744 2342 λεγόμενα,
774 2268 811 2325 ἃ
831 2277 941 2326 νῦν
970 2270 1038 2340 δὴ
1074 2269 1380 2342 διήλθομεν
1411 2270 1609 2335 ἐῶντες
1637 2269 1779 2327 εἶναι
1808 2270 1920 2326 πά-

165 2369 196 2408 E
228 2365 327 2415 σας
364 2347 461 2414 τάς
498 2353 706 2421 τέχνας,
744 2350 876 2407 οὐδὲ
906 2352 1124 2407 τούτων
1150 2355 1214 2407 ἓν
1246 2349 1413 2407 οὐδὲν
1441 2349 1612 2422 μενεῖ,
1648 2353 1830 2406 πάντα
1863 2347 1915 2403 δ’

225 2430 509 2488 ἀπολεῖται
527 2432 588 2487 τὸ
611 2432 892 2503 παράπαν,
921 2432 1057 2487 ὅταν
1084 2431 1458 2502 ἀριθμητικήν
1482 2452 1566 2494 τις
1595 2428 1779 2502 ἀνέλῃ.
1819 2431 1917 2486 δό-

228 2519 335 2580 ξειε
356 2510 407 2568 δ’
431 2508 503 2568 ἀν
522 2515 727 2580 ἱκανῶς
742 2515 851 2570 τισὶ
868 2516 1120 2585 βραχέων
1138 2513 1302 2568 ἕνεκα
1330 2508 1579 2584 ἀριθμοῦ
1609 2515 1831 2578 δεῖσθαι
1850 2509 1913 2566 τὰ

226 2602 340 2651 τῶν
356 2592 681 2666 ἀνθρώπων
695 2594 872 2667 γένος,
890 2599 968 2661 εἰς
985 2593 1083 2660 τὰς
1105 2595 1296 2665 τέχνας
1313 2591 1660 2666 ἀποβλέψασι
1672 2617 1683 2628 ·
1722 2599 1818 2649 καί
1831 2614 1917 2648 τοι

228 2681 367 2748 μέγα
391 2677 493 2749 μὲν
511 2681 604 2733 καὶ
626 2685 791 2734 τοῦτο
808 2700 820 2711 ·
858 2682 909 2733 εἰ
931 2680 997 2734 δέ
1012 2698 1093 2743 τις
1111 2680 1220 2734 ἴδοι
1239 2675 1300 2733 τό
1331 2684 1492 2732 θεῖον
1521 2683 1617 2747 τῆς
1644 2679 1915 2747 γενέσεως

226 2761 316 2816 καὶ
334 2757 397 2815 τὸ
418 2759 654 2832 θνητόν,
686 2763 749 2817 έν
780 2753 823 2836 ᾦ
851 2761 942 2816 καὶ
970 2757 1031 2816 τὸ
1060 2760 1318 2831 θεοσεβὲς
1348 2758 1794 2830 γνωρισθήσεται
1822 2759 1915 2813 καὶ
