1976 3172
146 145 165 155 ·
248 120 283 172 4
594 131 607 138 “
866 124 1341 174 ΠΛΑΤῼΝΟΣ

174 258 209 298 D
389 263 505 314 ΑΘ.
543 255 713 332 Αὐτῷ
734 257 793 314 δὲ
811 255 948 328 πρὸς
966 254 1142 313 αὑτὸν
1160 256 1400 327 πότερον
1426 253 1499 320 ὡς
1517 263 1759 331 πολεμίῳ
1791 260 1931 331 πρὸς

247 340 512 410 πολέμιον
530 337 907 411 διανοητέονῆ
932 344 1072 404 πῶςς
1102 343 1155 394 τί
1181 341 1443 409 λέγομεν;

385 426 504 477 KA.
535 414 599 476 Ὦ
618 423 737 487 ξένε
752 419 1011 491 Ἀθηναῖε
1028 454 1100 463 —-
1119 418 1188 474 οὐ
1206 419 1314 491 γάρ
1335 435 1396 475 σε
1428 417 1675 476 Ἀττικὸν
1695 419 1928 493 ἐθέλοιμ’

244 499 317 558 ὅίν
351 501 814 574 προσαγορεύειν·
861 505 1038 566 δοκεῖς
1069 501 1176 573 γάρ
1202 522 1295 571 μοι
1323 506 1419 572 τῆς
1448 508 1591 557 θεοῦ
1621 504 1935 580 ἐπωνυμίας

246 580 395 648 ἄξιος
427 581 566 638 εἶναι
600 589 811 654 μᾶλλον
848 583 1315 652 ἐπονομάζεσθαι·
1359 582 1458 637 τὸν
1493 581 1600 652 γὰρ
1637 583 1807 653 λόγον
1841 579 1929 638 ἐπ’

244 661 421 734 ἀρχὴν
437 659 625 736 ὀρθῶς
646 661 947 735 άναγαγων
967 666 1311 734 σαφέστερον
1332 664 1608 733 ἐποίησας,
1631 662 1770 719 ω’στε
1791 665 1931 736 ῥᾷον

243 742 585 816 ἀνευρήσεις,
607 742 690 813 ὅτι
709 750 818 801 νῦν
838 744 905 817 δὴ
925 742 1026 815 ὑφ’
1050 742 1210 816 ἡμῶν
1231 741 1421 816 ὀρθῶς
1442 743 1656 815 ἐρρήθη
1685 743 1746 799 τὸ
1767 751 1933 798 πολε-

242 831 402 896 μίους
421 825 560 882 εἶναι
579 827 787 893 πάντας
807 833 940 883 πᾶσι
961 830 1196 900 δημοσίᾳ
1214 847 1273 882 τε
1296 827 1387 882 καὶ
1410 829 1522 898 ἰδίᾳ
1546 825 1812 890 ἑκάστους
1826 822 1930 880 αὐ-

241 906 585 978 τοῦςσφίσιν
607 907 807 974 αὐτοῖς.

184 998 218 1038 Ε
389 995 505 1046 ΑΘ.
546 994 678 1055 Παῖς
699 997 938 1061 εἴρηκας,
961 983 1006 1046 ὦ
1033 990 1340 1062 θαυμάσιε;

381 1075 500 1126 ΚΛ.
540 1071 873 1142 Κάνταῦθα,
897 1066 943 1126 ὦ
963 1075 1100 1142 ξένε,
1121 1072 1183 1126 τὸ
1215 1077 1383 1144 νικᾷν
1417 1069 1591 1127 αὐτὸν
1618 1068 1791 1127 αὑτὸν
1821 1090 1929 1126 πα-

240 1158 356 1207 6c5v
388 1156 563 1207 νικῶν
593 1151 781 1222 πρώτη
810 1173 869 1206 τε
897 1154 988 1207 καὶ
1022 1151 1250 1249 ἀρίστη,
1266 1151 1327 1208 τὸ
1366 1154 1425 1208 δὲ
1453 1151 1727 1223 ἡττᾶσθαι
1756 1150 1929 1207 αὐτὸν

238 1229 339 1303 ὑφ’
364 1232 568 1288 ἑαυτοῦ
586 1229 814 1288 πάντων
834 1231 1116 1302 αἴσχιστόν
1135 1253 1194 1287 τε
1213 1230 1326 1302 ἅμα
1346 1235 1438 1288 καὶ
1457 1232 1734 1288 κάκιστον.
1756 1237 1929 1287 ταῦτα

236 1312 344 1413 γὰρ
367 1310 439 1379 ὦς
464 1317 708 1385 πολέμου
741 1304 803 1369 ἐν
833 1313 1082 1379 ἑκάστοις
1102 1336 1261 1385 ημων
1290 1312 1452 1378 ὄντος
1483 1311 1620 1383 πρὸς
1647 1312 1791 1384 ἡμας
1823 1311 1929 1368 αὐ-

236 1398 367 1461 τοὺς
387 1401 654 1467 σημαίνει.

375 1483 494 1533 ΑΘ.
532 1476 714 1532 Πάλιν
735 1481 929 1532 τοίνυν
948 1474 1047 1532 τὸν
1066 1477 1236 1547 λόγον
1257 1474 1704 1548 αναστρέψωμεν.
1740 1475 1923 1547 ἐπειδὴ

234 1559 340 1630 γάρ
363 1554 437 1625 εἷς
459 1561 686 1624 ἕκαστος
704 1555 864 1630 ἡμῶν
891 1555 919 1614 6
952 1560 1054 1629 μὲν
1081 1564 1345 1630 κρείττων
1375 1556 1567 1629 αὑτοῦ,
1601 1557 1629 1614 ὁ
1665 1559 1725 1615 δὲ
1745 1557 1927 1631 ἥττων

120 1655 205 1703 627
237 1646 365 1711 ἐστί,
387 1641 593 1710 πότερα
613 1646 810 1712 φῶμεν
830 1644 1010 1716 οἰκίαν
1037 1662 1095 1696 τε
1126 1642 1218 1696 καὶ
1247 1642 1442 1713 κώμην
1468 1644 1562 1697 καὶ
1592 1640 1756 1698 πόλιν
1783 1645 1925 1713 ἔχειν

233 1720 438 1779 ταυτὸν
455 1729 621 1779 τοῦτο
643 1726 703 1778 ἐν
728 1719 920 1787 αὑταῖς
937 1719 973 1793 ἦ
1001 1719 1075 1794 μὴ
1097 1727 1319 1793 φῶμεν·
1307 1763 1320 1788 ,

373 1801 613 1862 ΚΛ.Τό
646 1807 873 1876 κρείττω
901 1823 961 1858 τε
989 1802 1158 1873 αὑτῆς
1190 1803 1331 1858 εἶναι
1358 1805 1531 1873 λέγεις
1566 1801 1707 1873 τινά,
1734 1800 1838 1874 τὴν
1869 1800 1921 1858 δ’

232 1883 403 1956 ἥττω·
390 1928 404 1953 ,

375 1975 493 2025 ΛΘ.
529 1974 659 2024 Ναί.

374 2055 492 2108 ΚΛ.
534 2051 645 2106 Καὶ
661 2055 824 2106 τοῦτο
846 2046 1035 2120 ὀρθῶς
1050 2047 1219 2120 ἤρου·
1243 2046 1395 2103 πάνυ
1412 2045 1520 2120 γὰρ
1541 2052 1654 2105 ἔστι
1672 2051 1762 2104 καὶ
1785 2047 1929 2117 σφό-

234 2136 339 2231 δρα
355 2131 416 2187 τὸ
438 2138 712 2203 τοιοῦτον,
737 2151 839 2202 ουχ
856 2130 1070 2203 ἥκιστα,
1091 2134 1153 2186 ἐν
1171 2142 1287 2194 ταῖς
1308 2130 1564 2186 πόλεσιν·
1613 2133 1674 2186 ἐν
1694 2127 1936 2195 ὁπόσαις·

233 2235 334 2283 μεν
349 2211 457 2284 γὰρ
482 2211 585 2267 οῖ’
554 2217 846 2282 αμείνονες
867 2218 1065 2268 νικωσι
1085 2211 1146 2269 τὸ
1169 2219 1385 2284 πλῆθος
1411 2214 1504 2269 καὶ
1531 2210 1663 2277 τούς
1689 2216 1922 2313 χείρους,

234 2290 421 2364 ὀρθως
445 2315 517 2348 αν
537 2291 678 2362 αὕτη
699 2297 964 2362 κρείττων
998 2313 1056 2348 τε
1084 2291 1253 2363 αυτῆς
1273 2291 1488 2363 λέγοιθ’
1517 2292 1550 2362 ἡ
1583 2293 1739 2356 πόλις
1768 2295 1924 2346 ἐπαι-

168 2391 200 2431 Β
233 2375 385 2432 νοῑτό
413 2396 473 2430 τε
491 2397 564 2430 αν
596 2374 911 2430 δικαιότατα
939 2380 1008 2446 τῇ
1028 2375 1255 2446 τοιαύτῃ
1285 2379 1437 2446 νίκῃ·
1475 2372 1807 2429 τούναντίον
1842 2377 1918 2443 δέ,

234 2457 381 2513 ὅπου
404 2455 686 2512 τάναντία.
977 2525 981 2533 ,
1345 2479 1351 2484 ·

376 2545 494 2594 ΑΘ.
537 2536 611 2594 Τὸ
634 2537 735 2609 μὲν
752 2542 946 2594 τοίνυν
965 2544 1020 2593 εἴ
1037 2536 1161 2594 ποτ’
1183 2541 1299 2594 ἐστί
1314 2557 1424 2594 που
1454 2536 1514 2594 τὸ
1536 2533 1721 2611 χεῖρον
1741 2548 1921 2608 κρεῖτ-

232 2643 332 2678 τον
355 2627 460 2678 τοῦ
482 2620 772 2694 ἀμείνονος
803 2622 1071 2694 ἐάσωμεν·
1110 2624 1456 2694 μακροτέρου
1481 2621 1589 2693 γὰρ
1621 2621 1819 2693 λόγου·
1855 2620 1917 2677 τὸ
1972 2677 1976 2682 ,

235 2702 294 2758 δὲ
330 2700 438 2758 ὑπὸ
479 2709 585 2759 σοῦ
622 2703 928 2775 λεγόμενον
957 2704 1231 2775 μανθάνω
1263 2709 1389 2774 νῦν,
1425 2703 1499 2770 ὥς
1535 2724 1667 2759 ποτε
1703 2711 1918 2759 πολῖται

234 2787 510 2854 ξυγγενεῖς
528 2786 619 2840 καὶ
638 2789 734 2858 τῆς
755 2783 926 2858 αὐτῆς
943 2786 1154 2852 πόλεως
1173 2786 1462 2858 γεγονότες
1482 2784 1664 2842 ἄδικοι
1681 2788 1773 2855 καὶ
1791 2792 1916 2841 πολ-
