1976 3172
722 137 1041 188 ΝΟΜΩΝ
1072 131 1129 186 δ’.
1619 135 1722 190 123

184 283 303 335 ΚΛ.
334 275 705 347 Ἀληθέστατα
721 274 908 339 λέγεις.

184 363 245 414 X.
280 364 400 414 ΛΘ.
435 354 686 427 Πότερον
702 343 810 407 οὖν
825 347 960 421 ἡμῖν
978 346 1009 405 ὁ
1027 354 1355 422 τεταγμένος
1380 353 1466 406 ἐπὶ
1483 363 1596 416 τοῖς
1623 373 1726 408 νο-

43 462 169 513 μοις
199 439 372 513 μηδὲν
404 443 662 494 τοιοῦτον
696 431 1084 504 προσαγορεύῃ
1114 433 1176 487 ἐν
1200 428 1340 503 ἀρχῇ
1369 438 1484 487 τῶν
1513 434 1723 503 νόμων,

44 521 171 580 ἀλλ’
195 520 372 587 εύθύς
393 518 427 576 ὃ
450 523 538 576 δεῖ
549 528 730 575 ποιεῖν
742 518 834 572 καὶ
853 512 928 586 μὴ
961 511 1143 585 φράζῃ
1160 533 1220 568 τε
1247 514 1338 569 καὶ
1360 514 1727 585 ἐπαπειλήσας

42 606 146 677 τὴν
163 608 358 676 ζημίαν
373 599 464 658 ἐπ’
483 600 655 657 ἄλλον
671 600 934 671 τρέπηται
952 596 1148 667 νόμον,
1168 601 1528 668 παραμυθίας
1548 596 1607 653 δὲ
1631 598 1724 653 καὶ
1753 613 1841 659 720

41 692 276 751 πειθοῦς
299 696 412 750 τοῖς
430 683 934 755 νομοθετουμένοις
949 679 1087 752 μηδὲ
1106 681 1168 734 ἓν
1187 683 1499 754 προσδιδῷ;
1533 679 1726 736 καθά-

39 789 145 840 περ
162 765 351 839 ἰατρός
371 768 436 823 δέ
455 786 555 836 τις,
573 761 603 820 ὁ
622 764 728 836 μὲν
746 762 942 832 οὕτως,
973 760 1004 818 ὁ
1034 760 1087 818 δ’
1118 763 1339 827 ἐκείνως
1359 760 1503 834 ἡμᾶς
1522 770 1725 819 εἴωθεν

39 849 294 908 ἑκάστοτε
311 847 652 919 θεραπεύειν
672 880 737 890 -
758 843 1307 917 ἀναμιμνῃσκώμεθα
1328 846 1388 899 δὲ
1404 844 1504 900 τὸν
1517 843 1726 913 τρόπον

40 931 320 1003 ἑκάτερον,
348 934 442 987 ἵνα
458 937 562 986 τοῦ
590 930 906 1001 νομοθέτου
935 926 1212 997 δεώμεθα,
1241 926 1503 996 καθάπερ
1531 930 1727 994 ἰατροῦ

42 1015 254 1069 δέοιντο
272 1008 346 1067 ἄν
363 1014 555 1076 παῖδες
579 1010 681 1067 τὸν
699 1009 1015 1080 πραότατον
1034 1006 1208 1064 αὐτὸν
1227 1007 1565 1077 θεραπεύειν
1594 1006 1727 1078 τρό-

42 1113 152 1149 πον
180 1093 436 1159 ἑαυτούς·
467 1089 587 1148 οἷον
607 1089 675 1163 δὴ
706 1096 763 1147 τί
792 1092 1049 1161 λέγομεν;
1086 1091 1191 1146 εἰσὶ
1218 1090 1331 1146 πού
1358 1112 1505 1156 τινες
1531 1095 1727 1160 ἰατροί,

42 1178 244 1245 φαμέν,
263 1179 361 1231 καί
371 1195 518 1240 τινες
534 1172 803 1245 ὑπηρέται
820 1179 934 1228 τῶν
954 1177 1177 1243 ἰατρῶν,
1199 1171 1422 1244 ἰατροὺς
1441 1172 1502 1229 δὲ
1520 1176 1731 1228 καλοῦ-

40 1276 146 1326 μεν
165 1256 235 1327 δή
252 1275 364 1312 που
383 1258 475 1310 καὶ
491 1254 741 1317 τούτους.
949 1300 957 1306 .

0 1366 5 1379 =
180 1343 300 1393 ΚΛ.
336 1335 506 1391 Πάνυ
522 1335 627 1406 μὲν
645 1328 767 1389 οὖν.
870 1364 877 1377 2
1753 1347 1787 1388 Β

0 1426 5 1508 Ι
31 1423 35 1426 ’
180 1425 298 1475 ΑΘ.
331 1414 458 1473 Ἐάν
492 1420 552 1471 τέ
583 1413 640 1485 γ’
677 1412 966 1483 ἐλεύθεροι
996 1407 1133 1468 ῶσιν
1164 1413 1264 1469 ἐάν
1289 1435 1348 1469 τε
1367 1418 1576 1485 δοῦλοι,
1599 1413 1722 1470 κατ’

0 1515 9 1563 3
41 1501 282 1566 ἐπίταξιν
300 1498 362 1555 δὲ
377 1503 492 1554 τῶν
509 1501 796 1553 δεσποτῶν
814 1498 905 1551 καὶ
922 1499 1171 1565 θεωρίαν
1187 1496 1279 1551 καὶ
1297 1492 1422 1551 κατ’
1442 1499 1729 1566 ἐμπειρίαν

0 1584 10 1644 ’,·
39 1580 144 1651 τὴν
161 1581 359 1651 τέχνην
375 1583 632 1648 κτῶνται,
654 1575 796 1634 κατὰ
817 1577 995 1648 φύσιν
1015 1576 1075 1632 δὲ
1093 1576 1184 1648 μή,
1207 1576 1466 1647 καθάπερ
1487 1578 1545 1631 oc
1569 1575 1729 1632 ἐλεύ-

38 1668 204 1732 θεροι
230 1658 391 1735 αὐτοί
414 1681 475 1716 τε
502 1658 892 1731 μεμαθήκασιν
922 1655 1070 1714 οὕτω
1096 1657 1229 1724 τούς
1263 1679 1322 1714 τε
1352 1655 1540 1714 αὐτῶν
1571 1656 1730 1713 διδοῖ·
1771 1684 1773 1687 ·

41 1759 239 1800 σκουσι
263 1745 477 1807 παῖδας.
496 1747 655 1814 θείης
673 1737 747 1797 ἂν
763 1745 938 1796 ταῦτα
957 1739 1061 1797 δύο
1080 1742 1214 1812 γένη
1235 1746 1350 1796 τῶν
1366 1741 1730 1811 καλουμένων

39 1828 281 1907 ζατρῶν;

182 1911 303 1963 ΚΛ.
340 1910 472 1971 Πῶς
489 1903 597 1975 γὰρ
618 1904 690 1960 οὔ
701 1928 716 1971 ;

184 1993 301 2043 ΑΘ.
333 1980 452 2055 'Ao'
485 1979 594 2043 οὖν
622 1987 715 2043 καὶ
743 1989 1012 2054 ξυννοεϊς,
1043 1984 1131 2040 ὅτι
1150 1983 1373 2039 δούλων
1393 1980 1486 2038 καὶ
1503 1983 1731 2037 ἐλευθέ-

45 2089 165 2137 ρων
182 2065 365 2123 ὄντων
382 2073 497 2123 τῶν
514 2065 845 2139 καμνόντων
865 2068 926 2122 έν
944 2077 1062 2131 ταῖς
1080 2065 1274 2120 πόλεσι
1302 2063 1434 2131 τούς
1461 2066 1564 2136 μὲν
1594 2062 1731 2119 δού-
1763 2074 1795 2116 C

43 2155 178 2213 λους
195 2147 397 2219 σχεδόν
420 2170 475 2203 τι
507 2151 565 2204 οἰ
589 2152 785 2204 δοῦλοι
807 2145 874 2202 τὰ
905 2144 1084 2202 πολλὰ
1119 2144 1440 2217 ἰατρεύουσι
1475 2146 1732 2216 περιτρέ-

41 2250 233 2302 χοντες
254 2230 347 2285 καὶ
373 2231 438 2286 ἐν
459 2241 572 2295 τοῖς
609 2233 864 2298 ἰατρείοις
899 2230 1302 2299 περιμένοντες,
1330 2229 1420 2283 καὶ
1445 2226 1574 2282 οὔτε
1604 2226 1728 2283 τινὰ

0 2321 14 2367 5
42 2311 214 2381 λόγον
232 2310 467 2367 ἑκάστου
490 2313 616 2383 πέρι
641 2308 951 2382 νοσήματος
970 2308 1204 2365 ἑκάστου
1233 2314 1348 2364 τῶν
1377 2311 1606 2364 οἰκετῶν
1626 2305 1730 2362 οὐ-

0 2390 13 2486 }
40 2393 156 2457 we
172 2398 285 2448 τῶν
300 2391 573 2456 τοιούτων
591 2396 800 2462 ἰατρῶν
820 2395 1047 2448 δίδωσιν
1061 2387 1184 2447 οὐδ’
1205 2387 1547 2461 ἀποδέχεται,
1561 2408 1731 2458 προς-

1 2493 9 2501 ·
46 2471 210 2540 τάξας
234 2472 286 2531 δ’
327 2474 479 2550 αὐτῷ
503 2475 571 2532 τὰ
600 2474 838 2542 δόξαντα
864 2476 919 2541 ἐξ
948 2475 1246 2546 ἐμπειρίας,
1272 2469 1345 2538 ῶς
1379 2470 1622 2544 ἀκριβῶς
1653 2475 1733 2527 εἰ-

0 2565 10 2613 ]
49 2552 180 2626 δός,
213 2556 468 2629 καθάπερ
502 2558 781 2630 τύραννος
823 2554 1092 2621 αὐθαδῶς
1130 2563 1334 2626 οἴχεται
1370 2552 1733 2627 ἀποπηδήσας

0 2635 12 2698 ³¹
49 2634 192 2705 ποός
209 2633 380 2693 ἄλλον
394 2639 676 2713 κάμνοντα
692 2642 929 2714 οἰκέτην,
949 2639 1039 2696 καὶ
1061 2636 1356 2711 ῥᾳστώνην
1374 2635 1523 2694 οὕτω
1542 2641 1618 2711 τῷ
1640 2638 1735 2691 δε·-

0 2733 12 2771 τ
47 2715 226 2790 σπότῃ
248 2722 642 2791 παρασκευάζει
658 2729 772 2780 τῶν
790 2719 1123 2794 καμνόντων
1141 2725 1235 2792 τῆς
1253 2721 1578 2791 ἐπιμελείας·
1610 2714 1638 2773 ὁ
1661 2717 1721 2771 δὲ
1763 2730 1798 2772 Ι)

0 2818 13 2927 Ιι
48 2798 350 2870 ἐλεύθερος
386 2798 460 2867 ὥς
494 2803 578 2860 ἐπὶ
599 2804 661 2861 τὸ
692 2811 951 2862 πλεῖστον
979 2801 1046 2860 τὰ
1072 2808 1187 2859 τῶν
1216 2803 1534 2870 ἐλευθέρων
1559 2797 1733 2868 νοσή-
