1976 3172
686 110 1005 160 ΝΟΜΩΝ
1038 101 1117 156 ια’.
1640 100 1744 158 353

55 249 200 318 ρινά.
237 246 343 303 ὅσα
372 245 433 302 δὲ
461 244 554 301 διά
590 266 740 310 τινος
769 240 916 313 ῶνῆς
941 239 979 312 ἦ
1014 243 1107 297 καὶ
1132 242 1388 311 πράσεως
1423 241 1751 300 ἀλλάττεταί

53 353 135 396 τις
154 333 229 387 ἔτι
252 351 338 394 μσς
365 327 534 401 ἄλλω,
556 326 784 382 διδόντα
810 327 872 381 ἐν
888 324 1044 397 χώρᾳ
1074 330 1143 396 τῇ
1170 330 1472 398 τεταγμένῃ
1499 323 1748 388 ἑκάστοις

53 410 167 469 κατ’
188 407 409 481 ἀγορὰν
426 411 517 465 καὶ
538 406 838 480 δεχόμενον
855 407 918 460 έν
933 411 1011 479 τῷ
1031 413 1366 478 παραχρῆμα
1385 405 1549 478 τιμὴν
1567 404 1748 471 οὕτως

55 491 443 562 ἀλλάττεσθαι,
463 489 668 547 ἄλλοθι
685 487 747 544 δὲ
762 489 1040 558 μηδαμοῦ,
1058 484 1191 558 μηδ’
1222 489 1311 544 ἐπὶ
1329 485 1582 559 ἀναβολῇ
1600 493 1748 557 προῖ-

54 592 146 631 σιν
182 573 319 646 μηδὲ
346 570 501 644 ὠνὴν
534 576 818 628 ποιεῖσθαι
851 566 1112 639 μηδενός·
1162 565 1265 626 ἐὰν
1302 569 1363 625 δὲ
1401 568 1582 634 ἄλλως
1610 564 1648 639 ἢ
1683 571 1747 624 έν

53 655 243 720 ἄλλοις
270 656 462 719 τόποις
497 650 691 709 ὁτιοῦν
726 646 866 706 ἀνθ’
906 646 1150 706 ὁτουοῦν
1180 653 1524 722 διαμείβηται
1560 650 1746 719 ἕτερος
1775 662 1809 703 Ε

54 733 225 808 ἄλλω,
259 734 543 790 πιστεύων
573 731 714 803 πρὸς
741 730 812 788 ὃν
846 728 920 786 ἂν
947 728 1276 802 ἀλλάττηται
1308 738 1529 789 ποιείτω
1556 738 1774 802 ταῦτα,-

55 813 132 892 ῶς
150 814 257 871 οὐκ
275 814 467 871 οὐσῶν
486 819 661 871 δικῶν
677 811 818 871 κατά
840 812 1021 883 νόμον
1038 815 1164 885 περὶ
1187 818 1301 869 τῶν
1318 813 1393 886 μὴ
1415 815 1752 884 πραθέντων

0 920 2 927 “
52 898 191 956 κατὰ
209 896 277 955 τὰ
300 904 409 954 νῦν
428 897 715 968 λεγόμενα.
764 895 986 966 ἐράνων
1010 897 1070 950 δὲ
1094 892 1237 968 πέρι,
1270 895 1387 953 τὸν-
1398 896 1752 970 βουλόμενον

0 997 2 1014 ¹
54 982 324 1051 ἐρανίζειν
343 984 513 1050 φίλον
533 976 683 1047 παρὰ
703 982 911 1048 φίλοις·
934 974 1034 1033 ἐὰν
1057 980 1122 1034 δέ
1134 999 1215 1043 τις
1234 977 1477 1050 διαφορὰ
1498 984 1752 1051 γίγνηται

0 1080 4 1089 ·
54 1064 179 1131 περὶ
198 1068 294 1134 τῆς
316 1061 629 1133 ἐρανίσεως,
650 1058 799 1116 οὕτω
819 1058 1080 1128 πράττειν
1106 1058 1183 1126 ῶς
1202 1064 1375 1117 δικῶν
1399 1062 1596 1133 μηδενὶ
1623 1061 1752 1131 περὶ

53 1143 272 1199 τούτων
303 1146 568 1215 μηδαμῶς
596 1144 892 1214 ἐσομένων.
933 1139 994 1208 ὃς
1025 1140 1080 1197 δ’
1111 1138 1186 1199 ἄν
1211 1141 1561 1216 ἀποδόμενος
1587 1142 1754 1215 τιμήν

0 1244 7 1253 ·
54 1246 157 1280 του
185 1222 330 1298 λάβῃ
356 1222 431 1296 μὴ
462 1224 667 1280 ἐλάττω
695 1227 958 1295 δραχμῶν
985 1225 1349 1297 πεντήκοντα,
1387 1226 1750 1297 παραμενέτω

0 1328 7 1338 ·
53 1305 195 1361 κατὰ
215 1306 381 1362 πόλιν
398 1307 454 1371 ἐξ
476 1302 723 1376 ἀνάγκης
742 1308 875 1360 δέκα
894 1303 1115 1379 ἡμέρας,
1137 1304 1166 1362 ὁ
1199 1310 1260 1362 δὲ
1287 1306 1590 1379 πριάμενος
1617 1314 1751 1364 ἴστω
1779 1316 1866 1363 916

0 1409 9 1418 ·
52 1386 157 1459 τὴν
176 1390 361 1443 οἰκίαν
377 1385 482 1456 τὴν
499 1391 603 1441 τοῦ
621 1384 993 1458 ἀποδομένου,
1012 1394 1127 1442 τῶν
1155 1389 1282 1456 περὶ
1308 1386 1375 1443 τὰ
1405 1394 1635 1444 τοιαῦτα
1657 1390 1748 1460 ε’γ-

0 1493 8 1503 ·
55 1467 353 1541 κλημάτων
375 1466 663 1524 εἰωθότων
679 1471 975 1539 γίγνεσθαι
991 1469 1156 1540 χάριν
1173 1470 1266 1526 καὶ
1294 1475 1409 1526 τῶν
1438 1467 1752 1542 ἀναγωγῶν
1845 1533 1866 1550 l

0 1574 10 1584 ·
54 1555 171 1617 τῶν
187 1546 330 1606 κατὰ
349 1548 559 1620 νόμους
576 1552 785 1606 εἵνεκα·
815 1548 850 1627 ἡ
882 1551 943 1607 δε
970 1550 1108 1607 κατὰ
1140 1551 1351 1624 νόμους
1379 1549 1640 1624 ἀναγωγὴ
1660 1551 1754 1608 καὶ

0 1655 12 1666 ·
55 1628 129 1703 μὴ
150 1634 280 1703 τῇδε
294 1633 449 1686 ἔστω.
462 1628 572 1686 ἐάν
581 1651 663 1696 τις
680 1627 1044 1703 ἀνδράποδον
1063 1630 1346 1689 ἀποδῶται
1359 1633 1579 1706 κάμνον
1594 1630 1754 1707 φθόῃ

56 1708 93 1783 ἦ
111 1718 294 1768 λιθῶν
310 1707 348 1783 ἦ
366 1718 795 1784 στραγγουριῶν
812 1712 849 1785 ἢ
866 1721 936 1788 τῇ
954 1717 1273 1788 καλουμένῃ
1292 1717 1418 1791 ἱερα
1435 1715 1586 1791 νόσω
1604 1712 1639 1788 ὴ
1631 1714 1752 1773 καὶ

0 1809 2 1816 ·
53 1793 223 1868 ἑτέρω
253 1795 361 1850 τινὶ
390 1791 581 1868 ἀδήλῳ
610 1806 723 1861 τοῖς
751 1802 976 1863 πολλοῖς
995 1795 1264 1868 νοσήματι
1282 1818 1476 1872 μακρςο
1496 1772 1589 1854 κάὶ
1619 1799 1752 1862 δυς-

55 1875 191 1951 ιάτφ
218 1874 358 1932 κατὰ
387 1875 448 1932 τό
478 1882 637 1949 σῶμα
664 1873 702 1950 ἦ
720 1879 860 1953 κατὰ
886 1878 991 1950 τὴν
1022 1880 1296 1949 διάνοιαν,
1325 1877 1426 1936 έάν
1450 1877 1554 1951 μὲν
1581 1882 1755 1954 ἰατρῷ

53 1979 137 2034 τις
149 1955 188 2030 ἦ
195 1964 506 2031 γυμναστῇ,
526 1957 601 2031 μὴ
624 1957 919 2033 ἀναγωγῆς
938 1965 1077 2018 ἔστω
1096 1960 1276 2035 τούτῳ
1298 1958 1439 2032 πρὸς
1457 1959 1556 2017 τὸν
1573 1966 1752 2018 τοιοῦ-

0 2115 1 2118 Ὶ
53 2060 156 2111 Γτον
172 2039 488 2111 τυγχάνειν,
510 2039 639 2112 μηδ’
664 2039 764 2098 έάν
789 2040 1029 2114 τάληθές
1058 2065 1145 2109 τιςΔ
1165 2040 1451 2114 προειπών
1471 2039 1758 2113 ἀποδῶταί
1782 2052 1815 2094 Β

56 2141 135 2177 τω
151 2142 163 2154 ·
184 2122 284 2179 ἐὰν
302 2124 367 2178 δέ
387 2144 468 2187 τις
485 2122 677 2195 ἰδιώτῃ
695 2144 747 2179 τι
765 2130 882 2180 τῶν
899 2124 1169 2182 τοιούτων
1189 2123 1473 2182 ἀποδῶται
1492 2128 1748 2197 δημιουρ·

56 2201 175 2277 γός,
200 2198 232 2258 ὁ
251 2203 554 2275 πριάμενος
571 2203 725 2269 έντός
744 2203 1043 2277 ἑκμήνου’
1011 2209 1279 2279 αναγέτω,
1299 2204 1446 2279 πλὴν
1464 2212 1560 2280 τῆς
1578 2207 1746 2279 ίερᾶς·

52 2283 261 2382 ταύτης
280 2280 336 2340 δ’
356 2282 513 2350 ἐντὸς
530 2287 791 2343 ἐνιαυτοῦ
808 2286 914 2359 τὴν
933 2286 1230 2361 ἀναγωγὴν
1247 2291 1445 2356 ἐξέστω
1469 2297 1749 2346 ποιεῖσθαι

39 2370 155 2438 ετῆς
176 2364 371 2422 νόσου.
410 2369 812 2436 διαδικαζέσθω
832 2372 894 2426 δὲ
923 2375 986 2426 ἕν
1012 2388 1119 2427 τισι
1152 2376 1264 2428 τῶν
1294 2375 1517 2442 ἰατρῶν,
1549 2368 1650 2438 οὕς
1678 2393 1751 2427 αν

59 2453 222 2519 κοινῇ
245 2448 657 2521 προβαλόμενοι
677 2451 931 2507 ἕλωνται·
971 2451 1071 2509 τὸν
1090 2451 1150 2510 δὲ
1181 2452 1430 2525 ὅφλοντα
1458 2450 1562 2522 τὴν
1586 2456 1750 2523 δίκην

38 2519 355 2625 ’διπλάσιον
390 2526 672 2589 ἀποτίνειν
700 2555 796 2606 της
829 2541 1004 2606 τιμῆς,
1032 2526 1098 2605 ἧς
1132 2557 1206 2602 αν
1232 2534 1529 2590 ἀποδῶται.
1569 2531 1668 2590 έάν
1689 2535 1749 2590 δὲ

39 2605 254 2681 ῥίδιιότῃ
270 2629 352 2675 τις
369 2609 656 2683 ἰδιῶτης,’
622 2613 924 2687 αναγωγὴν
940 2613 1043 2686 μὲν
1063 2612 1222 2684 εἶναι,
1244 2612 1503 2682 καθάπερ
1523 2615 1746 2679 καὶτοῖς
1778 2629 1808 2669 c

40 2687 318 2787 ιπρόσθεν
337 2690 569 2763 ἐρρήθη,
588 2694 680 2750 καὶ
696 2693 800 2768 τὴν
820 2690 1236 2766 διαδικασίαν,’
1208 2716 1237 2749 ο
1257 2694 1316 2751 δὲ
1339 2692 1533 2766 ὅφλων
1551 2694 1656 2767 τὴν
1673 2717 1744 2751 τι·

42 2773 173 2843 ιμήν
191 2768 711 2895 ἑπιλτηγξποτινέτω.
750 2775 852 2835 ἐὰν
880 2777 939 2834 δὲ
970 2776 1329 2849 ἀνδροφόνον
1357 2774 1644 2904 ἀπὲδδῶταί
1665 2783 1745 2845 τίς
