1976 3172
743 103 1062 154 Nommv
1093 95 1144 163 ξ.
1590 82 1595 86 ’
1689 97 1795 151 225

95 242 262 315 δριμὺ
284 245 377 300 καὶ
395 240 799 314 ὑβριστότατον
825 241 1047 310 θηρίων
1065 241 1311 307 γίγνεται
1325 259 1337 271 ·
1372 236 1458 294 διὸ
1481 237 1548 310 δὴ
1571 244 1796 304 πολλοῖς

0 345 5 363 '
95 324 232 382 αὐτὰ
254 321 376 382 οἷον
397 330 641 396 χαλινοῖς
672 322 779 377 τισὶ
807 324 896 377 δεῖ
918 318 1235 390 δεσμεύειν,
1266 324 1490 391 πρῶτον
1516 320 1637 391 μέν,
1665 327 1859 390 τρο-Ε

0 428 5 445 ’
95 428 224 478 φων
242 410 336 465 καὶ
354 408 610 504 μητέρων
629 402 766 460 ὅταν
795 399 1226 473 ἀπαλλάττηται,
1261 403 1636 470 παιδαγωγοῖς
1664 421 1794 457 παι-

0 510 5 526 '
96 492 216 554 δίας
235 490 329 546 καὶ
348 486 679 559 νηπιότητος
694 483 879 555 χάριν,
899 485 980 539 ἔτι
1006 478 1060 538 δ’
1094 477 1168 537 αὖ
1196 493 1311 548 τοις
1337 482 1671 541 διδάσκουσι
1702 485 1796 539 καὶ

93 569 289 629 ὁτιοῦν
314 572 409 628 καὶ
443 568 774 642 μαθήμασιν
812 587 887 631 ως
914 564 1244 637 ἐλεύθερον·
1286 563 1360 630 ὥς
1390 563 1444 620 δ’
1470 557 1546 620 αὖ
1565 568 1793 633 δοῦλον,

92 661 201 719 πᾶς
229 651 260 710 ὁ
295 648 738 724 προστυγχάνων
773 670 890 705 των
923 649 1243 717 ἐλευθέρων
1275 645 1503 717 ανδρων
1523 649 1793 713 κολαζέτω

92 735 197 790 τόν
221 756 281 791 τε
299 737 470 790 παῖδα
489 730 665 788 αὐτὸν
684 733 776 788 καὶ
798 729 902 788 τὸν
919 728 1282 802 παιδαγωγὸν
1299 730 1392 786 καὶ
1408 730 1507 785 τὸν
1527 728 1796 785 διδάσκα-

90 823 212 886 λον,
231 815 332 872 ἐὰν
352 814 707 887 ἐξαμαρτάνῃ
725 817 808 878 τίς
826 834 879 869 τι
895 812 1129 869 τούτων.
1162 809 1236 869 ἂν
1255 809 1319 881 δ’,
1340 805 1417 868 αὖ
1442 809 1797 882 προστυγχά-

89 919 212 955 νων
223 919 305 964 τις
331 896 408 970 μὴ
428 898 636 971 κολάζῃ
652 903 724 970 τῇ
743 899 887 969 δίκῃ,
911 891 1115 952 ὀνείδει
1133 895 1237 967 μὲν
1264 895 1541 966 ἐνεχέσθω
1572 898 1798 966 πρῶτον

0 1038 3 1053 ,
92 988 169 1056 τῷ
201 987 459 1057 μεγίστῳ,
480 981 510 1039 ὁ
543 984 604 1038 δὲ
627 988 742 1037 τῶν
758 980 1177 1052 νομοφυλάκων
1197 982 1286 1037 ἐπὶ
1314 978 1418 1052 τὴν
1443 986 1559 1036 τῶν
1581 983 1797 1036 παίδων

93 1062 272 1136 ἀρχὴν
307 1063 585 1140 ᾑρημένος
621 1066 986 1137 ἐπισκοπείτω
1017 1069 1221 1120 τοῦτον
1249 1061 1348 1138 τὸν
1383 1062 1794 1134 ἐντυγχάνοντα
1823 1082 1909 1127 809

93 1142 176 1211 οἷς
193 1148 429 1219 λέγομεν
446 1147 540 1203 καὶ
556 1144 631 1217 μὴ
661 1145 965 1213 κολάζοντα
987 1148 1118 1202 δέον
1147 1145 1398 1213 κολάζειν
1425 1142 1462 1217 ἦ
1491 1144 1794 1212 κολάζοντα

89 1311 525 1382 ἐπιμελούμενος
540 1317 639 1381 τῆς
663 1316 778 1366 τῶν
800 1314 1018 1366 παίδων
1044 1317 1257 1382 τροφῆς
1275 1313 1673 1367 κατευθυνέτω
1698 1311 1795 1375 τὰς

91 1392 293 1464 φύσεις
317 1390 525 1462 αὐτῶν,
558 1389 644 1447 ἀεὶ
678 1392 900 1463 τρέπων
930 1390 1071 1463 πρὸς
1095 1390 1353 1464 τάγαθὸν
1388 1391 1530 1448 κατὰ
1566 1393 1791 1463 νόμους.

89 1481 294 1532 τοῦτον
315 1476 375 1531 δὲ
393 1473 571 1531 αὐτὸν
590 1467 666 1530 αὖ
684 1480 803 1539 πῶς
835 1469 910 1530 ἂν
937 1471 1073 1546 ἡμῖν
1101 1472 1130 1530 ὁ
1162 1473 1333 1546 νόμος
1362 1471 1532 1539 αὐτὸς
1560 1474 1793 1530 παιδεύ-

94 1573 244 1613 σειεν
279 1559 512 1624 ἰκανῶςς
549 1563 659 1613 νῦν
694 1559 800 1628 μὲν
826 1555 937 1628 γὰρ
965 1555 1032 1629 δὴ
1065 1564 1290 1629 εἴρηκεν
1310 1554 1482 1615 οὐδέν
1501 1575 1590 1613 πω
1621 1554 1793 1627 σαφὲς

90 1637 223 1697 οὐδὲ
257 1640 473 1710 ἱκανόν,
510 1635 652 1695 α’λλά
681 1638 750 1694 τοὶ
779 1641 901 1711 μέν,
938 1638 1006 1695 τὰ
1028 1637 1080 1695 δ’
1115 1639 1210 1696 οὔ·
1249 1645 1338 1698 δεῖ·
1359 1643 1420 1697 δὲ
1449 1645 1526 1707 είς
1549 1638 1791 1712 δύναμιν
1828 1656 1859 1696 Β

90 1723 268 1796 μηδεν
287 1727 651 1791 παραλείπειν
669 1718 842 1794 αυτῷ,
866 1721 1048 1779 πάντα
1073 1722 1134 1780 δὲ
1156 1723 1328 1795 λόγον
1359 1722 1790 1796 ἀφερμηνεύειν,

88 1808 187 1862 ἳνα
206 1797 371 1870 οὗτος
387 1814 502 1870 τοῖς
521 1802 712 1871 ἄλλοις
734 1805 986 1882 μηνυτής
1004 1827 1063 1862 τε
1083 1805 1199 1878 ἅμα
1217 1809 1308 1864 καὶ
1336 1805 1580 1879 τροφεὺς
1598 1810 1793 1878 γίγνη-

72 1909 194 1955 ται.
232 1886 300 1943 τὰ
329 1888 435 1959 μεν
452 1908 559 1943 ουν
587 1884 654 1959 δη
682 1891 901 1960 χορείας
929 1890 1056 1959 πέρι
1083 1895 1269 1960 μελων
1305 1911 1365 1947 τε
1391 1892 1484 1946 καὶ
1513 1886 1793 1960 ὀρχήσεως

86 1967 322 2039 ἐρρήθη,
342 1971 467 2024 τίνα
486 1965 667 2024 τύπον
696 1974 892 2040 ἔχοντα
922 1972 1176 2027 ἐκλεκτέα
1196 1973 1259 2027 τέ
1287 1974 1402 2027 ἐστι
1429 1973 1520 2027 καὶ
1547 1971 1791 2040 ἐπανορ-

88 2052 277 2105 θωτέα
296 2050 388 2106 καὶ
405 2043 751 2123 καθιερωτέα
766 2072 778 2085 ·
806 2073 873 2106 τα
892 2053 999 2107 δὲ’
972 2073 1033 2107 εν
1051 2052 1337 2124 γράμμασι
1354 2052 1458 2124 μὲν
1476 2049 1631 2122 ὅντα,
1653 2051 1790 2107 ἄνευ

88 2134 152 2189 δὲ
161 2134 410 2234 μέτρων,
437 2143 568 2189 ποτα
591 2136 683 2191 καὶ
699 2138 824 2191 τίνα
844 2139 1315 2207 μεταχειρίζεσθαι
1342 2134 1538 2208 χρήσοι
1557 2133 1786 2207 τρόπον,

27 2279 29 2281 ,
88 2238 132 2272 ω
154 2214 346 2288 ἄριστε
363 2235 479 2272 των
498 2219 715 2273 παίδων
731 2216 1043 2289 ἐπιμελητά,
1077 2239 1209 2283 τους
1236 2214 1347 2274 ὑπὸ
1379 2222 1486 2274 σοῦ
1513 2219 1789 2290 τρεφομέ-
1822 2232 1852 2273 C

26 2359 28 2378 ἲ
85 2318 241 2367 νους,
263 2294 371 2353 οὐκ
390 2297 707 2370 εἰρήκαμεν.
745 2302 844 2355 καί
856 2320 942 2355 τοι
970 2298 1038 2355 τά
1057 2301 1161 2371 μὲν
1180 2301 1306 2371 περὶ
1332 2298 1434 2357 τόν
1465 2297 1790 2372 πόλεμον,ἁ“

78 2383 176 2436 δεῖ
194 2379 513 2451 μανθάνειν
531 2401 591 2436 τε
612 2379 821 2447 αὐτους
845 2383 938 2438 καὶ
963 2388 1218 2456 μελετᾷν,
1247 2385 1386 2454 ἔχεις
1408 2403 1486 2438 τω
1514 2383 1682 2458 λόγω,
1721 2403 1787 2437 τα

88 2460 149 2517 δὲ
169 2461 378 2531 περὶτὰ
397 2461 694 2536 γράμματα
714 2484 939 2538 πρωτον
961 2468 1054 2523 καὶ
1070 2464 1336 2539 δεύτερον
1355 2466 1532 2536 λύρας
1549 2467 1678 2537 πέρι
1696 2467 1788 2522 καὶ

24 2560 25 2608 j
87 2538 446 2614 λογισμῶν,
399 2567 482 2603 ων
494 2550 707 2621 ἔφαμεν
720 2546 904 2621 δεῖν,”
871 2565 977 2605 οσα
987 2570 1045 2609 τε
1056 2549 1196 2623 πρὸς
1209 2550 1457 2622 πόλεμον
1469 2551 1560 2607 καὶ
1573 2554 1784 2607 οίκονο-

24 2675 25 2698 ¹
87 2629 221 2694 μίαν
234 2626 326 2681 καὶ
337 2625 440 2698 τὴν
451 2649 590 2686 κατα
603 2630 769 2687 πόλιν
785 2635 1059 2703 διοίκησιν
1074 2638 1274 2705 χρῆναι
1293 2629 1560 2696 ἑκάστους
1571 2637 1782 2704 λαβεῖν,

86 2707 178 2761 καὶ
191 2706 332 2777 πρὸς
349 2704 415 2763 τὰ
439 2706 581 2767 αὐτὰ
599 2718 773 2771 ταῦτα
792 2717 870 2770 ἔτι
888 2712 955 2770 τὰ
975 2714 1217 2786 χρήσιμα
1238 2734 1354 2770 των
1372 2714 1433 2770 έν
1452 2724 1572 2779 ταῖς
1588 2713 1782 2785 περιό-

86 2789 204 2854 δοις
223 2791 594 2912 ἷῶνθεξων,”
557 2812 779 2867 αστρων
797 2818 856 2854 τε
874 2798 1000 2868 πέρι
1013 2798 1103 2853 καὶ
1122 2794 1285 2867 ἡλίου
1300 2796 1392 2854 καὶ
1408 2794 1660 2868 σελήνης,
1675 2794 1781 2852 ὅσα

265 2882 380 2913 ιΑτο
462 2903 470 2911 .
1467 2879 1522 2920 15
