<?xml version="1.0" encoding="UTF-8"?>
<!DOCTYPE html PUBLIC "-//W3C//DTD XHTML 1.0 Transitional//EN"
    "http://www.w3.org/TR/xhtml1/DTD/xhtml1-transitional.dtd">
<html xmlns="http://www.w3.org/1999/xhtml" xml:lang="en" lang="en">
 <head>
  <title>
</title>
<meta http-equiv="Content-Type" content="text/html;charset=utf-8" />
  <meta name='ocr-system' content='tesseract 3.04.00' />
  <meta name='ocr-capabilities' content='ocr_page ocr_carea ocr_par ocr_line ocrx_word'/>
</head>
<body>
  <div class='ocr_page' id='page_1' title='image "./dialogisecumdumt05platuoft_0109.png"; bbox 0 0 1976 3172; ppageno 0'>
   <div class='ocr_carea' id='block_1_1' title="bbox 721 141 1773 213">
    <p class='ocr_par' dir='ltr' id='par_1_1' title="bbox 721 141 1773 213">
     <span class='ocr_line' id='line_1_1' title="bbox 721 141 1773 213; baseline -0.002 -13"><span class='ocrx_word' id='word_1_1' title='bbox 721 149 1035 200; x_wconf 72' lang='grc' dir='ltr'><strong>ΝΟΜΩΝ</strong></span> <span class='ocrx_word' id='word_1_2' title='bbox 1065 141 1124 213; x_wconf 82' lang='grc' dir='ltr'><strong><em>γ’.</em></strong></span> <span class='ocrx_word' id='word_1_3' title='bbox 1707 144 1773 200; x_wconf 85' lang='grc'><strong><em>77</em></strong></span> 
     </span>
    </p>
   </div>
   <div class='ocr_carea' id='block_1_2' title="bbox 2 276 1783 602">
    <p class='ocr_par' dir='ltr' id='par_1_2' title="bbox 2 276 1783 602">
     <span class='ocr_line' id='line_1_2' title="bbox 2 276 1779 359; baseline -0.005 -14"><span class='ocrx_word' id='word_1_4' title='bbox 2 276 5 285; x_wconf 44' lang='lat'><strong>¹</strong></span> <span class='ocrx_word' id='word_1_5' title='bbox 91 292 150 345; x_wconf 81' lang='grc' dir='ltr'><strong><em>οἱ</em></strong></span> <span class='ocrx_word' id='word_1_6' title='bbox 164 291 267 359; x_wconf 78' lang='grc' dir='ltr'><strong><em>μὲν</em></strong></span> <span class='ocrx_word' id='word_1_7' title='bbox 280 286 353 359; x_wconf 88' lang='grc' dir='ltr'><strong><em>μὴ</em></strong></span> <span class='ocrx_word' id='word_1_8' title='bbox 366 288 682 359; x_wconf 77' lang='grc' dir='ltr'><strong><em>βιαιοτέραν</em></strong></span> <span class='ocrx_word' id='word_1_9' title='bbox 698 281 802 354; x_wconf 78' lang='grc' dir='ltr'><strong><em>τὴν</em></strong></span> <span class='ocrx_word' id='word_1_10' title='bbox 818 280 994 353; x_wconf 79' lang='grc' dir='ltr'><strong><em>ἀρχὴν</em></strong></span> <span class='ocrx_word' id='word_1_11' title='bbox 1013 282 1348 358; x_wconf 76' lang='grc' dir='ltr'><strong><em>ποιήσεσθαι</em></strong></span> <span class='ocrx_word' id='word_1_12' title='bbox 1366 283 1661 355; x_wconf 77' lang='grc' dir='ltr'><strong><em>προϊόντος</em></strong></span> <span class='ocrx_word' id='word_1_13' title='bbox 1677 288 1779 339; x_wconf 85' lang='grc' dir='ltr'><strong><em>τοῦ</em></strong></span> 
     </span>
     <span class='ocr_line' id='line_1_3' title="bbox 92 362 1783 441; baseline -0.003 -16"><span class='ocrx_word' id='word_1_14' title='bbox 92 370 302 441; x_wconf 81' lang='grc' dir='ltr'><strong><em>χρόνον</em></strong></span> <span class='ocrx_word' id='word_1_15' title='bbox 320 371 413 425; x_wconf 83' lang='grc' dir='ltr'><strong><em>καὶ</em></strong></span> <span class='ocrx_word' id='word_1_16' title='bbox 427 371 646 439; x_wconf 86' lang='grc' dir='ltr'><strong><em>γένους,</em></strong></span> <span class='ocrx_word' id='word_1_17' title='bbox 664 367 722 420; x_wconf 75' lang='grc' dir='ltr'><strong><em>οἱ</em></strong></span> <span class='ocrx_word' id='word_1_18' title='bbox 746 363 996 421; x_wconf 75' lang='grc' dir='ltr'><strong><em>δὲταῦτα</em></strong></span> <span class='ocrx_word' id='word_1_19' title='bbox 1026 362 1419 435; x_wconf 76' lang='grc' dir='ltr'><strong><em>ἐμπεδούντὼν</em></strong></span> <span class='ocrx_word' id='word_1_20' title='bbox 1444 372 1558 420; x_wconf 80' lang='grc' dir='ltr'><strong><em>τῶν</em></strong></span> <span class='ocrx_word' id='word_1_21' title='bbox 1576 365 1783 437; x_wconf 79' lang='grc' dir='ltr'><strong><em>ἀρχόν-</em></strong></span> 
     </span>
     <span class='ocr_line' id='line_1_4' title="bbox 93 444 1782 527; baseline -0.002 -20"><span class='ocrx_word' id='word_1_22' title='bbox 93 474 208 507; x_wconf 87' lang='grc' dir='ltr'><strong><em>των</em></strong></span> <span class='ocrx_word' id='word_1_23' title='bbox 223 452 359 523; x_wconf 79' lang='grc' dir='ltr'><strong><em>μήτε</em></strong></span> <span class='ocrx_word' id='word_1_24' title='bbox 377 448 535 506; x_wconf 81' lang='grc' dir='ltr'><strong><em>αὐτοὶ</em></strong></span> <span class='ocrx_word' id='word_1_25' title='bbox 558 445 656 512; x_wconf 78' lang='grc' dir='ltr'><strong><em>τὰς</em></strong></span> <span class='ocrx_word' id='word_1_26' title='bbox 674 451 956 527; x_wconf 77' lang='grc' dir='ltr'><strong><em>βασιλείας</em></strong></span> <span class='ocrx_word' id='word_1_27' title='bbox 985 444 1119 502; x_wconf 73' lang='grc' dir='ltr'><strong><em>ποτὲ</em></strong></span> <span class='ocrx_word' id='word_1_28' title='bbox 1141 444 1473 502; x_wconf 81' lang='grc' dir='ltr'><strong><em>καταλύσειν</em></strong></span> <span class='ocrx_word' id='word_1_29' title='bbox 1502 446 1628 518; x_wconf 85' lang='grc' dir='ltr'><strong><em>μήτ’</em></strong></span> <span class='ocrx_word' id='word_1_30' title='bbox 1663 450 1782 503; x_wconf 83' lang='grc' dir='ltr'><strong><em>ἐπι-</em></strong></span> 
     </span>
     <span class='ocr_line' id='line_1_5' title="bbox 92 528 1782 602; baseline -0.002 -13"><span class='ocrx_word' id='word_1_31' title='bbox 92 536 316 602; x_wconf 78' lang='grc' dir='ltr'><strong><em>τρέψειν</em></strong></span> <span class='ocrx_word' id='word_1_32' title='bbox 332 535 703 602; x_wconf 79' lang='grc' dir='ltr'><strong><em>ἐπιχειροῦσιν</em></strong></span> <span class='ocrx_word' id='word_1_33' title='bbox 722 530 941 601; x_wconf 81' lang='grc' dir='ltr'><strong><em>ἑτέροις,</em></strong></span> <span class='ocrx_word' id='word_1_34' title='bbox 953 528 1264 601; x_wconf 82' lang='grc' dir='ltr'><strong><em>βοηθήσειν</em></strong></span> <span class='ocrx_word' id='word_1_35' title='bbox 1283 528 1343 585; x_wconf 76' lang='grc' dir='ltr'><strong><em>δὲ</em></strong></span> <span class='ocrx_word' id='word_1_36' title='bbox 1360 534 1592 601; x_wconf 82' lang='grc' dir='ltr'><strong><em>βασιλῆς</em></strong></span> <span class='ocrx_word' id='word_1_37' title='bbox 1611 550 1670 584; x_wconf 88' lang='grc' dir='ltr'><strong><em>τε</em></strong></span> <span class='ocrx_word' id='word_1_38' title='bbox 1688 536 1782 601; x_wconf 82' lang='grc' dir='ltr'><strong><em>βα·</em></strong></span> 
     </span>
    </p>
   </div>
   <div class='ocr_carea' id='block_1_3' title="bbox 0 610 1845 692">
    <p class='ocr_par' dir='ltr' id='par_1_3' title="bbox 0 610 1845 692">
     <span class='ocr_line' id='line_1_6' title="bbox 0 610 1845 692; baseline -0.004 -21"><span class='ocrx_word' id='word_1_39' title='bbox 0 674 1 692; x_wconf 23' lang='lat'>¹</span> <span class='ocrx_word' id='word_1_40' title='bbox 93 620 343 671; x_wconf 85' lang='grc' dir='ltr'><strong><em>σιλεῦσιν</em></strong></span> <span class='ocrx_word' id='word_1_41' title='bbox 366 611 754 683; x_wconf 80' lang='grc' dir='ltr'><strong><em>ἀδικουμένοις</em></strong></span> <span class='ocrx_word' id='word_1_42' title='bbox 784 612 877 667; x_wconf 86' lang='grc' dir='ltr'><strong><em>καὶ</em></strong></span> <span class='ocrx_word' id='word_1_43' title='bbox 917 610 1111 683; x_wconf 79' lang='grc' dir='ltr'><strong><em>δήμοις</em></strong></span> <span class='ocrx_word' id='word_1_44' title='bbox 1144 611 1238 666; x_wconf 85' lang='grc' dir='ltr'><strong><em>καὶ</em></strong></span> <span class='ocrx_word' id='word_1_45' title='bbox 1278 614 1443 682; x_wconf 90' lang='grc' dir='ltr'><strong><em>δῆμοι</em></strong></span> <span class='ocrx_word' id='word_1_46' title='bbox 1470 610 1664 682; x_wconf 86' lang='grc' dir='ltr'><strong><em>δήμοις</em></strong></span> <span class='ocrx_word' id='word_1_47' title='bbox 1692 614 1781 667; x_wconf 88' lang='grc' dir='ltr'><strong><em>καὶ</em></strong></span> <span class='ocrx_word' id='word_1_48' title='bbox 1813 623 1845 663; x_wconf 94' lang='grc' dir='ltr'><strong>Β</strong></span> 
     </span>
    </p>
   </div>
   <div class='ocr_carea' id='block_1_4' title="bbox 92 686 1783 935">
    <p class='ocr_par' dir='ltr' id='par_1_4' title="bbox 92 686 1783 935">
     <span class='ocr_line' id='line_1_7' title="bbox 92 686 1321 766; baseline -0.002 -15"><span class='ocrx_word' id='word_1_49' title='bbox 92 699 416 766; x_wconf 86' lang='grc' dir='ltr'><strong><em>βασιλεῦσιν</em></strong></span> <span class='ocrx_word' id='word_1_50' title='bbox 435 689 840 764; x_wconf 76' lang='grc' dir='ltr'><strong><em>ἀδικουμένοις.</em></strong></span> <span class='ocrx_word' id='word_1_51' title='bbox 878 686 971 762; x_wconf 80' lang='grc' dir='ltr'><strong><em>ἆρ’</em></strong></span> <span class='ocrx_word' id='word_1_52' title='bbox 995 691 1096 764; x_wconf 83' lang='grc' dir='ltr'><strong><em>ούχ</em></strong></span> <span class='ocrx_word' id='word_1_53' title='bbox 1116 691 1321 758; x_wconf 80' lang='grc' dir='ltr'><strong><em>οὕτως;</em></strong></span> 
     </span>
     <span class='ocr_line' id='line_1_8' title="bbox 233 766 829 846; baseline -0.002 -16"><span class='ocrx_word' id='word_1_54' title='bbox 233 781 363 830; x_wconf 90' lang='grc' dir='ltr'><strong><em>ΜΕ.</em></strong></span> <span class='ocrx_word' id='word_1_55' title='bbox 403 773 568 842; x_wconf 77' lang='grc' dir='ltr'><strong><em>Οὕτω</em></strong></span> <span class='ocrx_word' id='word_1_56' title='bbox 586 773 688 846; x_wconf 75' lang='grc' dir='ltr'><strong><em>μὲν</em></strong></span> <span class='ocrx_word' id='word_1_57' title='bbox 706 766 829 829; x_wconf 83' lang='grc' dir='ltr'><strong><em>οὖν.</em></strong></span> 
     </span>
     <span class='ocr_line' id='line_1_9' title="bbox 232 854 1783 935; baseline -0.002 -22"><span class='ocrx_word' id='word_1_58' title='bbox 232 863 350 913; x_wconf 80' lang='grc' dir='ltr'><strong><em>ΑΘ.</em></strong></span> <span class='ocrx_word' id='word_1_59' title='bbox 386 855 620 913; x_wconf 82' lang='grc' dir='ltr'><strong><em>Οὐκοῦν</em></strong></span> <span class='ocrx_word' id='word_1_60' title='bbox 648 855 713 911; x_wconf 88' lang='grc' dir='ltr'><strong><em>τό</em></strong></span> <span class='ocrx_word' id='word_1_61' title='bbox 740 877 804 927; x_wconf 89' lang='grc' dir='ltr'><strong><em>γε</em></strong></span> <span class='ocrx_word' id='word_1_62' title='bbox 839 857 1099 927; x_wconf 84' lang='grc' dir='ltr'><strong><em>μέγιστον</em></strong></span> <span class='ocrx_word' id='word_1_63' title='bbox 1124 867 1242 921; x_wconf 80' lang='grc' dir='ltr'><strong><em>ταῖς</em></strong></span> <span class='ocrx_word' id='word_1_64' title='bbox 1278 854 1643 935; x_wconf 78' lang='grc' dir='ltr'><strong><em>καταστάσεσι</em></strong></span> <span class='ocrx_word' id='word_1_65' title='bbox 1670 860 1783 911; x_wconf 75' lang='grc' dir='ltr'><strong><em>τῶν</em></strong></span> 
     </span>
    </p>
   </div>
   <div class='ocr_carea' id='block_1_5' title="bbox 0 936 1784 1009">
    <p class='ocr_par' dir='ltr' id='par_1_5' title="bbox 0 936 1784 1009">
     <span class='ocr_line' id='line_1_10' title="bbox 0 936 1784 1009; baseline -0.001 -16"><span class='ocrx_word' id='word_1_66' title='bbox 0 952 2 969; x_wconf 74' lang='lat'><em>*</em></span> <span class='ocrx_word' id='word_1_67' title='bbox 92 944 386 995; x_wconf 72' lang='grc' dir='ltr'><strong><em>πολιτειῶν</em></strong></span> <span class='ocrx_word' id='word_1_68' title='bbox 409 936 623 1009; x_wconf 83' lang='grc' dir='ltr'><strong><em>ὑπῆρχε</em></strong></span> <span class='ocrx_word' id='word_1_69' title='bbox 641 949 759 1003; x_wconf 88' lang='grc' dir='ltr'><strong><em>ταῖς</em></strong></span> <span class='ocrx_word' id='word_1_70' title='bbox 778 938 842 994; x_wconf 85' lang='grc' dir='ltr'><strong><em>έν</em></strong></span> <span class='ocrx_word' id='word_1_71' title='bbox 858 946 977 1003; x_wconf 88' lang='grc' dir='ltr'><strong><em>ταις</em></strong></span> <span class='ocrx_word' id='word_1_72' title='bbox 995 939 1136 1009; x_wconf 86' lang='grc' dir='ltr'><strong><em>τρισὶ</em></strong></span> <span class='ocrx_word' id='word_1_73' title='bbox 1155 938 1351 994; x_wconf 90' lang='grc' dir='ltr'><strong><em>πόλεσι</em></strong></span> <span class='ocrx_word' id='word_1_74' title='bbox 1368 939 1784 1009; x_wconf 87' lang='grc' dir='ltr'><strong><em>νομοθετουμέ-</em></strong></span> 
     </span>
    </p>
   </div>
   <div class='ocr_carea' id='block_1_6' title="bbox 93 1021 1854 2895">
    <p class='ocr_par' dir='ltr' id='par_1_6' title="bbox 95 1021 1571 1094">
     <span class='ocr_line' id='line_1_11' title="bbox 95 1021 1571 1094; baseline 0.001 -18"><span class='ocrx_word' id='word_1_75' title='bbox 95 1042 233 1093; x_wconf 85' lang='grc' dir='ltr'><strong><em>ναις,</em></strong></span> <span class='ocrx_word' id='word_1_76' title='bbox 255 1030 363 1079; x_wconf 79' lang='grc' dir='ltr'><strong><em>εἴτε</em></strong></span> <span class='ocrx_word' id='word_1_77' title='bbox 383 1025 441 1078; x_wconf 76' lang='grc' dir='ltr'><strong><em>οἱ</em></strong></span> <span class='ocrx_word' id='word_1_78' title='bbox 454 1027 684 1094; x_wconf 84' lang='grc' dir='ltr'><strong><em>βασιλῆς</em></strong></span> <span class='ocrx_word' id='word_1_79' title='bbox 701 1023 1080 1093; x_wconf 78' lang='grc' dir='ltr'><strong><em>ἐνομοθέτουν</em></strong></span> <span class='ocrx_word' id='word_1_80' title='bbox 1100 1021 1203 1079; x_wconf 75' lang='grc' dir='ltr'><strong><em>εἶτ’</em></strong></span> <span class='ocrx_word' id='word_1_81' title='bbox 1223 1022 1381 1078; x_wconf 81' lang='grc' dir='ltr'><strong><em>ἄλλοι</em></strong></span> <span class='ocrx_word' id='word_1_82' title='bbox 1401 1025 1571 1087; x_wconf 85' lang='grc' dir='ltr'><strong><em>τινές;</em></strong></span> 
     </span>
    </p>

    <p class='ocr_par' dir='ltr' id='par_1_7' title="bbox 239 1109 611 1169">
     <span class='ocr_line' id='line_1_12' title="bbox 239 1109 611 1169; baseline -0.003 -9"><span class='ocrx_word' id='word_1_83' title='bbox 239 1109 370 1160; x_wconf 88' lang='grc' dir='ltr'><strong><em>ΜΕ.</em></strong></span> <span class='ocrx_word' id='word_1_84' title='bbox 406 1110 611 1169; x_wconf 81' lang='grc' dir='ltr'><strong><em>Ποῖον;</em></strong></span> 
     </span>
    </p>

    <p class='ocr_par' dir='ltr' id='par_1_8' title="bbox 97 1183 1786 1337">
     <span class='ocr_line' id='line_1_13' title="bbox 236 1183 1786 1258; baseline 0.001 -17"><span class='ocrx_word' id='word_1_85' title='bbox 236 1192 357 1241; x_wconf 81' lang='grc' dir='ltr'><strong><em>ΑΘ.</em></strong></span> <span class='ocrx_word' id='word_1_86' title='bbox 399 1184 475 1242; x_wconf 85' lang='grc' dir='ltr'><strong><em>Τὸ</em></strong></span> <span class='ocrx_word' id='word_1_87' title='bbox 504 1186 757 1257; x_wconf 86' lang='grc' dir='ltr'><strong><em>βοηθούς</em></strong></span> <span class='ocrx_word' id='word_1_88' title='bbox 774 1207 838 1256; x_wconf 91' lang='grc' dir='ltr'><strong><em>γε</em></strong></span> <span class='ocrx_word' id='word_1_89' title='bbox 862 1183 1004 1242; x_wconf 86' lang='grc' dir='ltr'><strong><em>εἶναι</em></strong></span> <span class='ocrx_word' id='word_1_90' title='bbox 1031 1184 1128 1251; x_wconf 82' lang='grc' dir='ltr'><strong><em>τὰς</em></strong></span> <span class='ocrx_word' id='word_1_91' title='bbox 1155 1186 1257 1242; x_wconf 87' lang='grc' dir='ltr'><strong><em>δύο</em></strong></span> <span class='ocrx_word' id='word_1_92' title='bbox 1287 1189 1374 1243; x_wconf 81' lang='grc' dir='ltr'><strong><em>ἐπὶ</em></strong></span> <span class='ocrx_word' id='word_1_93' title='bbox 1405 1184 1507 1258; x_wconf 87' lang='grc' dir='ltr'><strong><em>τὴν</em></strong></span> <span class='ocrx_word' id='word_1_94' title='bbox 1538 1191 1672 1258; x_wconf 91' lang='grc' dir='ltr'><strong><em>μίαν</em></strong></span> <span class='ocrx_word' id='word_1_95' title='bbox 1701 1185 1786 1243; x_wconf 76' lang='grc' dir='ltr'><strong><em>ἀεὶ</em></strong></span> 
     </span>
     <span class='ocr_line' id='line_1_14' title="bbox 97 1265 1480 1337; baseline -0.001 -14"><span class='ocrx_word' id='word_1_96' title='bbox 97 1286 169 1323; x_wconf 77' lang='grc' dir='ltr'><strong><em>πο</em></strong></span> <span class='ocrx_word' id='word_1_97' title='bbox 159 1266 282 1336; x_wconf 84' lang='grc' dir='ltr'><strong><em>’λιν,</em></strong></span> <span class='ocrx_word' id='word_1_98' title='bbox 301 1266 408 1337; x_wconf 81' lang='grc' dir='ltr'><strong><em>τὴν</em></strong></span> <span class='ocrx_word' id='word_1_99' title='bbox 421 1278 535 1331; x_wconf 87' lang='grc' dir='ltr'><strong><em>τοῖς</em></strong></span> <span class='ocrx_word' id='word_1_100' title='bbox 552 1275 761 1322; x_wconf 81' lang='grc' dir='ltr'><strong><em>τεθεῖσι</em></strong></span> <span class='ocrx_word' id='word_1_101' title='bbox 780 1267 976 1337; x_wconf 91' lang='grc' dir='ltr'><strong><em>νόμοις</em></strong></span> <span class='ocrx_word' id='word_1_102' title='bbox 996 1265 1362 1322; x_wconf 85' lang='grc' dir='ltr'><strong><em>α’πειθοῦσαν.</em></strong></span> <span class='ocrx_word' id='word_1_103' title='bbox 1468 1288 1480 1298; x_wconf 73' lang='grc'>’</span> 
     </span>
    </p>

    <p class='ocr_par' dir='ltr' id='par_1_9' title="bbox 233 1354 615 1419">
     <span class='ocr_line' id='line_1_15' title="bbox 233 1354 615 1419; baseline 0 -16"><span class='ocrx_word' id='word_1_104' title='bbox 233 1354 365 1403; x_wconf 88' lang='grc' dir='ltr'><strong><em>ΜΕ.</em></strong></span> <span class='ocrx_word' id='word_1_105' title='bbox 403 1355 615 1419; x_wconf 86' lang='grc' dir='ltr'><strong><em>Δῆλον.</em></strong></span> 
     </span>
    </p>

    <p class='ocr_par' dir='ltr' id='par_1_10' title="bbox 93 1415 1846 1829">
     <span class='ocr_line' id='line_1_16' title="bbox 236 1415 1846 1500; baseline -0.002 -16"><span class='ocrx_word' id='word_1_106' title='bbox 236 1435 352 1485; x_wconf 83' lang='grc' dir='ltr'><strong><em>ΑΘ.</em></strong></span> <span class='ocrx_word' id='word_1_107' title='bbox 391 1430 501 1484; x_wconf 83' lang='grc' dir='ltr'><strong><em>Καὶ</em></strong></span> <span class='ocrx_word' id='word_1_108' title='bbox 521 1426 634 1500; x_wconf 83' lang='grc' dir='ltr'><strong><em>μὴν</em></strong></span> <span class='ocrx_word' id='word_1_109' title='bbox 652 1415 820 1484; x_wconf 86' lang='grc' dir='ltr'><strong><em>τοῦτο</em></strong></span> <span class='ocrx_word' id='word_1_110' title='bbox 844 1449 909 1499; x_wconf 89' lang='grc' dir='ltr'><strong><em>γε</em></strong></span> <span class='ocrx_word' id='word_1_111' title='bbox 937 1430 996 1484; x_wconf 82' lang='grc' dir='ltr'><strong><em>οἱ</em></strong></span> <span class='ocrx_word' id='word_1_112' title='bbox 1017 1429 1210 1484; x_wconf 88' lang='grc' dir='ltr'><strong><em>πολλοὶ</em></strong></span> <span class='ocrx_word' id='word_1_113' title='bbox 1238 1427 1643 1500; x_wconf 79' lang='grc' dir='ltr'><strong><em>προστάττουσι</em></strong></span> <span class='ocrx_word' id='word_1_114' title='bbox 1670 1441 1782 1496; x_wconf 83' lang='grc' dir='ltr'><strong><em>τοῖς</em></strong></span> <span class='ocrx_word' id='word_1_115' title='bbox 1814 1437 1846 1480; x_wconf 86' lang='lat' dir='ltr'>C</span> 
     </span>
     <span class='ocr_line' id='line_1_17' title="bbox 96 1507 1786 1582; baseline -0.001 -14"><span class='ocrx_word' id='word_1_116' title='bbox 96 1514 447 1582; x_wconf 84' lang='grc' dir='ltr'><strong><em>νομοθέταις,</em></strong></span> <span class='ocrx_word' id='word_1_117' title='bbox 484 1509 636 1577; x_wconf 82' lang='grc' dir='ltr'><strong><em>ὅπως</em></strong></span> <span class='ocrx_word' id='word_1_118' title='bbox 660 1510 950 1576; x_wconf 84' lang='grc' dir='ltr'><strong><em>τοιούτους</em></strong></span> <span class='ocrx_word' id='word_1_119' title='bbox 984 1510 1231 1582; x_wconf 84' lang='grc' dir='ltr'><strong><em>θήσουσι</em></strong></span> <span class='ocrx_word' id='word_1_120' title='bbox 1265 1507 1399 1576; x_wconf 81' lang='grc' dir='ltr'><strong><em>τούς</em></strong></span> <span class='ocrx_word' id='word_1_121' title='bbox 1436 1509 1662 1581; x_wconf 87' lang='grc' dir='ltr'><strong><em>νόμους,</em></strong></span> <span class='ocrx_word' id='word_1_122' title='bbox 1687 1509 1786 1576; x_wconf 79' lang='grc' dir='ltr'><strong><em>οὓς</em></strong></span> 
     </span>
     <span class='ocr_line' id='line_1_18' title="bbox 95 1591 1794 1665; baseline 0 -16"><span class='ocrx_word' id='word_1_123' title='bbox 95 1592 316 1659; x_wconf 86' lang='grc' dir='ltr'><strong><em>εκόντες</em></strong></span> <span class='ocrx_word' id='word_1_124' title='bbox 342 1595 399 1649; x_wconf 80' lang='grc' dir='ltr'><strong><em>οἱ</em></strong></span> <span class='ocrx_word' id='word_1_125' title='bbox 425 1595 607 1665; x_wconf 86' lang='grc' dir='ltr'><strong><em>δῆμοι</em></strong></span> <span class='ocrx_word' id='word_1_126' title='bbox 625 1594 717 1648; x_wconf 86' lang='grc' dir='ltr'><strong><em>καὶ</em></strong></span> <span class='ocrx_word' id='word_1_127' title='bbox 740 1613 808 1648; x_wconf 90' lang='grc' dir='ltr'><strong><em>τα</em></strong></span> <span class='ocrx_word' id='word_1_128' title='bbox 827 1591 1016 1663; x_wconf 85' lang='grc' dir='ltr'><strong><em>πλήθη</em></strong></span> <span class='ocrx_word' id='word_1_129' title='bbox 1050 1593 1316 1663; x_wconf 81' lang='grc' dir='ltr'><strong><em>δέξονται,</em></strong></span> <span class='ocrx_word' id='word_1_130' title='bbox 1348 1591 1607 1664; x_wconf 86' lang='grc' dir='ltr'><strong><em>καθάπερ</em></strong></span> <span class='ocrx_word' id='word_1_131' title='bbox 1636 1615 1709 1648; x_wconf 91' lang='grc' dir='ltr'><strong><em>αν</em></strong></span> <span class='ocrx_word' id='word_1_132' title='bbox 1738 1602 1794 1650; x_wconf 79' lang='grc' dir='ltr'><strong><em>εἴ</em></strong></span> 
     </span>
     <span class='ocr_line' id='line_1_19' title="bbox 93 1669 1787 1747; baseline 0.001 -17"><span class='ocrx_word' id='word_1_133' title='bbox 93 1697 175 1740; x_wconf 87' lang='grc' dir='ltr'><strong><em>τις</em></strong></span> <span class='ocrx_word' id='word_1_134' title='bbox 191 1685 532 1747; x_wconf 75' lang='grc' dir='ltr'><strong><em>γυμνασταῖς</em></strong></span> <span class='ocrx_word' id='word_1_135' title='bbox 550 1669 587 1745; x_wconf 82' lang='grc' dir='ltr'><em>ἢ</em></span> <span class='ocrx_word' id='word_1_136' title='bbox 616 1678 822 1746; x_wconf 80' lang='grc' dir='ltr'><strong><em>ἰατροῖς</em></strong></span> <span class='ocrx_word' id='word_1_137' title='bbox 850 1673 1180 1746; x_wconf 86' lang='grc' dir='ltr'><strong><em>προστάττοι</em></strong></span> <span class='ocrx_word' id='word_1_138' title='bbox 1210 1672 1344 1746; x_wconf 78' lang='grc' dir='ltr'><strong><em>μεθ’</em></strong></span> <span class='ocrx_word' id='word_1_139' title='bbox 1379 1671 1584 1747; x_wconf 81' lang='grc' dir='ltr'><strong><em>ἡδονῆς</em></strong></span> <span class='ocrx_word' id='word_1_140' title='bbox 1611 1670 1787 1747; x_wconf 79' lang='grc' dir='ltr'><strong><em>θερα-</em></strong></span> 
     </span>
     <span class='ocr_line' id='line_1_20' title="bbox 96 1757 1509 1867; baseline -0.001 -54"><span class='ocrx_word' id='word_1_141' title='bbox 96 1757 291 1813; x_wconf 84' lang='grc' dir='ltr'><strong><em>πεύειν</em></strong></span> <span class='ocrx_word' id='word_1_142' title='bbox 313 1779 373 1813; x_wconf 90' lang='grc' dir='ltr'><strong><em>τε</em></strong></span> <span class='ocrx_word' id='word_1_143' title='bbox 399 1758 491 1813; x_wconf 86' lang='grc' dir='ltr'><strong><em>καὶ</em></strong></span> <span class='ocrx_word' id='word_1_144' title='bbox 516 1761 713 1813; x_wconf 81' lang='grc' dir='ltr'><strong><em>ἰᾶσθαι</em></strong></span> <span class='ocrx_word' id='word_1_145' title='bbox 731 1779 799 1813; x_wconf 92' lang='grc' dir='ltr'><strong><em>τα</em></strong></span> <span class='ocrx_word' id='word_1_146' title='bbox 818 1757 1247 1828; x_wconf 84' lang='grc' dir='ltr'><strong><em>θεραπευόμενα</em></strong></span> <span class='ocrx_word' id='word_1_147' title='bbox 1266 1757 1509 1867; x_wconf 71' lang='grc' dir='ltr'><strong><em>σώματα.</em></strong></span> 
     </span>
    </p>

    <p class='ocr_par' dir='ltr' id='par_1_11' title="bbox 234 1833 993 1911">
     <span class='ocr_line' id='line_1_21' title="bbox 234 1833 993 1911; baseline 0.003 -17"><span class='ocrx_word' id='word_1_148' title='bbox 234 1844 365 1894; x_wconf 92' lang='grc' dir='ltr'><strong><em>ΜΕ.</em></strong></span> <span class='ocrx_word' id='word_1_149' title='bbox 397 1839 731 1896; x_wconf 88' lang='grc' dir='ltr'><strong><em>Παντάπασι</em></strong></span> <span class='ocrx_word' id='word_1_150' title='bbox 751 1838 854 1911; x_wconf 75' lang='grc' dir='ltr'><strong><em>μὲν</em></strong></span> <span class='ocrx_word' id='word_1_151' title='bbox 872 1833 993 1896; x_wconf 87' lang='grc' dir='ltr'><strong><em>οὖν.</em></strong></span> 
     </span>
    </p>

    <p class='ocr_par' dir='ltr' id='par_1_12' title="bbox 96 1920 1847 2157">
     <span class='ocr_line' id='line_1_22' title="bbox 234 1920 1847 1995; baseline -0.001 -17"><span class='ocrx_word' id='word_1_152' title='bbox 234 1920 472 1979; x_wconf 83' lang='grc' dir='ltr'><strong><em>ΛΘ.Τό</em></strong></span> <span class='ocrx_word' id='word_1_153' title='bbox 503 1922 568 1979; x_wconf 85' lang='grc' dir='ltr'><strong><em>δέ</em></strong></span> <span class='ocrx_word' id='word_1_154' title='bbox 594 1920 652 1993; x_wconf 85' lang='grc' dir='ltr'><strong><em>γ’</em></strong></span> <span class='ocrx_word' id='word_1_155' title='bbox 692 1925 842 1980; x_wconf 82' lang='grc' dir='ltr'><strong><em>ἐστὶν</em></strong></span> <span class='ocrx_word' id='word_1_156' title='bbox 878 1920 1166 1995; x_wconf 80' lang='grc' dir='ltr'><strong><em>ἀγαπητὸν</em></strong></span> <span class='ocrx_word' id='word_1_157' title='bbox 1194 1921 1475 1991; x_wconf 87' lang='grc' dir='ltr'><strong><em>πολλάκις,</em></strong></span> <span class='ocrx_word' id='word_1_158' title='bbox 1505 1926 1557 1977; x_wconf 85' lang='grc' dir='ltr'><strong><em>εί</em></strong></span> <span class='ocrx_word' id='word_1_159' title='bbox 1581 1926 1679 1978; x_wconf 90' lang='grc' dir='ltr'><strong><em>καί</em></strong></span> <span class='ocrx_word' id='word_1_160' title='bbox 1706 1944 1786 1987; x_wconf 88' lang='grc' dir='ltr'><strong><em>τις</em></strong></span> <span class='ocrx_word' id='word_1_161' title='bbox 1844 1988 1847 1989; x_wconf 15' lang='lat'><em>⁷</em></span> 
     </span>
     <span class='ocr_line' id='line_1_23' title="bbox 96 2000 1786 2078; baseline 0.001 -19"><span class='ocrx_word' id='word_1_162' title='bbox 96 2003 231 2075; x_wconf 79' lang='grc' dir='ltr'><strong><em>μετὰ</em></strong></span> <span class='ocrx_word' id='word_1_163' title='bbox 250 2002 428 2075; x_wconf 82' lang='grc' dir='ltr'><strong><em>λύπης</em></strong></span> <span class='ocrx_word' id='word_1_164' title='bbox 442 2001 516 2076; x_wconf 80' lang='grc' dir='ltr'><strong><em>μὴ</em></strong></span> <span class='ocrx_word' id='word_1_165' title='bbox 541 2005 783 2078; x_wconf 77' lang='grc' dir='ltr'><strong><em>μεγάλης</em></strong></span> <span class='ocrx_word' id='word_1_166' title='bbox 800 2005 1028 2062; x_wconf 90' lang='grc' dir='ltr'><strong><em>δύναιτο</em></strong></span> <span class='ocrx_word' id='word_1_167' title='bbox 1050 2003 1305 2062; x_wconf 77' lang='grc' dir='ltr'><strong><em>εὐεκτικά</em></strong></span> <span class='ocrx_word' id='word_1_168' title='bbox 1323 2026 1381 2060; x_wconf 89' lang='grc' dir='ltr'><strong><em>τε</em></strong></span> <span class='ocrx_word' id='word_1_169' title='bbox 1402 2006 1493 2059; x_wconf 89' lang='grc' dir='ltr'><strong><em>καὶ</em></strong></span> <span class='ocrx_word' id='word_1_170' title='bbox 1521 2000 1655 2075; x_wconf 81' lang='grc' dir='ltr'><strong><em>ὑγιῆ</em></strong></span> <span class='ocrx_word' id='word_1_171' title='bbox 1673 2003 1786 2060; x_wconf 69' lang='grc' dir='ltr'><strong><em>σοί-</em></strong></span> 
     </span>
     <span class='ocr_line' id='line_1_24' title="bbox 99 2084 692 2157; baseline 0.003 -16"><span class='ocrx_word' id='word_1_172' title='bbox 99 2106 242 2157; x_wconf 85' lang='grc' dir='ltr'><strong><em>ματα</em></strong></span> <span class='ocrx_word' id='word_1_173' title='bbox 266 2084 692 2157; x_wconf 73' lang='grc' dir='ltr'><strong><em>ἀπεργάζεσθαι.</em></strong></span> 
     </span>
    </p>

    <p class='ocr_par' dir='ltr' id='par_1_13' title="bbox 242 2167 633 2239">
     <span class='ocr_line' id='line_1_25' title="bbox 242 2167 633 2239; baseline 0.003 -17"><span class='ocrx_word' id='word_1_174' title='bbox 242 2171 371 2223; x_wconf 88' lang='grc' dir='ltr'><strong><em>ΜΕ.</em></strong></span> <span class='ocrx_word' id='word_1_175' title='bbox 412 2172 480 2223; x_wconf 91' lang='grc' dir='ltr'><strong><em>Τι’</em></strong></span> <span class='ocrx_word' id='word_1_176' title='bbox 494 2167 633 2239; x_wconf 81' lang='grc' dir='ltr'><strong><em>μήν;</em></strong></span> 
     </span>
    </p>

    <p class='ocr_par' dir='ltr' id='par_1_14' title="bbox 97 2246 1854 2423">
     <span class='ocr_line' id='line_1_26' title="bbox 237 2246 1854 2323; baseline -0.001 -18"><span class='ocrx_word' id='word_1_177' title='bbox 237 2254 357 2305; x_wconf 83' lang='grc' dir='ltr'><strong><em>ΑΘ.</em></strong></span> <span class='ocrx_word' id='word_1_178' title='bbox 393 2250 506 2305; x_wconf 81' lang='grc' dir='ltr'><strong><em>Καὶ</em></strong></span> <span class='ocrx_word' id='word_1_179' title='bbox 532 2247 661 2306; x_wconf 84' lang='grc' dir='ltr'><strong><em>τόδε</em></strong></span> <span class='ocrx_word' id='word_1_180' title='bbox 696 2271 759 2320; x_wconf 87' lang='grc' dir='ltr'><strong><em>γε</em></strong></span> <span class='ocrx_word' id='word_1_181' title='bbox 787 2253 865 2306; x_wconf 77' lang='grc' dir='ltr'><strong><em>ἔτι</em></strong></span> <span class='ocrx_word' id='word_1_182' title='bbox 893 2260 1006 2315; x_wconf 87' lang='grc' dir='ltr'><strong><em>τοῖς</em></strong></span> <span class='ocrx_word' id='word_1_183' title='bbox 1031 2249 1154 2306; x_wconf 89' lang='grc' dir='ltr'><strong><em>τότε</em></strong></span> <span class='ocrx_word' id='word_1_184' title='bbox 1181 2246 1429 2322; x_wconf 82' lang='grc' dir='ltr'><strong><em>ὑπῆρχεν</em></strong></span> <span class='ocrx_word' id='word_1_185' title='bbox 1459 2247 1527 2306; x_wconf 88' lang='grc' dir='ltr'><strong><em>ού</em></strong></span> <span class='ocrx_word' id='word_1_186' title='bbox 1550 2250 1787 2323; x_wconf 84' lang='grc' dir='ltr'><strong><em>σμικρὸν</em></strong></span> <span class='ocrx_word' id='word_1_187' title='bbox 1822 2257 1854 2297; x_wconf 90' lang='lat' dir='ltr'>D</span> 
     </span>
     <span class='ocr_line' id='line_1_27' title="bbox 97 2328 1184 2423; baseline 0.002 -36"><span class='ocrx_word' id='word_1_188' title='bbox 97 2337 174 2399; x_wconf 80' lang='grc' dir='ltr'><strong><em>εἰς</em></strong></span> <span class='ocrx_word' id='word_1_189' title='bbox 189 2328 486 2406; x_wconf 71' lang='grc' dir='ltr'><strong><em>ῥαστώνην</em></strong></span> <span class='ocrx_word' id='word_1_190' title='bbox 504 2337 601 2403; x_wconf 86' lang='grc' dir='ltr'><strong><em>τῆς</em></strong></span> <span class='ocrx_word' id='word_1_191' title='bbox 618 2333 830 2423; x_wconf 50' lang='grc' dir='ltr'><strong><em>’ζέσεως</em></strong></span> <span class='ocrx_word' id='word_1_192' title='bbox 847 2339 960 2390; x_wconf 78' lang='grc' dir='ltr'><strong><em>τῶν</em></strong></span> <span class='ocrx_word' id='word_1_193' title='bbox 978 2331 1184 2405; x_wconf 85' lang='grc' dir='ltr'><strong><em>νόμων.</em></strong></span> 
     </span>
    </p>

    <p class='ocr_par' dir='ltr' id='par_1_15' title="bbox 237 2411 703 2481">
     <span class='ocr_line' id='line_1_28' title="bbox 237 2411 703 2481; baseline -0.002 -10"><span class='ocrx_word' id='word_1_194' title='bbox 237 2411 491 2471; x_wconf 86' lang='grc' dir='ltr'><strong>ΜΕ.Τό</strong></span> <span class='ocrx_word' id='word_1_195' title='bbox 510 2424 703 2481; x_wconf 75' lang='grc' dir='ltr'><strong><em>ποῖονς</em></strong></span> 
     </span>
    </p>

    <p class='ocr_par' dir='ltr' id='par_1_16' title="bbox 102 2488 1786 2895">
     <span class='ocr_line' id='line_1_29' title="bbox 235 2488 1786 2570; baseline 0.001 -19"><span class='ocrx_word' id='word_1_196' title='bbox 235 2497 318 2551; x_wconf 80' lang='lat' dir='ltr'><strong><em>Vl.</em></strong></span> <span class='ocrx_word' id='word_1_197' title='bbox 355 2500 476 2551; x_wconf 83' lang='grc' dir='ltr'><strong><em>ΑΘ.</em></strong></span> <span class='ocrx_word' id='word_1_198' title='bbox 515 2488 695 2552; x_wconf 85' lang='grc' dir='ltr'><strong><em>Ούκ</em></strong></span> <span class='ocrx_word' id='word_1_199' title='bbox 658 2518 731 2567; x_wconf 89' lang='grc' dir='ltr'><strong><em>ην</em></strong></span> <span class='ocrx_word' id='word_1_200' title='bbox 745 2507 860 2563; x_wconf 80' lang='grc' dir='ltr'><strong><em>τοῖς</em></strong></span> <span class='ocrx_word' id='word_1_201' title='bbox 878 2496 1253 2570; x_wconf 72' lang='grc' dir='ltr'><strong><em>νομοθέταις“</em></strong></span> <span class='ocrx_word' id='word_1_202' title='bbox 1224 2520 1259 2569; x_wconf 92' lang='grc' dir='ltr'><strong><em>η</em></strong></span> <span class='ocrx_word' id='word_1_203' title='bbox 1278 2502 1502 2570; x_wconf 80' lang='grc' dir='ltr'><strong><em>μεγίστη</em></strong></span> <span class='ocrx_word' id='word_1_204' title='bbox 1517 2502 1631 2553; x_wconf 79' lang='grc' dir='ltr'><strong><em>τῶν</em></strong></span> <span class='ocrx_word' id='word_1_205' title='bbox 1650 2499 1786 2568; x_wconf 88' lang='grc' dir='ltr'><strong><em>μέμ-</em></strong></span> 
     </span>
     <span class='ocr_line' id='line_1_30' title="bbox 103 2574 1780 2650; baseline 0.001 -19"><span class='ocrx_word' id='word_1_206' title='bbox 103 2583 275 2646; x_wconf 63' lang='lat' dir='ltr'><strong><em>dmm,</em></strong></span> <span class='ocrx_word' id='word_1_207' title='bbox 305 2575 527 2650; x_wconf 74' lang='grc' dir='ltr'><strong><em>ἰσότητα</em></strong></span> <span class='ocrx_word' id='word_1_208' title='bbox 555 2574 743 2644; x_wconf 80' lang='grc' dir='ltr'><strong><em>αὐτοῖς</em></strong></span> <span class='ocrx_word' id='word_1_209' title='bbox 775 2578 898 2635; x_wconf 79' lang='grc' dir='ltr'><strong><em>τινὰ</em></strong></span> <span class='ocrx_word' id='word_1_210' title='bbox 936 2579 1409 2646; x_wconf 77' lang='grc' dir='ltr'><strong><em>κατασκευάζουσι</em></strong></span> <span class='ocrx_word' id='word_1_211' title='bbox 1446 2584 1542 2650; x_wconf 87' lang='grc' dir='ltr'><strong><em>τῆς</em></strong></span> <span class='ocrx_word' id='word_1_212' title='bbox 1574 2575 1780 2647; x_wconf 83' lang='grc' dir='ltr'><strong><em>οὐσίας,</em></strong></span> 
     </span>
     <span class='ocr_line' id='line_1_31' title="bbox 102 2654 1781 2746; baseline 0.001 -35"><span class='ocrx_word' id='word_1_213' title='bbox 102 2654 246 2746; x_wconf 67' lang='grc' dir='ltr'><strong><em>ἤπερ</em></strong></span> <span class='ocrx_word' id='word_1_214' title='bbox 261 2656 324 2713; x_wconf 69' lang='grc' dir='ltr'><strong><em>έν</em></strong></span> <span class='ocrx_word' id='word_1_215' title='bbox 339 2654 530 2726; x_wconf 76' lang='grc' dir='ltr'><strong><em>ἄλλαις</em></strong></span> <span class='ocrx_word' id='word_1_216' title='bbox 545 2663 1051 2733; x_wconf 83' lang='grc' dir='ltr'><strong><em>νομοθετουμέναις</em></strong></span> <span class='ocrx_word' id='word_1_217' title='bbox 1066 2660 1262 2718; x_wconf 87' lang='grc' dir='ltr'><strong><em>πόλεσι</em></strong></span> <span class='ocrx_word' id='word_1_218' title='bbox 1279 2666 1505 2725; x_wconf 85' lang='grc' dir='ltr'><strong><em>πολλαῖς</em></strong></span> <span class='ocrx_word' id='word_1_219' title='bbox 1522 2665 1781 2731; x_wconf 85' lang='grc' dir='ltr'><strong><em>γίγνεται,</em></strong></span> 
     </span>
     <span class='ocr_line' id='line_1_32' title="bbox 103 2728 1783 2841; baseline -0.007 -35.993"><span class='ocrx_word' id='word_1_220' title='bbox 103 2728 206 2792; x_wconf 59' lang='lat'><strong><em>&#39;201¹&#39;</em></strong></span> <span class='ocrx_word' id='word_1_221' title='bbox 241 2758 321 2804; x_wconf 59' lang='grc' dir='ltr'><strong><em>τίς</em></strong></span> <span class='ocrx_word' id='word_1_222' title='bbox 346 2741 476 2841; x_wconf 59' lang='grc' dir='ltr'><strong><em>ζητῇ</em></strong></span> <span class='ocrx_word' id='word_1_223' title='bbox 497 2749 598 2815; x_wconf 74' lang='grc' dir='ltr'><strong><em>γῆς</em></strong></span> <span class='ocrx_word' id='word_1_224' title='bbox 627 2764 685 2800; x_wconf 89' lang='grc' dir='ltr'><strong><em>τε</em></strong></span> <span class='ocrx_word' id='word_1_225' title='bbox 722 2750 916 2815; x_wconf 86' lang='grc' dir='ltr'><strong><em>κτῆσιν</em></strong></span> <span class='ocrx_word' id='word_1_226' title='bbox 956 2753 1132 2801; x_wconf 84' lang='grc' dir='ltr'><strong><em>κινεῖν</em></strong></span> <span class='ocrx_word' id='word_1_227' title='bbox 1167 2744 1258 2800; x_wconf 86' lang='grc' dir='ltr'><strong><em>καὶ</em></strong></span> <span class='ocrx_word' id='word_1_228' title='bbox 1294 2748 1472 2815; x_wconf 77' lang='grc' dir='ltr'><strong><em>χρεῶν</em></strong></span> <span class='ocrx_word' id='word_1_229' title='bbox 1511 2740 1783 2809; x_wconf 85' lang='grc' dir='ltr'><strong><em>διάλυσιν,</em></strong></span> 
     </span>
     <span class='ocr_line' id='line_1_33' title="bbox 105 2817 1783 2895; baseline -0.001 -18"><span class='ocrx_word' id='word_1_230' title='bbox 105 2817 257 2888; x_wconf 75' lang='grc' dir='ltr'><strong><em>ὁρῶν</em></strong></span> <span class='ocrx_word' id='word_1_231' title='bbox 289 2817 364 2886; x_wconf 74' lang='grc' dir='ltr'><strong><em>ὥς</em></strong></span> <span class='ocrx_word' id='word_1_232' title='bbox 393 2819 496 2878; x_wconf 72' lang='grc' dir='ltr'><strong><em>οὐκ</em></strong></span> <span class='ocrx_word' id='word_1_233' title='bbox 528 2845 600 2881; x_wconf 91' lang='grc' dir='ltr'><strong><em>αν</em></strong></span> <span class='ocrx_word' id='word_1_234' title='bbox 627 2825 857 2884; x_wconf 87' lang='grc' dir='ltr'><strong><em>δύναιτο</em></strong></span> <span class='ocrx_word' id='word_1_235' title='bbox 887 2825 1026 2883; x_wconf 78' lang='grc' dir='ltr'><strong><em>ἄνευ</em></strong></span> <span class='ocrx_word' id='word_1_236' title='bbox 1044 2824 1262 2883; x_wconf 85' lang='grc' dir='ltr'><strong><em>τούτων</em></strong></span> <span class='ocrx_word' id='word_1_237' title='bbox 1282 2845 1379 2895; x_wconf 70' lang='grc' dir='ltr'><strong><em>γει</em></strong></span> <span class='ocrx_word' id='word_1_238' title='bbox 1368 2825 1543 2879; x_wconf 84' lang='grc' dir='ltr'><strong><em>ε’σθαι</em></strong></span> <span class='ocrx_word' id='word_1_239' title='bbox 1574 2823 1703 2877; x_wconf 77' lang='grc' dir='ltr'><strong><em>ποτὲ</em></strong></span> <span class='ocrx_word' id='word_1_240' title='bbox 1722 2821 1783 2877; x_wconf 79' lang='grc' dir='ltr'><strong><em>τὸ</em></strong></span> 
     </span>
    </p>
   </div>
  </div>
 </body>
</html>
