1976 3172
773 109 1021 159 ΝΟΜΩ
1036 111 1088 158 Ν
1120 102 1181 173 η’.
1711 109 1818 162 269

121 248 496 304 κινδυνευέτω
515 242 894 315 ἀναγώνιστος
910 245 1204 312 γίγνεσθαι
1230 244 1355 315 περὶ
1375 240 1591 341 ἀρετῆς,
1617 242 1719 301 ἐὰν
1739 248 1814 310 είς
1838 252 1873 292 D

121 330 248 386 τότε
263 327 333 385 τά
354 332 586 385 τοιαῦτα
611 327 754 397 περὶ
766 320 944 402 αὐτοῦ
970 320 1105 389 τούς
1132 323 1258 380 τότε
1283 324 1474 395 κριτάς
1503 347 1585 390 τις
1612 322 1816 398 ἀναμι-

221 410 307 466 62(

123 433 235 484 μνη
264 430 400 548 lg?
372 489 555 562 “mmo
577 491 637 545 δὲ
659 486 887 544 πάντων
903 483 1008 556 μὲν
1030 482 1092 540 τὸ
1114 487 1240 556 περὶ
1258 505 1355 549 τας
1373 491 1600 556 κηπείας
1619 491 1816 558 διαφε-

122 574 335 643 ρόντως
361 571 654 673 τρόφιμον,
683 566 1107 638 εὐδιάφθαρτον
1135 570 1222 623 δέ·
1262 565 1391 623 οὔτε
1419 565 1527 638 γάρ
1554 573 1661 638 γῆν
1685 568 1816 625 ου’τε

118 654 283 727 ἥλιον
319 654 451 712 οὔτε
486 650 776 723 πνεύματα
802 659 918 714 τοῖς
953 647 1123 705 ὕδασι
1158 647 1446 721 ξύντροφα
1475 655 1590 706 τῶν
1621 652 1683 706 ἐκ
1716 657 1817 722 γῆς

120 733 692 808 ἀναβλαστανόντων
715 729 916 805 ράδιον
970 734 1233 802 φθείρειν
1282 731 1737 802 φαρμακεύσεσιν
1778 728 1817 802 ἢ

118 815 462 889 ἀποτροπαῖς
478 838 514 887 η
490 811 628 871 ”noel
654 820 913 883 κλοπαῖς,
924 815 1088 888 περὶ
1070 811 1131 869 δὲ
1146 812 1252 884 τὴν
1279 810 1484 877 ὕδατος
1510 811 1685 883 φύσιν
1703 815 1817 870 ἐστι

117 898 187 957 τὰ
204 905 436 956 τοιαῦτα
458 897 747 970 ξύμπαντα
773 893 984 952 δυνατά
1015 885 1336 966 γίγνεσθαι·
1376 892 1462 951 διὰ
1496 893 1575 966 δὴ
1594 901 1817 967 βοηθοῦ
1844 911 1879 952 Ε

120 985 292 1038 δεῖται
325 981 520 1053 νόμου.
561 983 701 1034 ἔστω
738 982 933 1034 τοίνυν
958 974 1054 1032 ὅδε
1084 980 1211 1047 περὶ
1235 974 1437 1037 αὐτοῦ·
1483 977 1558 1034 ἄν
1584 997 1666 1043 τις
1693 981 1817 1034 δια-

122 1069 333 1137 φθείρῃ
359 1062 506 1120 ἑκών
532 1060 688 1135 ὕδωρ
718 1058 1031 1132 ἀλλότριον,
1061 1066 1171 1115 εἴτε
1198 1060 1291 1116 καὶ
1316 1070 1558 1132 πηγαῖον
1587 1063 1817 1125 εἴτεκαὶ

121 1143 493 1216 συναγυρτόν,
514 1146 881 1214 φαρμακείαις
904 1138 942 1213 ἢ
964 1140 1281 1212 σκάμμασιν
1299 1139 1336 1212 ἢ
1355 1148 1604 1213 κλοπαῖς,
1626 1142 1656 1198 ὁ
1678 1147 1818 1214 βλα-

119 1225 396 1296 πτόμενος
421 1227 731 1291 δικαζέσθω
760 1222 901 1292 πρὸς
933 1221 1067 1287 τούς
1108 1221 1480 1296 ἀστυνόμους,
1519 1225 1623 1295 τὴν
1657 1222 1817 1290 ἀξίαν

116 1314 214 1380 τῆς
231 1306 445 1379 βλάβης
461 1304 953 1377 ἀπογραφόμενος·
989 1302 1062 1360 ἀν
1088 1309 1151 1361 δέ
1178 1327 1259 1371 τις
1280 1304 1430 1379 ὄφλῃ
1449 1314 1816 1379 φαρμακείαις

51 1407 60 1412 ’
118 1390 226 1445 τισὶ
243 1385 526 1461 βλάπτων,
547 1385 689 1457 πρὸς
718 1391 794 1459 τῷ
828 1386 1086 1457 τιμήματι
1112 1387 1416 1458 καθηράτω
1443 1387 1542 1452 τὰς
1570 1387 1750 1460 πηγὰς
1778 1385 1815 1460 ἢ

119 1468 379 1541 τάγγεῖον
396 1475 502 1525 τοῦ
518 1466 741 1540 ὕδατος,
774 1466 989 1540 ὅπῃπερ
1020 1463 1095 1523 ἂν
1126 1470 1185 1523 οἰ
1204 1475 1318 1523 τών
1345 1470 1626 1541 ἐξηγητῶν
1653 1471 1816 1542 νόμοι

119 1550 448 1625 ἀφηγῶνται
488 1556 607 1609 δεῖν
639 1547 937 1624 γίγνεσθαι
971 1549 1075 1624 τὴν
1109 1552 1396 1625 κάθαρσιν
1427 1554 1686 1611 ἑκάστοτε
1721 1557 1815 1610 καὶ

120 1633 387 1700 ἑκάστοις.
420 1635 548 1706 περὶ
566 1635 627 1690 δὲ
644 1636 975 1706 ξυγκομιδῆς
997 1640 1113 1690 τών
1143 1632 1367 1707 ώραίων
1387 1633 1671 1709 ἁπάντων,
1699 1638 1816 1703 ἐξέ-

118 1733 229 1773 στω
247 1722 325 1792 ²:93
355 1720 681 1791 βουλομένῳ
706 1714 768 1772 τὸ
801 1717 1003 1773 ἑαυτοῦ
1032 1714 1124 1772 διὰ
1152 1716 1362 1784 παντὸς
1393 1716 1819 1791 τόπουκομίζε-
1844 1735 1931 1781 846

24 1826 25 1835 ¹
120 1806 275 1870 σθαι,
295 1796 511 1872 ὅπῃπερ
531 1795 605 1855 ἀν
621 1796 659 1871 ἦ
676 1798 849 1872 μηδὲν
869 1802 1082 1872 μηδένα
1102 1797 1333 1873 ζημιοῑῆ
1362 1801 1690 1871 τριπλάσιον
1709 1800 1816 1858 αὖ-

23 1904 25 1951 ;
118 1880 212 1946 τὰς
228 1883 425 1953 κέρδος
442 1887 541 1953 τῆς
568 1888 672 1937 τοῦ
699 1885 946 1952 γείτονος
974 1887 1163 1955 ζημίας
1189 1887 1480 1957 κερδαίνῃ·
1518 1883 1735 1939 τούτων
1755 1886 1815 1939 δὲ

22 1954 25 2027 f
116 1963 502 2036 ἐπιγνώμονας
535 1963 696 2064 τοὺςἋ
705 1963 978 2037 άρχοντας
1017 1971 1313 2036 γίγνεσθαι
1347 1967 1439 2021 καὶ
1475 1972 1590 2021 τών
1626 1963 1824 2021 ἀλλων

116 2043 400 2117 ἁπάντων,
426 2043 534 2102 ὅσα
549 2056 631 2111 τις
658 2041 733 2102 ἀν
762 2046 906 2103 έκων
942 2046 1151 2102 ἄκοντα
1183 2046 1401 2119 βλάπτῃ
1428 2051 1525 2120 βίᾳ
1552 2069 1586 2118 η
1625 2046 1814 2121 λάθρα

117 2125 293 2183 αὐτὸν
311 2123 349 2198 ἦ
375 2148 492 2183 των
519 2126 699 2183 αὐτοῦ
726 2150 779 2182 τι
808 2126 899 2183 διὰ
927 2134 1040 2183 τών
1077 2125 1258 2183 αὑτοῦ
1283 2123 1593 2200 κτημάτων.
1628 2129 1812 2185 πάντα

117 2230 185 2263 τα
211 2214 443 2264 τοιαῦτα
473 2219 589 2275 τοῖς
618 2208 889 2280 αρχουσιν
921 2209 1236 2276 ἐπιδεικνὺς
1264 2216 1616 2283 τιμωρείσθω
1654 2216 1811 2284 μέχρι

115 2294 290 2359 τριών
311 2312 470 2361 μνων
490 2312 653 2356 οντος
669 2296 771 2347 τοῦ
789 2289 1050 2364 βλάβους·
1074 2291 1175 2348 ἐὰν
1196 2291 1246 2348 δ’
1271 2294 1514 2366 ἔγκλημά
1533 2315 1609 2369 τςο
1628 2299 1810 2366 μεῖζον

113 2371 263 2446 ἄλλῳ
282 2370 424 2441 πρὸς
441 2371 616 2449 ἀλλρν
631 2376 902 2444 γίγνηται,
922 2372 1061 2444 πρὸς
1077 2371 1146 2429 τὰ
1164 2372 1326 2430 κοινὰ
1347 2375 1672 2448 δικαστήρια
1700 2380 1803 2448 φέ-
1835 2395 1867 2435 Β

117 2472 234 2520 οων
250 2451 354 2525 τὴν
374 2457 540 2527 δίκην
557 2459 911 2557 τιμωρείσθω
930 2454 1028 2512 τὸν
1040 2454 1358 2513 ἀδικοῦντα.
1398 2457 1498 2514 ἐὰν
1518 2461 1581 2524 δέ
1595 2481 1678 2524 τις
1696 2465 1810 2514 τών

118 2529 406 2603 ἀρχόντων
433 2539 573 2610 δοκῇ
601 2535 722 2610 μετ’
753 2536 955 2594 ἀδίκου
982 2539 1210 2612 γνώμης
1237 2547 1452 2610 κρίνειν
1479 2559 1578 2606 τας
1600 2546 1807 2613 ζημίας,

118 2618 235 2669 τῶν
265 2617 568 2675 διπλασίων
599 2617 868 2687 ὑπόδικος
897 2625 1035 2678 ἔστω
1063 2629 1140 2696 τῷ
1168 2622 1613 2694 βλαφθέντι·τά
1647 2622 1707 2679 δὲ
1735 2617 1809 2678 αὖ

117 2701 234 2752 τών
249 2693 536 2794 ἀρχόντων
554 2699 862 2775 ἀδικήματα
883 2708 958 2769 είς
976 2701 1043 2759 τὰ
1064 2702 1224 2759 κοινοὶ
1255 2705 1581 2776 δικαστηρια
1601 2704 1807 2761 ἐπανά-

48 2859 53 2861 α
118 2800 241 2849 γειν
259 2778 361 2836 τὸν
377 2782 726 2855 βουλόμενον
743 2787 989 2844 ἑκάστων
1008 2794 1120 2843 τῶν
1141 2788 1514 2858 ἐγκλημάτων.
1557 2793 1727 2859 μυρία
1749 2788 1808 2843 δὲ
