1976 3172
257 141 326 194 70
854 142 1333 202 HAATszNQE

257 273 481 345 φαύλην
501 270 620 327 οὐδ’
644 270 836 344 ὀλίγην
863 271 1081 345 τροφὴν
1109 279 1451 346 παρείχοντο.
1499 279 1591 332 καὶ
1620 277 1731 349 μὴν
1759 279 1933 351 ἀμπε-

254 355 424 427 χόνης
440 375 503 425 γε
521 355 611 410 καὶ
631 360 919 426 στρωμνῆς
936 356 1026 411 καὶ
1047 356 1317 427 οἰκήσεων
1334 359 1425 413 καὶ
1438 364 1655 413 σκευῶν
1674 361 1935 431 ἐμπύρων

255 458 313 493 τε
331 437 425 492 καὶ
442 434 678 506 ἀπύρων
698 432 982 509 εὐπόρουν
996 459 1007 470 ·
1039 441 1098 493 αἱ
1114 442 1404 495 πλαστικαὶ
1421 438 1527 511 γὰρ
1547 443 1639 496 καὶ
1659 439 1785 497 ὅσαι
1804 451 1937 498 πλε-

248 519 435 575 χκτικαὶ
452 524 566 574 τῶν
584 523 794 588 τεχνῶν
823 516 954 575 οὐδὲ
983 522 1045 575 ἓν
1065 524 1431 595 προσδέονται
1461 524 1719 594 σιδήρου·
1763 530 1936 579 ταῦτα

190 609 222 651 Β
257 601 316 658 δὲ
344 598 529 657 πάντα
557 600 737 656 τούτω
766 599 840 656 τω
873 604 1035 672 τέχνα
1066 601 1199 667 θεὸς
1229 607 1399 659 ἔδωκε
1427 608 1670 676 πορίζειν
1694 615 1807 671 τοῖς
1836 604 1938 662 ἀν·-

256 683 525 754 θρεόποις,
560 678 637 737 ἵν’
679 678 844 737 ὁπότε
881 686 957 747 εἰς
990 681 1094 754 ’τὴν
1128 685 1392 756 τοιαύτην
1426 684 1666 756 ἀπορίαν
1697 691 1936 758 ἔλθοιεν,

257 771 369 836 ἔχοι
389 763 636 836 βλάστην
653 765 745 819 καὶ
763 765 1010 820 ἐπίδοσιν
1033 765 1095 820 τὸ
1127 772 1242 822 τῶν
1271 765 1593 836 ἀνθρώπων
1621 772 1794 838 γένος.
1839 771 1939 824 πέ-

257 867 415 916 νητες
434 847 535 915 μὲν
554 843 619 915 δὴ
641 843 731 901 διὰ
750 844 811 900 τὸ
833 852 1088 902 τοιοῦτον
1106 847 1326 918 σφόδρα
1345 845 1448 904 οὐκ
1477 842 1638 919 ἦσαν,
1671 846 1793 904 οὐδ’
1825 846 1935 903 ὑπὸ

256 930 447 991 πενίας
465 925 901 997 ἀναγκαζόμενοι
923 927 1229 999 διάφοροι
1202 941 1414 995 εαυτοῖς
1438 931 1751 1000 ἐγίγνοντο·
1771 929 1938 985 πλού-

256 1024 368 1064 σιοι
396 1006 449 1063 δ’
481 1006 584 1064 οὐκ
615 1006 689 1063 ἄν
718 1006 842 1064 ποτ’
876 1011 1132 1078 ἐγένοντο
1160 1007 1397 1079 α’χρυσοί
1420 1032 1478 1066 τε
1507 1014 1599 1067 καὶ
1629 1011 1940 1084 ἀναργυροι

256 1088 429 1161 ὅντες,
453 1086 486 1144 ὅ
516 1089 639 1144 τότε
672 1091 733 1143 ἐν
763 1091 992 1153 ἐκείνοις
1020 1094 1230 1158 παρῆν·
1263 1081 1300 1159 ᾗ
1329 1086 1381 1144 δ’
1415 1087 1487 1143 ἄν
1523 1109 1656 1145 ποτε
1691 1095 1941 1163 ξυνοικία

257 1171 390 1242 μήτε
409 1176 649 1233 πλοῦτος
668 1172 895 1241 ξυνοικῇ
922 1169 1059 1240 μήτε
1087 1174 1265 1241 πενία,
1296 1168 1495 1241 σχεδὸν
1523 1173 1584 1227 έν
1610 1171 1783 1244 ταύτῃ
1812 1192 1942 1242 γεν-

195 1267 226 1309 G
257 1250 519 1308 ναιότατα
546 1250 660 1322 ἤθη
690 1248 919 1322 γίγνοιτ’
953 1251 1049 1307 ἄν·
1094 1250 1223 1307 οὔτε
1253 1272 1361 1323 γαρ
1389 1250 1550 1325 ὕβρις
1575 1251 1697 1309 οὔτ’
1736 1250 1938 1322 ἀδικία,

255 1339 412 1406 ζῆλοί
433 1355 491 1390 τε
520 1336 594 1388 αὐ
622 1336 713 1390 καὶ
735 1332 957 1403 φθόνοι
981 1331 1084 1389 οὐκ
1113 1334 1473 1403 ἐγγίγνονται.
1513 1332 1719 1405 ἀγαθοι
1749 1338 1851 1406 μὲν
1872 1336 1960 1406 δὴ,

256 1415 347 1472 διά
362 1415 536 1472 ταῦτά
552 1437 610 1470 τε
628 1409 775 1486 ἦσαν
792 1417 885 1470 καὶ
902 1412 994 1469 διά
1012 1413 1116 1485 τὴν
1134 1418 1438 1486 λεγομένην
1456 1412 1748 1486 εὐήθειαν·
1769 1413 1806 1470 ὁὶ
1830 1438 1938 1486 γαρ

252 1497 465 1570 ἤκουον
498 1493 639 1552 καλα
669 1497 761 1552 καὶ
785 1496 997 1568 αἰσχρά,
1029 1493 1253 1567 εὐήθεις
1281 1495 1436 1561 ὄντες
1463 1494 1703 1567 ἡγοῦντο
1735 1495 1941 1567 ἀληθέ-

255 1594 423 1634 στατα
440 1581 701 1648 λέγεσθαι
721 1579 814 1634 καὶ
834 1579 1137 1633 ἐπείθοντο.
1178 1582 1383 1644 ψεῦδος
1409 1576 1516 1649 γάρ
1546 1576 1811 1634 ὑπονοεῖν
1841 1575 1941 1632 οὐ-

259 1664 369 1727 δεὶς
387 1658 650 1733 ἠπίστατο
673 1660 763 1715 διὰ
785 1665 1007 1730 σοφίαν,
1035 1658 1218 1731 ὥσπερ
1239 1658 1306 1716 τὰ
1327 1666 1452 1730 νῦν,
1473 1658 1613 1716 ἀλλὰ
1634 1663 1758 1732 περὶ
1784 1666 1941 1717 θεῶν

176 1743 181 1747 ’
256 1763 315 1797 τε
348 1744 439 1798 καὶ
472 1739 796 1813 ἀνθρώπων
824 1738 891 1796 τὰ
927 1739 1198 1812 λεγόμενα
1234 1741 1422 1813 ἀληθῆ
1460 1746 1768 1812 νομίζοντες
1803 1744 1938 1807 ἔζων

255 1821 395 1879 κατὰ
438 1828 637 1879 ταῦτα·
695 1822 886 1892 διόπερ
923 1816 1067 1893 ἦσαν
1100 1829 1341 1879 τοιοῦτοι
1378 1823 1748 1892 παντάπασιν,
1789 1827 1940 1886 οἴους

193 1913 227 1953 D
256 1901 462 1968 αὐτούς
479 1901 632 1975 ἡμεῖς
655 1901 779 1975 ἄρτι
799 1902 1219 1975 διεληλύθαμεν.

394 1990 514 2043 ΚΛ.
545 1985 694 2057 Ἐμοὶ
710 1991 853 2055 γοῦν
873 1983 938 2055 δὴ
964 1987 1055 2040 καὶ
1073 1987 1212 2040 τωδε
1232 1982 1378 2040 οὕτω
1398 1990 1569 2040 ταῦτα
1590 1986 1858 2050 ξυνδοκεῖ.

397 2071 481 2122 ΙΙΙ.
499 2073 617 2122 ΑΘ.
641 2064 869 2122 Οὐκοῦν
889 2065 1198 2138 εἴπωμεν,’“’
1165 2088 1250 2122 οτι
1268 2068 1451 2137 γενεαὶ
1471 2070 1783 2137 διαβιοῦσαι
1803 2071 1940 2120 πολ-

255 2150 345 2204 λαὶ
366 2155 570 2203 τοῦτον
592 2148 693 2204 τὸν
709 2149 919 2218 τρόπον
937 2170 1050 2205 των
1078 2149 1184 2221 πρὸ
1216 2153 1609 2220 κατακλυσμοῦ
1627 2146 1939 2219 γεγονότων

259 2230 351 2285 καὶ
369 2252 483 2285 των
501 2236 608 2286 νῦν
640 2229 985 2302 ἀτεχνότεροι
1003 2233 1105 2302 μὲν
1116 2233 1208 2288 καὶ
1227 2229 1594 2303 ἀμαθέστεροι
1613 2229 1754 2302 πρός
1770 2251 1828 2284 τε
1845 2228 1940 2293 τὰς

257 2310 426 2375 ἄλλας
455 2313 753 2382 μέλλουσιν
790 2310 930 2366 εἶναι
966 2316 1156 2383 τέχνας
1194 2317 1285 2369 καὶ
1323 2312 1460 2385 πρὸς
1494 2311 1592 2376 τὰς
1626 2309 1938 2381 πολεμικάς,

257 2391 385 2448 ὅσαι
404 2414 462 2448 τε
482 2395 633 2458 πεζαὶ
660 2394 752 2447 καὶ
779 2389 902 2447 ὅσαι
926 2393 1065 2447 κατὰ
1092 2393 1377 2449 θάλατταν
1406 2398 1690 2464 γίγνονται
1717 2389 1785 2444 τοὶ
1810 2396 1936 2459 νῦν,

255 2475 347 2531 καὶ
366 2473 493 2530 ὅσαι
522 2475 589 2546 δὴ
624 2471 764 2530 κατὰ
799 2473 965 2529 πόλιν
999 2474 1177 2544 μόνον
1200 2473 1392 2544 αὐτοῦ,
1426 2476 1572 2528 δίκαι
1599 2472 1691 2527 καὶ
1720 2470 1937 2536 στάσεις

256 2556 565 2627 λεγόμεναι,
583 2555 770 2626 λόγοις
798 2558 977 2625 ἔργοις
1003 2575 1062 2611 τε
1085 2558 1528 2627 μεμηχανημέναι
1556 2552 1736 2617 πάσας
1761 2571 1938 2623 μηχα-

166 2688 169 2689 7
195 2648 228 2689 E
253 2635 355 2702 νάς
375 2642 450 2702 εἰς
469 2635 528 2693 τὸ
550 2647 884 2710 κακουργεῖν
901 2657 958 2693 τε
978 2634 1251 2708 ἀλλήλους
1269 2638 1361 2693 καὶ
1389 2633 1615 2705 ἀδικεῖν,
1637 2632 1936 2706 εὐηθέστε-

254 2739 342 2791 ροι
363 2719 422 2776 δὲ
440 2720 532 2775 καὶ
561 2718 934 2788 ἀνδρειότεροι
964 2721 1055 2775 καὶ
1079 2717 1190 2790 ἅμα
1218 2722 1662 2790 σωφρονέστεροι
1687 2719 1779 2773 καὶ
1799 2715 1937 2786 ξύμ-
