1976 3172
209 124 314 176 414
720 168 729 173 .
822 121 1301 172 ΠΛΑΤῼΝΟΣ

349 260 466 310 ΚΛ.
505 259 636 318 Πῶς
654 252 761 323 γὰρ
781 253 882 320 οὕς

146 346 177 386 c
247 360 262 366 ’-
349 340 464 389 ΑΘ.
502 339 651 389 Μῶν
678 328 785 389 οὖν
807 333 909 406 οὐχ
938 339 1000 391 ἓν
1027 342 1141 392 τῶν
1175 342 1481 394 καλλίστων
1514 342 1626 398 ἐστὶ
1661 340 1721 397 τὸ
1761 344 1883 413 περὶ
1943 354 1946 355 ’

207 416 337 480 τοὺς
358 414 547 485 θεούς,
579 413 611 469 ὂ
646 413 712 485 δὴ
743 421 961 490 σπουδῇ
978 419 1440 490 διεπερανάμεθα,
1470 419 1544 486 ὡς
1565 427 1675 490 εἰσί
1705 444 1762 479 τε
1791 426 1880 479 καὶ

209 497 342 573 ὅσης
359 502 652 567 φαίνονται
671 497 855 568 κύριοι
884 498 1188 570 δυνάμεως,
1210 503 1411 556 εἰδέναι
1435 521 1494 557 τε
1513 506 1590 567 εἰς
1617 501 1754 559 ὅσον
1780 507 1883 559 δυ-

211 577 382 632 νατόν
399 579 512 632 ἐστι
530 575 677 633 ταῦτ’
700 577 1009 649 ἄνθρωπον
1025 578 1371 650 γιγνώσκειν,
1391 583 1484 636 καὶ
1495 591 1608 647 τοῖς
1622 585 1724 681 μὲν
1740 591 1883 642 ’πλεί-

211 673 356 721 στοις
374 679 486 712 των
509 656 645 713 κατὰ
664 658 829 715 πόλιν
857 661 1288 731 ξνγγιγντόσκειν
1313 669 1383 732 τῇ
1405 663 1561 735 φήμῃ
1579 664 1755 734 μόνον
1773 673 1885 721 τῶν

207 737 400 807 νόμων
418 746 923 808 συνακολουθοῦσι,
942 751 1052 805 τοῖς
1073 744 1133 796 δὲ
1160 749 1409 813 φυλακῆς
1433 747 1730 814 μεθέξουσι
1747 746 1886 816 μηδὲ

206 815 569 914 ἐπιτρέπειν,
549 838 610 881 ος
628 816 699 872 ἂν
716 818 789 888 μὴ
803 821 1198 889 διαπονήσηται
1214 820 1274 875 τὸ
1289 829 1472 878 πᾶσαν
1490 829 1673 880 πίστιν
1689 831 1883 896 λαβειν

206 919 324 952 των
342 894 531 952 οὐσῶν
551 898 675 965 περὶ
694 903 877 955 θεῶν·
863 939 878 963 ,
916 899 1019 969 τὴν
1037 900 1097 954 δὲ
1114 899 1187 969 μὴ
1210 902 1509 972 ἐπιτροπὴν
1528 904 1668 959 εἶναι
1695 906 1756 961 τὸ
1779 929 1885 978 μη·-

149 985 183 1024 D
214 980 407 1034 δέποτε
423 984 535 1034 τῶν
547 979 961 1050 νομοφυλάκων
979 983 1257 1049 αιρεῖσθαι
1276 980 1456 1054 τὸνμὴ
1480 992 1638 1040 θεῖον
1656 987 1746 1041 καὶ
1765 990 1884 1042 δια-

205 1059 560 1130 πεπονηκότα
580 1060 721 1131 πρὸς
739 1059 899 1132 αὐτοὶ,
922 1061 1053 1133 μηδ’
1076 1065 1149 1118 αὐ
1175 1085 1290 1119 των
1317 1063 1454 1136 πρὸς
1483 1063 1684 1138 ἀρετὴν
1703 1069 1886 1138 ἐγκρί-

204 1163 317 1198 των
337 1148 653 1211 γίγνεσθαι·
640 1185 655 1209 ,

350 1227 468 1278 ΚΛ.
505 1228 739 1280 Δίκαιον
768 1231 927 1295 γοῦν,
961 1223 1034 1290 ὥς
1065 1229 1255 1296 λέγεις,
1283 1225 1382 1281 τὸν
1410 1228 1532 1297 περὶ
1559 1227 1626 1283 τὰ
1660 1236 1885 1284 τοιαῦτα
1947 1254 1950 1258 ’

207 1301 385 1373 ἀργὸν
403 1299 439 1375 ἦ
458 1302 739 1361 ἀδύνατον
761 1304 1164 1377 ἀποκρίνεσθαι
1191 1305 1384 1377 πόρρω
1407 1314 1519 1364 τῶν
1540 1315 1738 1365 καλῶν.

351 1392 470 1442 ΛΘ.
505 1379 638 1458 Αρα
675 1409 780 1443 ουν
815 1396 976 1458 ἴσμεν
1014 1386 1099 1443 ὅτι
1133 1386 1226 1442 δύ’
1268 1386 1427 1443 ἐστὸν
1460 1410 1535 1443 τω
1568 1394 1693 1459 περὶ
1727 1396 1882 1446 θεῶν

204 1465 404 1536 ἄγοντε
426 1471 501 1531 εἰς
519 1473 719 1538 πίστιν,
741 1467 844 1523 ὅσα
865 1469 1168 1567 διήλθομεν
1193 1470 1253 1523 ἐν
1271 1478 1382 1532 τοῖς
1409 1468 1689 1539 πρόσθεν;

346 1555 465 1604 ΚΛ.
501 1555 670 1614 Ποῖα;

344 1637 462 1686 ΑΘ.
484 1629 581 1686 'Ev
604 1632 705 1701 μὲν
729 1629 763 1685 ὃ
783 1634 905 1699 περὶ
923 1632 1026 1701 την
1043 1629 1225 1701 ψυχὴν
1255 1631 1528 1700 ἐλέγομεν,
1550 1652 1624 1695 ως
1639 1632 1883 1702 πρεσβύ-

140 1721 174 1761 E
203 1713 370 1769 τατόν
387 1734 445 1768 τε
470 1716 560 1769 καὶ
585 1712 880 1769 θειότατόν
908 1716 1021 1770 ἐστι
1050 1713 1294 1782 πάντων,
1328 1705 1407 1768 ὧν
1437 1718 1648 1784 κίνησις
1664 1716 1881 1785 γένεσιν

203 1800 602 1865 παραλαβοῦσα
620 1792 824 1851 ἀέναον
844 1792 1042 1851 οὐσίαν
1060 1792 1340 1866 ἐπόρισεν·
1380 1796 1442 1850 ἓν
1471 1795 1530 1851 δὲ
1559 1793 1621 1850 τὸ
1640 1797 1766 1868 περὶ
1782 1794 1884 1866 τὴν

205 1875 408 1944 φοράν,
431 1873 503 1941 ὥς
522 1880 630 1947 ἔχει
646 1876 862 1949 τάξεως,
888 1875 1110 1947 ἄστρων
1131 1896 1188 1931 τε
1206 1878 1297 1931 καὶ
1309 1873 1459 1932 ὅσων
1478 1875 1663 1932 ἄλλων
1683 1880 1882 1948 ἐγκρα-

202 1955 298 2027 τὴς
327 1963 462 2022 νοῦς
489 1960 599 2014 ἐστὶ
627 1958 688 2014 τὸ
721 1965 835 2014 πᾶν
864 1957 1323 2029 διακεκοσμηκώς.
1365 1955 1393 2013 ὁ
1424 1957 1530 2028 γὰρ
1556 1960 1691 2014 ἰδών
1710 1965 1881 2014 ταῦτα

203 2036 274 2107 μὴ
298 2038 524 2106 φαύλως
542 2037 670 2110 μηδ’
704 2043 1006 2110 ἰδιωτικῶς,
1039 2037 1220 2104 οὐδεὶς
1248 2036 1424 2103 οὕτως
1453 2037 1623 2103 ἄθεος
1651 2037 1883 2109 ἄνθρω-
1957 2063 1961 2067 ·

201 2137 325 2172 πων
344 2119 472 2174 ποτὲ
490 2122 757 2191 πέφυκεν,
778 2119 838 2186 ὃς
863 2119 932 2176 οὐ
952 2121 1279 2177 τούναντίον
1312 2125 1523 2176 ἔπαθεν
1551 2116 1589 2190 ἦ
1616 2119 1677 2176 τό
1708 2138 1880 2190 προσ-

85 2208 171 2254 967
209 2199 526 2268 δοκώμενον
562 2199 670 2257 ὑπὸ
711 2209 823 2259 τῶν
858 2210 1096 2259 πολλῶν.
1155 2206 1213 2259 οἱ
1242 2203 1346 2273 μὲν
1378 2200 1487 2272 γὰρ
1523 2205 1880 2258 διανοοῦνται

203 2277 332 2344 τούς
374 2280 440 2334 τὰ
483 2290 708 2338 τοιαῦτα
743 2288 1290 2356 μεταχειρισαμένους
1325 2282 1662 2356 ἀστρονομίᾳ
1696 2304 1754 2339 τε
1789 2283 1881 2338 καὶ

202 2371 319 2424 ταῖς
346 2357 478 2430 μετὰ
509 2363 711 2433 ταύτης
749 2362 1072 2434 ἀναγκαίαις
1100 2368 1289 2430 ἄλλαις
1316 2370 1527 2436 τέχναις
1554 2363 1760 2427 ἀθέους
1794 2368 1879 2431 γί-

203 2449 458 2512 γνεσθαι,
490 2444 916 2520 καθεωρακότας
945 2443 1017 2510 ὡς
1044 2442 1166 2500 οἷόν
1194 2467 1252 2500 τε
1280 2445 1580 2514 γιγνόμενα
1611 2463 1879 2513 αναγκαις

201 2520 479 2593 πράγματ’
502 2522 624 2580 ἀλλ’
645 2523 714 2580 οὐ
746 2528 1011 2591 διανοίαις
1035 2525 1349 2598 βουλήσεως
1376 2523 1611 2596 ἆγαθων
1637 2526 1762 2593 πέρι
1789 2544 1878 2579 τε-

203 2607 508 2675 λουμένων.
754 2630 759 2639 *-

343 2689 579 2743 ΚΛ.Τὸ
599 2689 659 2745 δε
677 2658 744 2760 δη
763 2708 880 2755 πως
899 2685 1069 2761 ἔχον
1045 2711 1116 2744 αν
1133 2696 1242 2759 εἴη·
1229 2730 1244 2755 ,

344 2775 459 2825 ΑΘ.
497 2774 641 2841 Πᾶν,
676 2769 812 2842 ὅπερ
848 2770 1020 2841 εἷπον,
1051 2769 1376 2827 τούναντίον
1406 2774 1510 2840 ἔχει
1545 2774 1652 2826 νῦν
1689 2789 1746 2824 τε
1783 2769 1875 2823 καὶ
