1976 3172
719 143 775 192 N
784 142 899 190 OM
905 141 959 189 Ω,
974 143 1027 189 Ν
1057 135 1116 200 ς’.
1648 135 1752 192 177

210 287 328 338 ΚΛ.
363 278 600 342 Πάντως
621 296 715 347 μοι
740 272 881 331 κατὰ
908 280 1068 347 νοῦν,
1094 268 1140 330 ω’
1170 277 1306 345 ξένε,
1338 274 1404 331 τὰ
1435 278 1755 347 ἔμπροσθεν

70 362 321 436 εἰρηκώς,
338 360 443 434 τὴν
461 357 640 431 α’ρχὴν
654 362 765 414 νῦν
780 362 1008 429 τελευτῇ
1025 355 1318 427 προσάψας
1337 358 1462 428 περὶ
1479 364 1594 413 τῶν
1608 378 1667 413 τε
1686 360 1755 413 εί-

0 489 5 524 2
71 450 328 519 ρημένων
344 445 568 501 καὶτῶν
582 439 901 512 μελλόντων
920 439 1294 512 ῥηθησεσθαι,
1323 444 1499 494 ταῦτα
1519 443 1597 495 ἔτι
1614 445 1758 509 μᾶλ-

0 540 5 606 ss
70 536 174 584 λον
190 531 421 585 ἐκείνων
440 530 665 595 εἴρηκας
681 525 891 594 φιλίως.

0 612 5 659 ῐ
208 615 325 665 ΑΘ.
363 611 565 670 Καλῶς
591 608 787 660 τοίνυν
816 600 891 659 ἂν
924 604 1059 675 ἡμῖν
1090 600 1126 674 ἡ
1160 606 1493 674 πρεσβυτῶν
1527 604 1872 674 ἔμφρων 769

0 661 2 723 !
67 678 259 745 παιδιὰ
279 689 436 760 μέχρι
455 683 615 759 δεῦρ’
637 693 720 757 εἴη
740 682 808 740 τὰ
827 691 937 740 νῦν
957 686 1407 756 διαπεπαισμένη.

205 776 325 827 ΚΛ.
363 767 562 840 Καλὴν
578 766 682 840 τὴν
699 765 954 839 σπουδὴν
969 770 1150 832 ἔοικας
1160 769 1373 837 δηλοῦν
1382 770 1498 820 τῶν
1513 762 1753 835 ἀνδρῶν.

206 859 325 909 ΑΘ.
361 851 530 916 Εἰκός
552 871 642 922 γε·
681 850 809 906 τόδε
830 848 882 906 δ’
902 849 1273 921 ἐννοήσωμεν,
1294 852 1345 903 εἰ
1370 847 1456 903 σοὶ
1477 849 1632 904 δοκεῖ·
1647 867 1759 904 ’κα-

65 933 252 1005 θάπερ
272 937 408 1006 ἐμοί.

208 1021 329 1073 ΚΛ.
372 1013 448 1070 Τὸ
470 1025 634 1070 ποῖον
653 1013 721 1085 δὴ
742 1014 835 1069 καὶ
852 1014 977 1084 περὶ
994 1017 1190 1079 τίνων;

211 1103 331 1154 ΑΘ.
371 1093 537 1153 Οἶσθ’
555 1094 640 1152 ὅτι
651 1094 909 1165 καθάπερ
924 1095 1236 1167 ζωγράφων
1247 1091 1416 1151 οὐδὲν
1426 1094 1596 1166 πέρας
1615 1097 1758 1165 ἔχειν

67 1174 102 1248 ἡ
123 1184 466 1250 πραγματεία
486 1181 644 1234 δοκεῖ
663 1178 789 1248 περὶ
815 1176 1064 1233 ἑκάστων
1091 1183 1204 1233 τῶν
1229 1176 1402 1246 ζώων,
1433 1172 1555 1232 ἀλλ’
1591 1170 1629 1246 ἢ
1656 1180 1758 1231 τοῦ

66 1263 315 1329 χραίνειν
330 1256 368 1330 ἦ
387 1257 763 1330 ἀποχραίνειν,
781 1255 820 1330 ἢ
840 1259 873 1314 ὅ
898 1281 951 1314 τι
971 1259 1040 1329 δή
1062 1279 1196 1314 ποτε
1224 1265 1460 1314 καλοῦσι
1483 1256 1544 1313 τὸ
1567 1261 1760 1313 τοιοῦ-
1791 1263 1823 1303 Β

67 1364 168 1399 τον
190 1345 250 1398 05
273 1341 588 1412 ζωγράφων
616 1346 822 1413 παῖδες,
855 1340 958 1397 οὐκ
990 1343 1062 1397 ἄν
1090 1362 1224 1397 ποτε
1254 1346 1412 1397 δοκεῖ
1435 1341 1762 1397 παύσασθαι

12 1442 13 1446 ’
64 1429 372 1496 κοσμοῦσα,
386 1422 527 1480 ὥστε
545 1427 795 1480 ἐπίδοσιν
812 1420 1004 1495 μηκέτ’
1025 1427 1171 1495 ἔχειν
1191 1427 1268 1489 εἰς
1287 1421 1348 1478 τό
1368 1428 1573 1478 καλλίω
1593 1445 1650 1478 τε
1670 1423 1761 1479 καὶ

67 1506 429 1578 φανερώτερα
453 1511 749 1578 γίγνεσθαι
775 1504 843 1562 τὰ
869 1507 1236 1578 γεγραμμένα.

210 1593 327 1644 ΚΛ.
367 1586 585 1659 Σχεδὸν
603 1591 782 1645 ἐννοῶ
801 1586 1026 1644 ἀκούων
1037 1588 1129 1644 καὶ
1142 1585 1310 1652 αὐτὸς
1327 1591 1500 1643 ταῦτα
1513 1582 1551 1641 ἃ
1568 1587 1759 1656 λέγεις,

69 1671 186 1727 ἐπεὶ
201 1669 455 1743 ἐντριβής
471 1691 535 1742 γε
559 1667 819 1742 οὐδαμῶς
836 1673 1041 1742 γέγονα
1058 1677 1125 1744 τῇ
1140 1669 1370 1743 τοιαύτῃ
1387 1670 1566 1742 τέχνῃ.

208 1757 328 1808 ΑΘ.
361 1752 474 1808 Καὶ
502 1748 671 1809 οὐδέν
691 1773 755 1824 γε
779 1754 1041 1826 ἐβλάβης·
1079 1752 1420 1830 χρησώμεθά
1449 1774 1514 1825 γε
1545 1750 1657 1825 μὴν
1687 1760 1764 1824 τῶ

70 1837 183 1889 νῦν
199 1835 575 1905 παρατυχόντι
598 1836 724 1907 περὶ
743 1832 915 1908 αὐτῆς
932 1835 1066 1908 ἡμῖν
1086 1836 1236 1911 λόγω
1255 1833 1317 1892 τὸ
1339 1835 1575 1904 τοιόνδε,
1609 1833 1684 1900 ὦς
1712 1841 1768 1890 εἴ

65 1917 203 1972 ποτέ
216 1937 298 1981 τις
316 1915 623 1989 ἐπινοήσειε
641 1917 855 1990 γράψαι
872 1940 930 1974 τε
951 1916 1026 1984 ῶς
1036 1919 1335 1975 κάλλιστον
1350 1923 1492 1985 ζῶον
1505 1917 1596 1972 καὶ
1606 1915 1758 1972 τοῦτ’
1793 1927 1824 1971 C

69 2019 142 2052 αυ
120 1989 432 2068 ’μηδέποτε
451 2000 540 2055 ἐπὶ
558 1997 619 2055 τὸ
642 2001 994 2072 φαυλότερον
1013 1999 1136 2057 ἀλλ’
1158 2001 1247 2061 ἐπὶ
1265 1997 1327 2055 τὸ
1350 2002 1569 2071 βέλτιον
1589 2001 1762 2070 ἴσχειν

69 2082 173 2134 τοῦ
197 2076 450 2143 ἐπιόντος
477 2077 563 2135 άεὶ
590 2080 817 2151 χρόνου,
852 2086 1101 2147 ξυννοεῖς
1134 2078 1220 2136 ὅτι
1246 2079 1457 2151 θνητὸς
1485 2078 1582 2151 ὤν,
1615 2083 1664 2135 εἰ
1686 2078 1762 2151 μη’

28 2217 34 2223 ,
69 2181 194 2215 τινα
213 2165 531 2229 καταλείψει
551 2159 872 2235 διάδοχον,
851 2185 913 2230 ος
931 2166 1291 2235 ἐπανορθοῦν
1310 2184 1386 2233 τε,
1399 2160 1500 2219 ἐάν
1518 2184 1570 2218 τι
1588 2162 1760 2233 σφάλ-

71 2248 229 2313 ληται
250 2242 311 2299 τὸ
332 2247 475 2310 ζῶον
495 2241 604 2301 ὑπὸ
634 2245 875 2317 χρόνων,
906 2247 997 2301 καὶ
1024 2243 1087 2302 τὸ
1118 2243 1507 2317 παραλειφθὲν
1534 2239 1641 2299 ὑπὸ
1665 2250 1763 2315 τῆς

70 2319 368 2390 ἀσθενείας
385 2331 483 2398 τῆς
501 2326 706 2383 ἑαυτοῦ
724 2327 863 2397 πρὸς
881 2325 984 2399 τὴν
1002 2331 1201 2399 τέχνην
1222 2325 1338 2392 οἷός
1355 2347 1414 2383 τε
1434 2330 1510 2392 εἰς
1527 2323 1589 2383 τὰ
1618 2325 1760 2397 πρό-

22 2442 26 2452 2
71 2413 217 2463 σθεν
242 2410 392 2463 ἔσται
428 2407 764 2479 φαιδρύνων
798 2419 980 2466 ποιεῖν
1011 2408 1338 2482 ἐπιδιδόναι,
1371 2408 1609 2481 σμικρόν
1636 2431 1760 2465 τινα

21 2506 26 2549 ι
74 2485 279 2555 χρόνον
294 2485 448 2563 αὐτῷ
466 2488 638 2556 πόνος
656 2492 960 2563 παραμένει
980 2489 1301 2564 πάμπολυς;

214 2571 333 2623 ΚΛ.
363 2566 590 2644 Ἀληθῆ.

216 2651 335 2702 ΑΘ.
377 2653 445 2704 Τί
460 2645 593 2720 edm
622 2645 718 2725 ἆρ’
740 2651 810 2710 οὐ
826 2660 1082 2711 τοιοῦτον
1101 2657 1260 2713 δοκεῖ
1277 2668 1366 2711 σοι
1384 2655 1446 2710 τὸ
1466 2659 1568 2711 τοῦ
1587 2662 1819 2725 voye-D

22 2744 29 2774 θ
75 2729 249 2784 θέτου
283 2727 537 2802 βούλημα
567 2731 735 2803 alvan
771 2742 997 2809 πρῶτον
1031 2735 1135 2807 μὲν
1158 2734 1369 2806 γράψαι
1396 2735 1528 2801 τούς
1556 2733 1764 2806 νόμους

24 2853 30 2862 ·
75 2807 339 2933 36309ἔῆ11
355 2808 643 2934 ἆιξῗίβειαν
660 2817 799 2874 κατὰ
828 2817 1069 2889 δύναμιν
1090 2820 1315 2883 ἱκανῶς·
1339 2822 1522 2872 ἔπειτα
1541 2813 1761 2885 προϊόν-

254 2903 370 2934 zaro
610 2922 614 2933 .
1433 2899 1484 2942 12
