1976 3172
577 155 582 157 “
671 138 992 188 ΝΟΜΩΝ
1022 133 1082 185 α’.
1680 135 1716 188 5

0 282 112 336 λοὶ
131 276 500 344 ξυνελθόντες
520 275 771 336 δικαίους
790 269 1099 335 §Alcinous-'⁹
1068 291 1234 335 οντας
1262 271 1552 342 βιάσονται
1582 277 1718 329 δου-

0 360 313 437 ],λούμενοι,
332 355 476 416 nal*
441 377 578 414 οταν
600 353 704 426 μὲν
731 350 1098 424 κρατήσωσιν,
1114 350 1298 423 ἥττων
1315 350 1349 424 ἡ
1370 353 1528 418 πόλις
1548 351 1719 426 αὐτῆς

0 450 4 505 h
29 442 223 516 ὀρθῶς
240 441 380 512 αὕτη
398 435 605 510 λέγοιτ’
621 459 695 493 αν
714 434 828 507 ἅμα
847 437 939 492 καὶ
958 434 1119 506 κακή,
1140 432 1285 491 ὅπου
1316 431 1369 491 δ’
1403 430 1477 490 ἂν
1505 433 1719 507 ἡττιὸν-

0 540 5 606 p
28 548 135 597 ται,
154 527 416 593 κρείττων
432 541 492 576 τε
510 520 603 575 καὶ
623 516 827 590 ἀγαθή.

165 610 287 662 KA.
320 604 432 659 Καὶ
468 601 615 674 μάλα
653 599 883 670 ἄτοπον,
914 621 958 655 ω
990 591 1127 670 ξένε,
1156 595 1219 655 τό
1256 605 1360 654 νῦν
1388 596 1718 670 λεγόμενον·
1751 612 1782 653 c

26 685 176 759 ὅμως
194 682 247 741 δ’
281 682 574 756 ὁμολογεῖν
593 681 773 747 οὕτως
790 678 1247 751 ἀναγκαιότατον.

168 771 251 822 lv.
301 771 420 822 ΑΘ.
457 764 582 836 Ἔχε
618 765 713 835 δή]
760 764 854 820 καὶ
892 762 1019 819 τόδε
1056 762 1227 820 πάλιν
1262 762 1718 835 ἐπισκεψαίμεθα·

27 849 224 906 πολλοὶ
242 846 481 919 ἀδελφοί
500 866 614 902 που
630 842 870 916 γένοιντ’
904 841 977 901 ἂν
1002 844 1129 909 ἑνὸς
1154 842 1361 916 ἀνδρός
1388 866 1448 902 τε
1475 846 1567 902 καὶ
1595 851 1721 917 μιᾶς

25 933 181 1002 υἱεῖς,
202 931 294 986 καὶ
317 927 385 1001 δὴ
405 930 497 986 καὶ
512 924 848 999 θαυμαστὸν
872 923 1041 983 οὐδὲν
1059 923 1192 992 τοὺς
1211 931 1436 992 πλείους
1464 925 1566 999 μὲν
1596 924 1720 982 ἀδί-

32 1033 168 1078 κους
185 1010 375 1069 αύτῶν
390 1017 705 1083 γίγνεσθαι,
725 1006 858 1074 τούς
877 1009 937 1066 δὲ
955 1009 1214 1075 ἐλάττους
1234 1012 1499 1074 δικαίους.

171 1099 292 1150 ΚΑ.
333 1091 420 1149 Οὐ
437 1093 546 1164 γὰρ
565 1085 686 1148 οὖν.
1017 1136 1021 1138 v

170 1181 290 1231 ΑΘ.
326 1176 438 1231 Καὶ
457 1171 561 1241 οὐκ
578 1170 653 1229 ἂν
664 1181 748 1245 εἴη
765 1193 829 1244 γε
843 1173 1059 1244 πρέπον
1078 1173 1205 1243 ἐμοί
1216 1193 1274 1228 τε
1292 1175 1385 1229 καὶ
1404 1169 1536 1243 ὑμῖν
1555 1176 1722 1228 τοῦτο

31 1255 316 1329 θηρεύειν,
337 1255 422 1310 ὅτι
438 1254 730 1310 νικώντων
749 1254 853 1325 μὲν
869 1260 984 1309 τῶν
1011 1260 1277 1324 πονηρῶν
1303 1251 1342 1325 ἦ
1369 1275 1428 1310 τε
1457 1258 1603 1310 οἰκία
1631 1256 1723 1311 καὶ

27 1336 63 1409 ἡ
91 1338 379 1407 ξυγγένεια
405 1334 545 1407 αὕτη
566 1341 719 1390 πᾶσα
736 1333 921 1406 ἥττων
939 1331 1109 1405 αὑτῆς
1127 1333 1329 1405 λέγοιτ’
1354 1333 1443 1404 ἄν,
1457 1341 1725 1406 κρείττων

29 1420 91 1478 δὲ
113 1418 469 1491 ἡττωμένων·
505 1416 575 1474 ού
602 1417 712 1489 γὰρ
740 1414 1160 1489 εὐσχημοσύνης
1186 1438 1245 1472 τε
1274 1419 1367 1474 καὶ
1404 1415 1724 1489 άσχημοσύ-
1745 1433 1780 1474 D

29 1522 132 1574 υης
151 1500 417 1575 ῥημάτων
446 1499 613 1556 ἕνεκα
647 1498 715 1555 τὰ
754 1505 866 1555 νῦν
909 1499 1277 1570 σκοπούμεθα
1312 1496 1451 1570 πρὸς
1486 1497 1588 1556 τὸν
1610 1505 1725 1555 τῶν

31 1589 257 1640 πολλῶν
274 1581 463 1653 λόγον,
492 1579 610 1639 ἀλλ’
643 1578 951 1655 ὀρθότητός
969 1603 1029 1638 τε
1057 1582 1150 1638 καὶ
1181 1579 1447 1653 ἁμαρτίας
1479 1584 1604 1652 πέρι
1622 1581 1727 1638 νό-

33 1686 174 1738 μων,
192 1663 311 1736 ἥτις
327 1666 464 1721 ποτέ
477 1666 592 1721 ἐστι
611 1664 794 1742 φύσει.

174 1751 295 1803 KA.
324 1742 715 1817 Ἀληθέστατα,
739 1767 782 1801 ω
763 1738 940 1817 ςξένε,
963 1747 1153 1817 λέγεις.

174 1833 306 1885 ΜΕ.
344 1834 545 1895 Καλως
564 1830 666 1901 μὲν
686 1821 811 1900 οὖν,
837 1850 913 1895 ως
928 1850 991 1899 γε
1012 1829 1134 1900 ἐμοὶ
1153 1830 1445 1893 ξυνδοκεῑν
1463 1826 1527 1884 τό
1546 1845 1610 1898 γε
1630 1850 1726 1885 το·-

33 1915 237 1966 σοῠτον
254 1908 321 1966 τὰ
340 1916 466 1967 νῦν.

172 1997 291 2048 ΑΘ.
310 1991 547 2065 Ἴδωμεν
566 1991 635 2066 δὴ
654 1994 747 2050 καὶ
774 1992 928 2049 τόδε·
958 1992 1176 2058 τούτοις
1204 2003 1318 2058 τοῖς
1345 1991 1470 2064 άρτι
1498 1993 1725 2063 λεγομέ-

37 2090 153 2137 νοις
171 2071 432 2144 ἀδελφοῖς
448 2072 654 2144 γένοιτ’
679 2095 753 2130 αν
779 2074 892 2130 πού
909 2095 989 2139 τις
1008 2073 1296 2145 δικαστής;

177 2158 299 2211 KA.
331 2151 497 2211 Πάνυ
513 2176 593 2226 γε.

177 2240 294 2292 ΑΘ.
343 2235 591 2308 Πότερος
618 2230 725 2294 οὖν
755 2234 1017 2309 ἀμείνων,
1051 2235 1199 2302 ὅστις
1227 2234 1360 2302 τούς
1390 2237 1492 2308 μὲν
1522 2232 1727 2292 άπολέ-

36 2333 183 2375 σειεν
206 2317 396 2374 αύτων
427 2314 549 2375 ὅσοι
575 2324 753 2389 κακοί,
782 2317 914 2384 τούς
944 2318 1005 2376 δὲ
1031 2324 1284 2392 βελτίους
1310 2317 1499 2391 ἄρχειν
1521 2315 1727 2382 αὐτοὺς
1759 2336 1789 2376 Ε

11 2396 224 2456 αὑτων
235 2398 657 2475 προστάξειεν,ἢ
678 2398 922 2472 ὅδε,ὃς”
885 2396 958 2459 αν
978 2400 1108 2469 τοὺς
1119 2424 1222 2474 μεν
1234 2399 1507 2476 χρηστοὺς
1518 2398 1725 2498 ἄρχειν,

39 2500 171 2546 τους
198 2486 415 2553 χείρους
449 2480 503 2539 δ’
541 2483 709 2551 ἐάσας
743 2488 843 2557 ζῇν
882 2484 1156 2557 αρχεσθαι
1192 2484 1421 2549 ἑκόντας
1454 2482 1724 2556 ποιήσεως

11 2567 230 2632 ,τρίτον
245 2566 313 2622 δέ
323 2585 436 2623 που
464 2565 730 2639 δικαστὴν
759 2564 900 2637 πρὸς
929 2565 1134 2640 ἀρετὴν
1162 2574 1422 2639 εἴπωμεν,
1454 2573 1508 2622 εἴ
1532 2586 1613 2629 τις
1644 2571 1726 2634 εἴη

11 2666 18 2696 ι
41 2647 309 2716 τοιοῦτος,
332 2644 481 2714 ὅστις
511 2647 855 2723 παραλαβων
883 2652 1207 2722 ξυγγένειαν
1232 2653 1367 2722 ’μίαν
1394 2649 1727 2719 διαφερομέ-

13 2746 150 2799 νην
166 2724 300 2799 μήτε
327 2722 606 2789 &ouem
627 2732 856 2807 μηδένα,
882 2732 1175 2799 διαλλάξας
1206 2733 1265 2789 δὲ
1295 2734 1372 2798 εἰς
1401 2728 1501 2791 τὸν
1522 2732 1729 2787 ἐπίλοι-
1756 2743 1843 2791 628
