1976 3172
263 79 368 130 400
878 75 1355 126 ΠΛΑΤΩΝΟΣ

265 210 572 281 ἀγάλματα,
605 207 817 279 όσαπερ
849 203 922 263 ἂν
955 211 1018 264 ἐν
1047 216 1146 282 μιᾷ
1178 210 1466 283 ζωγράφος
1496 211 1674 288 ἡμέρα
1704 211 1780 280 εἷς
1809 206 1976 291 ἀπο-ξ

263 299 416 365 τελῇ·
451 296 543 348 καὶ
568 285 741 391 τάλλα
759 294 898 347 ἔστω
917 289 1058 347 κατὰ
1085 290 1153 347 τὰ
1172 299 1400 348 τοιαῦτα
1427 292 1762 367 ἀναθήματα
1787 317 1976 374 μεμι-ἱ
1972 331 1976 335 -

260 375 492 446 μημένα

403 460 532 512 VIII.
557 454 682 513 Ὅτε
719 456 779 513 δὲ
814 459 952 528 μέρη
992 459 1255 529 διείρηται
1281 463 1378 528 τῆς
1406 458 1618 524 πόλεως
1645 461 1949 533 ξυμπάσης,

263 537 368 594 οσα
404 559 464 592 τε
499 540 592 594 καὶ
621 536 657 593 ἃ
690 542 776 594 δεῖ
798 543 1108 610 γίγνεσθαι,
1139 541 1232 594 καὶ
1259 538 1424 611 νόμοι
1446 543 1572 612 περὶ
1600 547 1715 599 τῶν
1743 546 1954 615 ξυμβο-

262 625 437 676 λαίων
456 624 533 686 εἰς
563 619 809 692 δύναμιν
835 626 950 676 τῶν
977 626 1250 693 μεγίστων
1279 625 1403 692 πέρι
1430 623 1660 679 πάντων
1687 632 1950 697 εἴρηνται,

262 701 322 757 τὸ
343 700 544 757 λοιπὸν
564 701 631 772 δὴ
659 706 815 767 δίκας
834 699 909 758 ἂν
927 710 1010 774 εἴη
1030 702 1207 774 χρεῶν
1224 709 1532 774 γίγνεσθαι.
1581 709 1953 777 δικαστηρίων

265 781 324 837 δὲ
343 779 404 836 τό
432 782 535 851 μὲν
553 787 779 850 πρῶτον
798 785 1005 852 αἱρετοὶ
1031 786 1282 838 δικαστοέὶ
1310 784 1575 853 γίγνοιντ’
1600 785 1688 856 ἄν,
1709 784 1808 852 οὓς
1826 786 1900 842 ἀν
1919 784 1948 842 ὁ
1973 787 1976 805 ³

204 877 234 918 C
268 863 498 934 φεύγων
526 883 586 918 τε
621 863 712 917 καὶ
740 860 769 918 ὁ
803 862 1023 918 διώκων
1041 864 1273 918 ἕλωνται
1298 870 1477 936 κοινῇ,
1499 869 1765 938 διαιτηταὶ
1796 872 1952 924 δικα-

264 952 412 1001 στῶν
439 944 688 1016 τούνομα
716 951 931 1015 μᾶλλον
960 949 1175 1015 πρέπον
1209 950 1450 1016 ἔχοντες·
1488 947 1738 1018 δεύτεροι
1757 951 1815 1006 δε
1833 971 1951 1006 κω-

263 1033 432 1099 μῆταί
446 1049 503 1082 τε
524 1030 615 1082 καὶ
634 1029 881 1098 φυλέται,
902 1027 1040 1083 κατὰ
1068 1027 1129 1083 τὸ
1159 1030 1475 1084 δωδέκατον
1497 1032 1662 1099 μέρος
1692 1033 1952 1103 διῃρημέ-

262 1131 370 1178 νοι,
392 1112 452 1164 ἐν
472 1103 628 1181 οἶς,’
601 1131 673 1164 αν
692 1107 767 1181 μὴ
787 1112 1154 1210 διακριθῶσιν
1181 1112 1245 1166 ἐν
1271 1121 1386 1176 τοῖς
1417 1111 1674 1183 πρώτοις,
1704 1115 1830 1211 περὶ
1859 1117 1976 1185 ζη-;

263 1197 389 1262 μίας
405 1195 652 1262 μείζονος
672 1191 876 1248 ἰόντων
904 1189 1328 1263 ἀγωνιούμενοι,
1355 1189 1384 1248 ὁ
1406 1191 1467 1248 δὲ
1485 1193 1731 1265 φεύγων,
1753 1191 1826 1250 ἀν
1853 1192 1953 1267 ἡτ-

172 1336 175 1338 K
261 1280 411 1346 τηθῇ
445 1274 506 1329 τὸ
538 1274 821 1345 δεύτὲρον,
853 1273 915 1328 τὸ
954 1273 1373 1345 πεμπτημόριον
1399 1270 1704 1330 ἀποτινέτω
1731 1281 1835 1331 τοῦ
1869 1296 1953 1331 τι-

262 1355 510 1428 μήματος
526 1361 624 1427 τῆς
642 1360 946 1433 γραφείσης
966 1358 1133 1426 δίκης.
1175 1353 1273 1408 ἐὰν
1291 1353 1345 1408 δ’
1367 1357 1618 1424 ἐγκαλῶν
1634 1377 1715 1420 τις
1731 1367 1846 1421 τοῖς
1865 1360 1952 1411 δι-

260 1448 488 1502 κασταῖς
506 1438 568 1492 τὸ
588 1442 791 1508 τρίτον
806 1435 1175 1507 ἀγωνίζεσθαι
1207 1435 1492 1507 βούληται,
1523 1435 1700 1507 ἀγέτω
1730 1439 1832 1508 μὲν
1862 1440 1952 1493 ε’πὶ

192 1537 227 1577 D
259 1519 391 1585 τοὺς
429 1516 690 1584 δικαστάς
730 1517 859 1583 τοὺς
895 1516 1187 1584 ἐκλεκτοὺς
1213 1517 1317 1588 τὴν
1350 1521 1528 1589 δίκην,
1559 1516 1657 1573 ἐὰν
1684 1517 1745 1574 δὲ
1779 1518 1976 1575 πάλιν·Ι

223 1612 227 1618 ’
259 1600 493 1673 ἡττηθῇ,
513 1600 616 1671 τὴν
635 1598 893 1671 ἡμιολίαν
924 1605 1026 1654 τοῦ
1050 1598 1348 1670 τιμήματος
1367 1596 1685 1655 ἀποτινέτω.
1719 1600 1818 1656 ἐάν
1838 1603 1898 1657 δὲ
1919 1597 1976 1676 ὁξ

261 1683 481 1739 διώκων
508 1681 816 1754 ἡττηθεὶς’
789 1705 851 1739 εν
886 1693 1000 1747 τοῖς
1026 1680 1266 1750 πρώτοις
1297 1678 1371 1752 μὴ
1399 1679 1595 1754 ἠρεμῇ,
1626 1685 1702 1747 εἰς
1732 1682 1791 1739 δὲ
1817 1704 1976 1748 τους

261 1768 556 1837 δευτέρους
575 1772 649 1838 ἴῃ,
678 1783 907 1836 νικησας
928 1763 1029 1836 μὲν
1050 1762 1116 1835 δὴ
1137 1762 1198 1820 τὸ
1228 1766 1477 1835 πέμπτον
1505 1765 1670 1835 μέρος
1696 1761 1949 1836 ἀπολαμ-
1974 1802 1976 1807 2

260 1852 490 1920 βανέτω,
520 1849 771 1919 νικηθεὶς
796 1848 855 1903 δὲ
893 1846 1195 1903 ἀποτινέτω
1224 1844 1431 1901 ταύτὸν
1460 1848 1625 1916 μέρος
1650 1851 1747 1916 τῆς
1777 1849 1946 1918 δίκης.

259 1929 361 1988 ε’ἀν
398 1930 447 1986 δ’
492 1936 568 1995 εἰς
600 1928 662 1986 τὸ
696 1935 884 1997 τρίτον
920 1933 1125 1986 ἔλθωσι
1156 1928 1514 1999 δικαστήριον
1542 1926 1949 1999 ἀπειθήσαντες

259 2025 374 2079 ταῖς
393 2017 714 2084 ἔμπροσθεν
734 2015 928 2081 δίκαις,
947 2010 975 2067 ὁ
998 2010 1100 2083 μὲν
1119 2010 1349 2082 φεύγων
1366 2009 1640 2082 ἡττηθείς,
1662 2007 1846 2080 ὥσπερ
1868 2017 1948 2066 εἴ-

261 2119 438 2168 ρηται,
459 2095 561 2169 τὴν
579 2094 852 2168 ἡμιολίαν,
874 2093 903 2152 ὁ
925 2098 986 2152 δὲ
1006 2095 1225 2151 διώκων
1251 2094 1354 2166 τὴν
1381 2091 1635 2166 ἡμίσειαν
1655 2100 1760 2149 τοῦ
1786 2093 1948 2164 τιμή-

97 2174 106 2179 ”
195 2199 227 2239 Ε
259 2200 429 2248 ματος
449 2177 767 2234 ἀποτινέτω.
807 2179 1109 2250 κληρώσεις
1137 2177 1196 2234 δὲ
1215 2181 1584 2248 δικαστηρίων
1611 2178 1702 2232 καὶ
1721 2174 1947 2246 πληρώ-

131 2331 136 2340 Ι
194 2284 197 2286 ’
259 2277 372 2325 σεις
393 2263 486 2316 καὶ
505 2259 823 2332 ὑπηρεσιῶν
849 2261 1100 2326 ἑκάσταις
1122 2267 1236 2316 τῶν
1264 2259 1448 2331 ἀρχῶν
1475 2257 1835 2322 καταστάσεις
1854 2259 1946 2313 καὶ
1968 2285 1976 2310 ε

257 2341 496 2415 χρόνους
513 2344 579 2398 ε’ν,
595 2340 676 2407 οἷς
704 2344 903 2398 ἕκαστα
923 2348 1218 2412 γίγνεσθαι
1235 2341 1431 2411 χρεών,
1453 2343 1545 2395 καὶ
1565 2343 1945 2408 διαψηφίσεων
1974 2396 1976 2400 Α

258 2427 385 2494 πέρι
405 2426 499 2482 καὶ
526 2422 838 2496 ἀναβολῶν,
866 2426 958 2479 καὶ
990 2420 1172 2478 πάνθ’
1204 2420 1390 2477 ὁπόσα
1413 2425 1641 2476 τοιαῦτα
1664 2417 1976 2502 ἀναγκαῖα)Ι

259 2510 386 2577 περὶ
425 2512 579 2573 δίκας
613 2513 922 2579 γίγνεσθαι,
961 2511 1246 2579 προτέρων
1277 2526 1335 2560 τε
1370 2505 1461 2560 καὶ
1487 2501 1736 2573 ὑστέρων
1766 2502 1945 2574 λήξεις

261 2589 613 2661 ἀποκρίσεών
647 2612 706 2647 τε
744 2589 992 2662 ἀνάγκας
1034 2589 1125 2645 καὶ
1163 2587 1670 2661 παρακαταβάσεων
1710 2587 1800 2640 καὶ
1835 2582 1943 2639 όσα

259 2672 476 2729 τούτων
498 2671 715 2744 ἀδελφοὶ
740 2672 1045 2744 ξύμπαντα,
1068 2678 1293 2741 εἴπομεν
1311 2691 1412 2741 μεν
1432 2670 1525 2725 καὶ
1549 2667 1819 2739 πρόσθεν,
1839 2687 1943 2721 κα-

145 2766 231 2812 957
262 2755 364 2812 λὸν
384 2755 444 2812 δε
468 2756 534 2811 τό
551 2777 614 2826 γε
632 2753 814 2826 ὀρθὸν
842 2756 934 2812 καὶ
955 2757 1036 2820 δὶς
1063 2755 1154 2810 καὶ
1179 2757 1309 2825 τρίς.
1349 2751 1529 2808 πάντα
1559 2749 1613 2806 δ’
1641 2772 1746 2806 ουν
1764 2744 1942 2805 ὁπόσα
