1976 3172
234 114 339 166 330
628 113 634 140 ¹
851 74 1336 165 ΠΛΑΤΩΝΟΣ

232 253 347 302 τῶν
375 267 433 301 τε
458 244 695 315 άγαθοὸν
731 250 912 303 αἰτίαν
949 246 1090 304 εἶναι
1117 248 1302 321 ψυχὴν
1333 255 1425 307 καὶ
1459 259 1574 308 τῶν
1600 260 1791 310 κακῶν
1826 259 1917 312 καὶ

233 334 423 383 καλεῖν
452 330 545 396 καὶ
580 332 826 400 αἰσχρῶν
861 332 1090 386 δικαίων
1117 352 1175 386 τε
1204 334 1296 387 καὶ
1324 329 1533 390 ἀδίκων
1564 336 1655 391 καὶ
1691 335 1918 394 πάντων

232 416 344 463 τῶν
390 411 692 481 ἐναντίων,
733 417 886 481 εἴπερ
925 418 1038 467 τῶν
1082 412 1311 469 πάντων
1347 436 1411 484 γε
1453 413 1630 486 αὐτὴν
1664 416 1918 489 θήσομεν
1952 415 1976 436 ⁸

233 494 440 557 αἰτίαν;

372 577 492 635 ΚΑ.
525 578 656 636 Πῶς
674 572 780 642 γὰρ
801 573 897 641 οὕ;

370 659 484 707 ΑΘ.
531 651 728 725 Ψυχὴν
748 653 814 726 δὴ
837 658 1158 711 διοικοῦσαν
1177 657 1270 712 καὶ
1298 660 1629 716 ἐνοικοῦσαν
1659 663 1720 717 ἐν
1747 661 1918 717 ἅπασι
1974 727 1976 731 Ι

167 747 200 787 E
231 746 345 799 τοῖς
363 735 544 805 πάντη
563 738 912 806 κινουμένοις
941 743 1064 808 μῶν
1091 736 1158 793 οὐ
1189 740 1279 794 καὶ
1304 739 1404 795 τὸν
1430 738 1678 812 οὐρανὸν
1703 742 1916 815 ἀνάγκη

234 820 461 871 διοικεῖν
476 816 651 885 φάναι
666 841 679 882 ;

370 903 490 952 ΚΛ.
537 903 607 953 Τί
619 898 758 969 μήν;

371 985 488 1036 ΑΘ.
528 983 689 1034 Μίαν
705 975 743 1050 ἦ
761 984 1013 1047 πλείους;
1034 985 1280 1047 πλείους·
1315 982 1423 1053 ἐγώ
1445 981 1585 1055 ὑπὲρ
1605 994 1765 1060 σφῷν
1787 989 1917 1044 ἄπο-

232 1068 544 1133 κρινοῦμαι.
603 1066 764 1119 δυοῖν
803 1066 904 1133 μέν
939 1066 1005 1134 γέ
1038 1083 1149 1119 που
1186 1068 1414 1121 ἔλαττον
1446 1069 1620 1138 μηδὲν
1654 1075 1918 1140 τιθῶμεν,

228 1149 325 1215 τῆς
362 1166 421 1200 τε
451 1142 792 1218 εὐεργέτιδος
822 1149 915 1201 καὶ
940 1152 1036 1217 τῆς
1061 1145 1324 1204 τάναντία
1353 1151 1664 1222 δυναμένης
1695 1151 1918 1223 ἐξεργά-

229 1230 436 1292 ζεσθαι.

364 1316 490 1384 ΚΛ.
530 1310 771 1380 Σφόδρα
791 1310 980 1382 ὀρθῶς
997 1319 1234 1382 εἴρηκας.

369 1398 489 1447 ΑΘ.
522 1391 671 1447 Εἶεν.
692 1392 815 1462 ἄγει
831 1392 934 1463 μὲν
953 1391 1020 1464 δὴ
1041 1393 1189 1464 ψυχὴ
1215 1394 1397 1449 πάντα
1417 1393 1484 1449 τὰ
1514 1394 1635 1450 κατ’
1670 1393 1918 1463 οὐρανὸν

228 1476 320 1528 καὶ
335 1478 443 1545 γῆν
461 1477 553 1529 καὶ
572 1473 857 1529 θάλατταν
875 1486 992 1540 ταῖς
1020 1472 1190 1546 αὑτῆς
1218 1476 1523 1548 κινήσεσιν,
1555 1472 1639 1541 αἷς
1671 1473 1918 1547 ὀνόματά

110 1565 197 1612 897
232 1557 348 1611 ε’στι
375 1556 701 1627 βούλεσθαι,
728 1565 1075 1626 σκοπεῖσθαι,
1100 1560 1494 1628 ἐπιμελεῖσθαι,
1525 1557 1915 1628 βουλεύεσθαι,

231 1631 479 1703 δοξάζειν
518 1635 723 1710 ὀρθῶς,
764 1641 1130 1709 ἐψευσμένως,
1178 1644 1503 1710 χαίρουσαν,
1536 1641 1915 1710 λυπουμένην,

229 1725 581 1792 θαρροῦσαν,
613 1723 991 1792 φοβουμένην,
1010 1724 1680 1792 μισοῦσαν,,,στέργουσαν,
1698 1722 1789 1777 καὶ
1807 1721 1918 1776 πά·-

230 1818 352 1867 σαις
380 1801 507 1857 ὅσαι
531 1802 747 1858 τούτων
778 1806 1059 1874 ξυγγενεῖς
1088 1800 1127 1874 ἢ
1158 1804 1509 1874 πρωτουργοὶ
1544 1802 1786 1874 κινήσεις
1822 1803 1919 1867 τὰς

229 1883 670 1956 δευτερουργοὺς
698 1878 772 1941 αὖ
800 1886 1337 1956 παραλαμβάνουσαι
1372 1883 1613 1955 κινήσεις
1644 1884 1917 1955 σωμάτων

228 1965 429 2036 ἄγουσι
465 1967 647 2023 πάντα
685 1973 761 2032 εἰς
797 1968 1029 2039 αὔξησιν
1057 1970 1149 2023 καὶ
1173 1973 1375 2037 φθίσιν
1402 1967 1494 2022 καὶ
1522 1966 1799 2036 διάκρισιν
1826 1969 1918 2022 καὶ

229 2048 524 2118 σύγκρισιν
541 2053 631 2105 καὶ
649 2048 866 2115 τούτοις
885 2051 1155 2121 ἑπομένας
1181 2049 1545 2124 θερμότητας,
1576 2049 1782 2119 ψύξεις,
1813 2054 1918 2119 βα-

228 2130 481 2201 ρύτητας,
512 2131 880 2204 κουφότητας,
909 2130 1152 2204 σκληρὸν
1175 2134 1267 2188 καὶ
1296 2131 1566 2203 μαλακόν,
1594 2128 1797 2187 λευκὸν
1826 2131 1919 2186 καὶ

165 2230 198 2270 Β
229 2215 418 2282 μέλαν,
440 2212 728 2284 αὐστηρὸν
746 2218 838 2271 καὶ
855 2218 1056 2287 γλυκύ,
1077 2217 1170 2271 καὶ
1187 2220 1358 2270 πᾶσιν
1377 2209 1457 2278 οἶς
1475 2212 1622 2284 ψυχὴ
1644 2213 1915 2284 χρωμένη,

227 2299 369 2347 νοῦν
404 2293 505 2362 μὲν
540 2303 937 2367 προσλαβοῦσα
968 2299 1072 2352 αἰεὶ
1100 2305 1262 2352 θεῖον
1289 2293 1480 2366 ὀρθῶς
1508 2298 1740 2363 θέουσα,
1767 2290 1915 2363 ὀρθοὶ
1954 2344 1956 2346 ,

227 2376 320 2430 καὶ
354 2369 656 2445 εὐδαίμονα
676 2381 1019 2447 παιδαγωγεῖ
1031 2377 1230 2445 πάντα,
1261 2375 1424 2430 άνοία
1450 2376 1510 2429 δε
1542 2374 1913 2442 ξυγγενομένη

228 2455 409 2511 πάντα
437 2460 510 2511 αὐ
530 2454 794 2556 τάναντία
821 2457 1039 2522 τούτοις
1068 2431 1440 2557 άπεργάζετάι.
1476 2461 1723 2525 τιθῶμεν
1741 2460 1914 2509 ταῦτα

229 2535 406 2603 οὕτως
426 2542 586 2609 ἔχειν,
615 2535 653 2610 ἢ
672 2533 751 2594 ἔτι
771 2540 1091 2610 διστάζομεν
1110 2538 1203 2593 εἰ“
1175 2539 1370 2610 ετέρως
1387 2556 1503 2601 πως
1523 2540 1656 2606 ἔχει·
1643 2578 1657 2602 ,

368 2626 487 2676 ΚΛ.
532 2618 821 2692 Οὐδαμως.

367 2708 489 2758 ΑΘ.
524 2702 777 2774 Πότερον
796 2697 901 2759 οὖν
921 2701 987 2773 δὴ
1016 2706 1192 2773 ψυχῆς
1209 2704 1370 2772 γένος
1390 2702 1645 2771 ἐγκρατὲς
1664 2697 1913 2770 οὐρανοῦ

227 2787 318 2839 καὶ
337 2790 437 2855 γῆς
456 2787 547 2840 και
557 2786 735 2857 πασης
749 2792 844 2857 τῆς
861 2782 1126 2857 περιόδου
1143 2784 1431 2854 γεγονέναι
1450 2802 1661 2853 φωμεν,
1683 2779 1743 2836 τό
1769 2781 1914 2852 φρό-
