1976 3172
245 125 349 179 350
866 125 1343 189 ΠΛΑΤΩΝΟΣ

244 281 444 331 φρονα.
479 255 778 330 θησαυρὸν
798 255 865 327 δὴ
887 260 1133 328 λέγωμεν
1160 263 1384 327 πρῶτον
1409 264 1526 314 τῶν
1550 260 1838 332 τοιούτων,
1859 262 1929 319 ὅν

241 366 324 410 τις
344 340 495 417 αὐτῷ
514 345 607 398 καὶ
631 351 744 406 τοῖς
760 337 936 396 αὑτοῦ
952 339 1239 411 κειμήλιον
1249 343 1435 411 ἔθετο,
1455 339 1528 412 μὴ
1549 347 1662 397 τῶν
1683 345 1829 414 ἐμῶν
1847 342 1943 413 (ὃνΑ

184 435 218 476 Β
245 427 520 497 πατέρων,
549 421 692 495 μήθ’
723 420 910 491 εὑρεῖν
930 423 1062 479 ποτε
1087 429 1242 486 θεοῖς
1270 421 1536 494 εὐξαίμην
1562 423 1705 496 μήθ’
1745 422 1931 496 εὑρών

242 512 547 582 κινήσαιμι,
575 505 706 579 μηδ’
739 500 815 562 αὖ
839 517 953 572 τοῖς
980 509 1296 577 λεγομένοις
1326 503 1590 576 μάντεσιν
1618 504 1931 563 ἀνακοινω-

218 620 225 622 >
243 610 398 663 σαιμι
415 600 527 656 τοῖς
544 587 698 661 ἁμῶς
713 591 781 660 γέ
805 588 921 654 πώς
938 610 1034 659 μοι
1062 587 1578 659 ξυμβουλεύσουσιν
1596 584 1812 644 ἀνελεῖν
1829 587 1933 659 τὴν

243 679 318 745 γῇ
334 669 929 742 παρακαταθήκην.οὐ
949 671 1060 741 γάρ
1078 690 1210 726 ποτε
1230 676 1500 726 τοσοῦτον
1532 674 1610 734 εἰς
1635 670 1932 768 χρημάτων

247 748 659 823 ὠφεληθείηνἋ
621 772 693 804 αν
719 757 914 819 κτῆσιν
931 748 1167 822 ἀνελών,
1187 749 1324 807 όσον
1346 748 1462 814 εἰς’
1439 749 1611 819 ὄγκον
1629 748 1768 818 πρὸς
1797 749 1930 818 ἀρε-

245 831 349 903 τὴν
382 837 562 902 ψυχης
592 832 685 885 καὶ
713 828 776 884 τὰ
809 834 1025 885 δίκαιον
1047 827 1405 901 ἐπιδιδοίην’
1376 853 1451 887 αν
1470 853 1543 902 μη
1574 829 1929 902 ἀνελόμενος,

222 919 422 985 ”κτῆμα
439 910 563 967 ἀντὶ
581 910 853 982 κτήματος
870 908 1100 982 ἀμεινον
1117 913 1179 967 ἐν
1198 909 1452 982 ἀμείνονι
1479 912 1835 984 κτησάμενος,
1859 916 1934 968 δί

243 1017 350 1067 κην
368 997 429 1050 έν
446 999 515 1065 τῇ
531 997 681 1064 ψυχῇ
710 991 958 1048 πλούτου
986 991 1330 1064 προτιμήσας
1345 992 1410 1047 έν
1436 989 1600 1047 οὐσία
1631 998 1935 1063 κεκτῆσθαι

244 1077 546 1177 πρότερον
581 1076 669 1130 ἐπὶ
688 1079 912 1138 πολλοῖς
929 1071 1036 1143 γὰρ
1057 1071 1124 1144 δὴ
1145 1072 1452 1143 λεγόμενον
1471 1066 1538 1128 εὖ
1565 1073 1627 1128 τό
1655 1071 1730 1143 μὴ
1759 1084 1936 1128 κινεῖν

247 1159 314 1215 τὰ
335 1156 567 1229 ἀκίνητα
577 1159 806 1224 καὶπερὶ
823 1155 1029 1210 τούτου
1047 1152 1240 1225 λέγοιτ’
1261 1151 1335 1210 ἀν
1352 1154 1438 1220 ὦς
1444 1153 1569 1220 ἑνὸς
1583 1157 1814 1211 ἐκείνων
1833 1176 1932 1210 ον-

185 1258 216 1300 C
247 1262 355 1306 τος.
409 1243 712 1295 πείθεσθαι
745 1237 807 1294 δὲ
836 1237 939 1308 χρὴ
975 1238 1068 1293 καὶ
1100 1245 1215 1302 τοῖς
1251 1239 1376 1309 περὶ
1410 1241 1586 1292 ταῦτα
1619 1238 1934 1307 λεγομένοις

245 1323 468 1393 μύθοις,
490 1342 564 1385 ως
600 1324 677 1384 εἰς
713 1322 930 1374 παίδων
963 1318 1167 1389 γενεὰν
1198 1317 1268 1374 ού
1295 1318 1557 1389 ξύμφορα
1580 1317 1647 1374 τὰ
1676 1323 1934 1373 τοιαῦτα·

248 1402 309 1468 ὃς
329 1402 381 1459 δ’
403 1424 476 1457 αν
494 1404 710 1456 παίδων
727 1421 787 1456 τε
804 1399 1014 1471 ἀκηδὴς
1031 1402 1256 1470 γένηται
1273 1400 1363 1455 καὶ
1382 1406 1485 1454 τοῦ
1501 1403 1702 1463 θέντος
1717 1400 1818 1454 τὸν
1835 1396 1932 1454 νό-

246 1506 356 1555 μον
374 1482 670 1554 ἀμελήσας,
701 1478 738 1537 ἃ
764 1477 900 1552 μήτε
927 1479 1096 1547 αὐτὸς
1124 1482 1389 1537 κατέθετο
1417 1481 1551 1551 μήτε
1580 1501 1652 1534 αυ
1682 1482 1935 1549 πατέρων

245 1587 328 1631 τις
346 1565 544 1637 πατήρ,
556 1563 630 1636 μὴ
645 1568 835 1629 πείσας
847 1562 949 1619 τὸν
966 1565 1211 1633 θέμενον
1229 1561 1504 1633 ἀνέληται,
1524 1559 1819 1617 κάλλιστον
1836 1560 1936 1615 νό-

247 1669 370 1719 μων
390 1651 740 1718 διαφθείρων
756 1647 848 1701 καὶ
876 1642 1281 1715 ἁπλούστατον,
1300 1645 1392 1700 καὶ
1420 1641 1640 1715 οὐδαμῇ
1664 1640 1934 1712 ἀγεννοῦς

246 1728 454 1799 ἀνδρὸς
483 1731 860 1801 νομοθέτημα,
889 1725 950 1793 ὂς
976 1725 1146 1798 εἶπεν,
1170 1723 1213 1782 ‘63
1241 1727 1314 1798 μὴ
1343 1728 1605 1797 κατέθου,
1643 1724 1718 1796 μὴ
1747 1723 1932 1795 ἀνέλῃ,

173 1827 209 1869 D
247 1812 472 1868 τούτοιν
489 1822 610 1866 τοῖν
629 1815 789 1866 δυοῖν
806 1811 1145 1880 νομοθέταιν
1162 1806 1665 1879 καταφρονήσαντα
1681 1808 1774 1863 καὶ
1801 1805 1934 1861 ἀνε-

245 1892 488 1963 λόμενον
507 1891 576 1947 οὔ
595 1914 647 1947 τι
674 1890 928 1962 σμικρόν,
959 1888 991 1945 ὃ
1020 1890 1094 1961 μὴ
1124 1892 1389 1946 κατέθετο
1419 1886 1604 1959 αὐτός,
1635 1894 1851 1958 πλῆθος
1879 1885 1931 1942 δ’

245 1976 397 2029 ἔστιν
413 1970 504 2028 ὅτε
522 1979 821 2045 θησαυροῦ
838 1973 1204 2044 παμμέγεθες,
1225 1977 1281 2028 τί
1292 1970 1394 2043 χρὴ
1415 1971 1670 2041 πάσχειν;
1704 1967 1812 2024 ὑπὸ
1834 1969 1936 2040 μὲν

247 2054 312 2125 δὴ
336 2061 509 2126 θεῶν,
530 2053 561 2111 6
581 2055 716 2120 θεὸς
734 2053 911 2110 οἶδεν·
951 2051 981 2109 6
1011 2053 1072 2110 δὲ
1090 2050 1334 2110 κατιδων
1360 2058 1578 2125 πρῶτος
1605 2049 1932 2122 ἀγγελλέτω,

246 2135 349 2192 ἐὰν
379 2140 482 2207 μὲν
509 2139 572 2194 ἐν
601 2137 754 2192 ἄστει
784 2143 1038 2208 γίγνηται
1060 2134 1122 2192 τὸ
1152 2142 1426 2206 τοιοῦτον,
1451 2146 1563 2200 τοῖς
1581 2131 1932 2204 ἀστυνόμοις,

248 2216 349 2272 ἐὰν
373 2216 433 2271 δὲ
451 2223 548 2288 τῆς
565 2218 777 2283 πόλεως
795 2219 908 2275 ἐν’
876 2223 1057 2291 αγορᾷ
1074 2236 1204 2287 που,
1233 2227 1411 2272 τοῖσιν
1411 2214 1816 2321 ἀγορανόμοις,
1835 2213 1933 2269 ἐὰν

131 2313 219 2358 914
249 2297 308 2353 δε
341 2304 439 2368 τῆς
465 2296 632 2368 ἄλλης
662 2300 861 2375 χώρας,
891 2299 1225 2370 ἀγρονόμοις
1253 2320 1311 2354 τε
1338 2299 1430 2354 καὶ
1457 2308 1571 2362 τοῖς
1595 2296 1814 2352 τούτων
1830 2293 1935 2364 α’ρ-

247 2395 409 2451 χουσι
431 2379 748 2450 δηλωσάτω.
795 2382 1167 2451 δηλωθέντων
1205 2380 1266 2435 δε
1297 2402 1363 2449 η
1351 2379 1527 2440 πόλις
1560 2382 1636 2440 είς
1669 2373 1936 2446 Δελφοὺς

249 2465 532 2533 πεμπέτω·
561 2459 593 2517 ὅ
610 2483 663 2516 τι
682 2459 733 2516 δ’
761 2456 834 2517 ἀν
854 2458 884 2517 ὁ
903 2459 1036 2525 θεὸς
1053 2459 1255 2530 ἀναιρῇ
1274 2463 1404 2529 περί
1424 2479 1483 2513 τε
1505 2478 1619 2512 των
1636 2456 1934 2528 χρημάτων
1975 2487 1976 2507 ;

249 2546 342 2602 καὶ
357 2549 462 2600 τοῦ
479 2544 827 2616 κινήσαντος,
847 2540 1064 2599 τοῦτο“
1032 2566 1068 2615 η
1087 2540 1255 2607 πόλις
1276 2538 1631 2612 ὑπηρετοῦσα
1653 2549 1772 2605 ταῖς
1789 2561 1932 2609 μαν-

249 2632 416 2691 τείαις
441 2625 626 2696 δράτω
644 2633 746 2682 τοῦ
765 2630 923 2682 θεοῦ.
961 2626 1052 2681 καὶ
1071 2623 1170 2680 ἐὰν
1189 2625 1289 2695 μὲν
1308 2621 1606 2693 ἐλεύθερος
1629 2619 1659 2677 6
1681 2621 1934 2692 μηνύσας
1971 2642 1976 2684 ι

249 2705 303 2780 ᾖ,
325 2707 494 2775 δόξαν
511 2707 708 2780 ἀρετῆς
727 2708 1035 2780 κεκτήσθω,
1055 2704 1129 2778 μὴ
1149 2705 1398 2778 μηνύσας
1417 2706 1476 2760 δὲ
1494 2708 1711 2767 κακίας·
1734 2706 1933 2766 δοῦλος
1970 2732 1976 2788 5

251 2791 306 2848 δ’
328 2790 427 2848 ἐὰν
446 2784 500 2864 ᾖ,
523 2791 774 2863 μηνύσας
792 2791 894 2862 μὶν
921 2790 1216 2863 ἐλεύθερος
1245 2787 1352 2844 ὑπὸ
1384 2793 1479 2858 τῆς
1507 2786 1715 2850 πόλεως
1745 2782 1932 2854 ὀρθῶς
