1976 3172
719 88 1036 138 ΝοΜΩΝ
1069 81 1131 151 β’.
1706 84 1776 137 55
1813 105 1818 111 f

28 216 31 258 '¹
86 251 195 301 μον
213 249 271 284 τε
289 227 589 298 ἐπέστησεν
605 225 717 296 ἰδίᾳ
734 221 828 277 καὶ
855 220 1111 275 παιδεύει
1130 219 1322 291 ψήχων
1350 242 1409 276 τε
1437 222 1528 276 καὶ
1551 218 1776 292 ἡμερῶν

85 314 178 368 καὶ
201 310 385 367 πάντα
403 307 757 405 προσηκοντα
785 299 1088 368 άποδιδους
1116 308 1186 373 τῇ
1213 306 1601 375 παιδοτροφίᾳ,
1634 302 1776 359 ὅθεν
1797 309 1800 315 ’

26 416 27 441 1
86 392 157 451 οὖ
186 394 368 465 μόνον
394 385 610 460 ἀγαθὸς
635 407 709 441 αν
737 384 1075 455 στρατιώτης
1108 391 1212 483 εἴη,
1242 383 1408 439 πόλιν
1438 386 1499 439 δὲ
1527 388 1619 441 καὶ
1637 385 1776 458 ἄστη

87 476 397 548 δυνάμενος
426 476 672 539 διοικεῖν,
703 466 772 525 ὃν
801 468 868 539 δὴ
900 464 1021 523 κατ’
1048 463 1219 537 ἀρχὰς
1239 474 1468 538 εἴπομεν
1486 488 1602 522 των
1628 475 1778 541 Τυρ-
1805 482 1890 529 667

84 565 246 616 ταίου
278 559 596 627 πολεμικων
625 551 767 609 εἶναι
793 549 1257 622 πολεμικώτερον,
1286 552 1569 622 τέταρτον
1578 547 1774 622 ἀρετῆς

82 637 208 695 ἀλλ’
229 635 299 693 οὐ
316 634 653 708 πρωτοντὴν
670 632 936 703 ἀνδρείαν
952 638 1132 704 κτῆμα
1150 637 1392 703 τιμῶντα
1411 630 1496 689 ἀεὶ
1514 635 1607 689 καὶ
1629 652 1774 689 παν-

82 727 252 792 ταχοῦ
271 719 514 785 ἰδιώταις
531 740 589 775 τε
609 718 701 774 καὶ
720 716 976 789 ξυμπάσῃ
995 715 1168 771 πόλει.
1219 733 1221 735 ’
1599 767 1604 771 ,

222 807 343 859 ΚΛ.
383 798 506 856 Οὐκ
526 796 697 856 oldoe‘
667 804 845 871 ημών,
869 820 912 854 ω
893 793 1127 867 ξένε,“
1091 816 1203 870 οπῃ
1225 797 1399 854 πάλιν
1416 791 1491 854 αὖ
1516 796 1650 863 τοὺς
1674 820 1774 854 νο-

81 886 324 956 μοθέτας
343 886 640 954 φαυλίζεις.

222 972 343 1022 ΛΘ.
385 962 528 1035 Οὐκ,
556 957 602 1019 ώ
626 962 807 1035 ’γαθέ,
837 966 1125 1034 προσέχων
1153 962 1334 1036 τούτω
1362 962 1464 1019 τὸν
1490 967 1633 1018 νοῦν
1661 964 1777 1032 δρώ

17 1072 20 1116 ;
82 1053 269 1117 τοῦτο,
287 1056 469 1117 εἴπερ·
493 1044 617 1103 ἀλλ’
640 1045 670 1101 ὁ
691 1043 906 1116 λόγος
874 1065 985 1119 οπη
1004 1049 1177 1117 φέρει,
1190 1046 1363 1119 ταύτῃ
1384 1045 1776 1118 πορευώμεθα,

17 1130 19 1141 '
84 1130 446 1203 εἰβούλεσθε.
483 1134 536 1186 εἰ
557 1127 668 1200 γὰρ
694 1132 892 1200 ἔχομεν
917 1132 1138 1199 μοῦσαν
1155 1131 1253 1200 τῆς
1281 1134 1397 1186 τῶν
1425 1135 1610 1200 χορῶν
1639 1135 1778 1184 καλ-

83 1220 185 1270 λίω
202 1215 295 1269 καὶ
316 1219 416 1283 τῆς
436 1214 499 1267 ἐν
516 1221 630 1275 τοῖς
646 1222 857 1275 κοινοῖς
873 1210 1151 1282 θεάτροις,
1178 1211 1505 1283 πειρώμεθα
1523 1209 1773 1267 ἄποδοῦ-
1801 1222 1834 1263 Β

83 1317 178 1350 ναι
194 1293 432 1361 τούτοις,
462 1290 563 1356 οὕς
590 1313 777 1362 φαμεν
803 1294 1025 1362 ἐκείνην
1054 1294 1159 1362 μὲν
1184 1293 1567 1365 αἰσχύνεσθαι,
1598 1298 1777 1366 ζητεῖν

81 1378 160 1446 δέ,
180 1374 299 1447 ἥτις
316 1377 598 1445 καλλίστη,
617 1372 824 1444 ταύτης
842 1384 1148 1430 κοινωνεῖν.

221 1463 343 1514 ΚΛ.
374 1454 542 1512 Πάνυ
567 1476 648 1527 γε.
730 1504 733 1509 ,

222 1547 343 1597 ΑΘ.
383 1537 616 1596 Οὐκοῦν
636 1544 861 1611 πρῶτον
879 1541 981 1611 μὲν
1000 1542 1086 1596 δεῖ
1102 1540 1231 1596 τόδε
1249 1561 1313 1611 γε
1332 1538 1605 1613 ὑπάρχειν
1629 1539 1778 1596 ἅπα-

82 1641 191 1694 σιν,
216 1621 370 1689 ὅσοις
398 1627 818 1695 συμπαρέπεταί
843 1645 927 1690 τις
961 1623 1135 1696 χάρις,
1162 1622 1200 1697 ἢ
1225 1630 1392 1681 τοῦτο
1431 1620 1568 1680 αὐτὸ
1598 1623 1778 1725 μόνον

83 1703 264 1762 αὐτοῦ
278 1704 342 1761 τὸ
364 1706 809 1763 σπουδαιότατον
827 1705 1034 1762 εἷναι”
995 1730 1032 1778 η
1051 1729 1178 1764 τινα
1205 1705 1487 1781 ὀρθότητα
1506 1730 1540 1779 η
1564 1706 1627 1764 τὸ
1656 1712 1778 1780 τρί-

10 1838 11 1842 ,
79 1809 180 1843 τον
202 1785 505 1858 ώφέλειανς
524 1783 647 1844 οἷον
662 1787 731 1860 δὴ
752 1790 896 1860 λέγω
917 1791 1098 1863 ἐδωδῇ
1115 1792 1219 1862 μὲν
1242 1792 1334 1848 καὶ
1353 1790 1512 1847 πόσει
1531 1791 1622 1847 καὶ
1639 1795 1778 1862 ξυμ-

79 1869 233 1942 πάσῃ
260 1875 447 1943 τροφῇ
480 1872 834 1941 παρέπεσθαι
864 1871 969 1944 μὲν
1002 1870 1107 1944 τὴν
1141 1873 1326 1944 χάριν,
1365 1871 1438 1946 ἣν
1461 1870 1675 1946 ἡδονὴν
1705 1870 1778 1929 ἄν

78 1955 498 2025 προσείποιμεν·
518 1950 592 2025 ἣν
611 1953 671 2011 δὲ
690 1950 970 2027 ὀρθότητά
984 1975 1044 2010 τε
1064 1957 1156 2010 καὶ
1176 1954 1466 2027 ώφέλειαν,
1489 1955 1627 2028 ὅπερ
1647 1954 1774 2027 ὑγι-
1804 1964 1836 2007 C

81 2031 241 2090 εινὸν
259 2042 374 2101 τῶν
391 2038 871 2107 προσφερομένων
898 2039 1132 2108 λέγομεν
1160 2037 1435 2110 ἑκάστοτε,
1454 2038 1604 2095 τοῦτ’
1636 2038 1775 2097 αὐτὰ

5 2107 7 2114 ’
81 2113 222 2172 εἶναι
239 2118 303 2173 έν
322 2114 511 2183 αὐτοῖς
528 2120 622 2174 καὶ
646 2116 709 2174 τὸ
731 2115 1062 2188 ὀρθότατον.

221 2205 344 2257 ΚΑ.
378 2199 545 2256 Πάνυ
565 2200 669 2272 μὲν
687 2194 810 2269 οὖν.

0 2341 5 2352 ἡ
221 2287 342 2338 ΑΘ.
373 2283 486 2340 Καὶ
503 2280 618 2354 μὴν
636 2286 729 2339 καὶ
752 2290 823 2356 τῇ
839 2282 1085 2357 μαθήσει
1103 2292 1558 2357 παρακολουθεῖν
1584 2289 1688 2361 μὲν
1710 2289 1777 2346 τό

0 2354 6 2408 ἶ
80 2384 143 2434 γε
161 2369 258 2436 τῆς
274 2361 498 2435 χάριτος
516 2362 621 2436 τὴν
638 2362 871 2438 ἡδονήν,
897 2367 1002 2439 τὴν
1021 2370 1080 2424 δὲ
1100 2366 1381 2443 ὀρθότητα
1402 2373 1494 2429 καὶ
1512 2395 1617 2473 την
1638 2371 1776 2444 ώφέ-

0 2493 2 2498 .
83 2448 236 2501 heau
251 2447 344 2502 καὶ
364 2445 427 2503 τὸ
449 2467 514 2503 ευ
494 2440 625 2504 καὶ
643 2446 705 2504 τὸ
727 2455 911 2516 καλῶς
929 2448 1033 2522 τὴν
1051 2448 1325 2525 ἀλήθειαν
1347 2453 1489 2513 εἶναι
1509 2454 1612 2528 τὴν
1633 2454 1778 2514 ἄπο-

83 2530 372 2587 τελοῦσαν.

227 2611 345 2667 Ka,
360 2609 551 2670 ’Ἔστιν
570 2612 765 2683 οὕτως.

228 2694 347 2747 ΑΘ.
386 2698 456 2751 Τί
488 2699 606 2766 δαίς
647 2706 717 2772 τῇ
748 2705 864 2758 τῶν
898 2699 1108 2775 ὁμοίων
1143 2706 1392 2782 ἐργασία,
1429 2705 1559 2764 οσαι
1591 2708 1775 2778 τέχναι

84 2767 464 2847 δῖκαθῑικᾱί,
423 2774 513 2847 αρ’
545 2779 667 2854 οὐκ,
687 2805 760 2841 αν
786 2790 961 2843 τοῦτο
985 2788 1396 2863 ἐξεργάζωνται,
1426 2793 1487 2846 τὸ
1511 2790 1613 2861 μὲν
1636 2789 1772 2860 ἡδο-
1805 2795 1840 2836 D
