1976 3172
699 127 1136 191 woMszN-n.
1651 121 1739 176 271

62 266 123 323 δὲ
142 264 217 320 ἄν
235 286 318 330 τις
335 261 632 336 ἐπιτηδεύῃ
654 260 760 318 δύο
777 263 987 332 τέχνας,
1008 263 1263 332 δεσμοῖσί
1272 282 1333 317 τε
1349 263 1443 317 καὶ
1459 259 1755 332 χρημάτων

60 352 275 419 ζημίαις
298 349 394 402 καὶ
418 347 672 417 ἐκβολαῖς
698 344 760 399 ἐκ
783 347 883 413 τῆς
907 340 1122 406 πόλεως
1148 341 1473 408 κολάζοντες
1501 339 1751 412 ἀναγκα-
1779 351 1813 393 Β

63 429 272 495 ζόντων
290 429 389 484 ἕνα
406 427 589 499 μόνον
606 422 749 481 ἀλλά
766 422 841 495 μὴ
861 422 1104 488 πολλοὺς
1132 422 1288 480 εἶναι.
1324 429 1515 494 μισθοῖ
1518 446 1550 479 ν
1571 422 1630 480 δὲ
1650 420 1756 478 αύ-

60 523 175 576 τοῖς
194 513 320 581 πέρι
336 511 433 566 καὶ
451 513 567 565 τῶν
581 504 923 574 ἀναιρέσεων
940 512 1019 560 wi
1022 527 1056 561 ν
1075 510 1274 576 ἔργων,
1297 506 1391 561 καὶ
1413 503 1514 561 ἐάν
1541 526 1624 570 τις
1651 502 1757 560 αὐ-

59 591 195 658 τούς
211 594 397 664 ἕτερος
414 590 453 662 ἢ
481 588 675 648 ’κεῖνοί
701 609 828 643 τινα
849 586 1023 655 ἄλλον
1039 585 1290 655 ἀδικῶσι,
1317 588 1475 657 μέχρι
1494 587 1758 656 δραχμῶν

61 675 412 746 πεντήκοντα
426 668 736 740 ἀστυνόμοι
747 667 1198 738 διαδικαζόντων,
1207 665 1270 723 τὸ
1292 665 1353 723 δὲ
1362 669 1534 723 πλέον
1549 664 1756 722 τούτου

61 754 129 811 τά
148 754 313 812 κοινά
332 751 662 823 δικαστήρια
689 750 1100 820 διακρινόντων
1126 750 1265 806 κατὰ
1288 747 1483 820 νόμον.
1519 748 1676 813 τέλος
1696 749 1757 804 δὲ

57 839 123 893 ἐν
139 843 211 908 τῇ
227 835 387 892 πόλει
404 836 618 907 μηδένα
634 834 812 905 μηδὲν
828 840 1008 889 τελεῖν
1025 832 1163 904 μήτε
1178 833 1526 902 ἐξαγομένων
1542 830 1758 903 χρημά-

57 939 174 976 των
190 916 316 991 μήτ’
340 918 742 988 εἰσαγομένων·
781 910 1095 986 λιβανωτὸν
1114 916 1175 968 δὲ
1195 911 1339 968 καὶ”’
1306 926 1412 968 οσα
1429 909 1571 981 πρὸς
1584 910 1759 978 θεοὺς

58 999 127 1059 τὰ
149 1007 343 1058 τοιαῦτ
348 998 497 1056 ’ἐστὶ
518 995 707 1064 ξενικοὶ
725 994 1071 1067 θυμιάματα,
1100 997 1192 1050 καὶ
1211 992 1514 1065 πορφύραν
1538 995 1631 1050 καὶ
1648 990 1753 1050 ὅσα
1785 1006 1816 1048 C

62 1082 246 1153 βαπτὰ
292 1079 554 1182 χρώματα
592 1078 667 1150 μὴ
706 1078 990 1149 φερούσης
1020 1083 1120 1148 τῆς
1159 1075 1360 1147 χώρας,
1396 1071 1435 1146 ἢ
1471 1080 1602 1145 περί
1633 1097 1757 1131 τινα

67 1162 244 1234 ἄλλην
260 1163 460 1233 τέχνην
488 1164 760 1232 δεομένην
787 1162 1022 1226 ξενικων
1050 1180 1223 1214 τινων
1249 1162 1632 1229 εἰσαγωγίμων
1650 1179 1758 1228 μη-

62 1244 224 1307 δενὸς
252 1241 564 1312 ἀναγκαίου
596 1242 759 1312 χάριν
788 1241 925 1312 μήτε
953 1263 1035 1306 τις
1060 1239 1256 1311 ἀγέτω,
1281 1240 1418 1312 μήτε
1447 1233 1524 1295 αὖ
1551 1260 1666 1295 των
1695 1239 1758 1294 έν

59 1330 131 1396 τῇ
165 1323 320 1396 χω’ρα
357 1323 682 1392 ἀναγκαίων
718 1324 973 1392 ἐμμένειν
1016 1323 1277 1390 ἐξαγέτω
1317 1319 1534 1376 τούτων
1579 1319 1634 1376 δ’
1685 1315 1762 1375 αὖ

63 1405 296 1463 πάντων
315 1404 702 1475 ἐπιγνώμονας
721 1401 863 1457 εἶναι
889 1403 981 1457 καὶ
1008 1399 1331 1472 ἐπιμελητὰς
1357 1423 1473 1456 των
1501 1422 1760 1472 νομοφυ-

62 1488 254 1544 λάκων
270 1487 435 1543 πέντε
462 1484 895 1556 ἀφαιρεθέντων
923 1487 1038 1539 τῶν
1066 1483 1461 1553 πρεσβυτέρων
1490 1479 1621 1547 τοὺς
1641 1483 1762 1553 ἑξῆς

65 1570 300 1626 δώδεκα.
335 1569 462 1638 περὶ
480 1566 541 1624 δὲ
559 1565 754 1623 ὅπλων
777 1568 872 1622 καὶ
890 1563 996 1621 ὅσοι
1015 1567 1140 1636 περὶ
1156 1563 1256 1621 τὸν
1274 1564 1520 1636 πόλεμον
1539 1561 1758 1620 ἅπαντα
1788 1582 1822 1622 D

66 1650 300 1722 ὄργανα,
322 1649 424 1706 έοῖν
449 1669 602 1713 τινος
634 1643 673 1718 ἦ
710 1651 901 1719 τέχνης
935 1652 1306 1719 εἰσαγωγίμου
1335 1649 1433 1720 δέῃ
1463 1651 1760 1717 γίγνεσθαι

63 1731 101 1804 ἢ
120 1737 306 1804 φυτοῦ
321 1726 359 1802 ἢ
376 1735 808 1802 μεταλλευτικοῦ
826 1726 1099 1800 κτήματος
1115 1728 1151 1799 ἢ
1169 1732 1533 1799 δεσμευτικοῦ
1550 1724 1588 1799 ἦ
1605 1727 1761 1795 ζώων

63 1820 236 1870 τινῶν
266 1813 431 1868 ἕνεκα
457 1817 556 1881 τῆς
582 1810 841 1882 τοιαύτης
874 1815 1073 1881 χρείας,
1108 1813 1371 1882 ἵππαρχοι
1399 1813 1492 1866 καὶ
1522 1826 1760 1882 στρατη-

67 1897 159 1967 γοὶ
191 1893 411 1950 τούτων
440 1897 689 1950 ἔστωσαν
712 1892 899 1961 κύριοι
925 1897 1231 1964 εἰσαγωγῆς
1256 1913 1316 1948 τε
1344 1894 1436 1949 καὶ
1463 1895 1756 1962 ἐξαγωγῆς,

49 1978 331 2049 «διδούσης
364 1998 425 2034 τε
460 1998 574 2048 αμα
609 1978 703 2033 καὶ
737 1976 1034 2047 δεχομένης
1068 1982 1164 2047 τῆς
1201 1975 1431 2044 πόλεως,
1461 1974 1670 2045 νόμους
1700 1975 1761 2030 δὲ

50 2062 193 2131 ιπερὶ
212 2060 430 2117 τούτων
447 2059 837 2131 νομοφύλακες
853 2056 987 2122 τούς
1004 2056 1316 2126 πρέποντάς
1332 2076 1391 2110 τε
1411 2056 1503 2111 καὶ
1531 2058 1762 2120 ικανους

64 2142 336 2214 θήσουσι·
358 2147 667 2213 καπηλείαν
678 2139 791 2196 δὲ”
757 2161 918 2196 ενεκα
937 2145 1330 2211 χρηματισμων
1346 2137 1482 2210 μήτε
1501 2130 1609 2193 οὖν
1626 2137 1760 2193 τού-

66 2244 170 2278 του
193 2222 327 2295 μήτε
351 2222 528 2279 αλλου
564 2220 805 2294 μηδενὸς
829 2225 890 2279 ἐν
916 2227 983 2293 τῇ
1012 2220 1163 2292 χώρα
1192 2218 1297 2293 ὅλῃ
1324 2222 1416 2276 καὶ
1443 2218 1601 2276 πόλει
1626 2215 1759 2291 ημῖν
1790 2235 1823 2274 Ε

29 2372 35 2377 ,
67 2311 377 2377 γίγνεσθαι.

210 2391 344 2444 xm.
375 2392 602 2460 Τρυφῆς
619 2388 679 2445 δὲ
689 2388 783 2444 καὶ
803 2391 1070 2458 διανομῆς
1081 2391 1195 2443 τῶν
1205 2389 1266 2443 ἐκ
1284 2392 1380 2458 τῆς
1394 2385 1578 2459 χώρας
1597 2383 1762 2456 ἐγγὺς

72 2475 171 2540 τῆς
185 2477 288 2526 τοῦ
307 2475 593 2543 Κρητικοῦ
611 2469 793 2542 νόμον
811 2466 992 2527 ἔοικεν
1010 2467 1252 2541 ὀρθότης
1270 2466 1341 2524 οἷν
1358 2490 1439 2533 τις
1458 2470 1759 2539 γιγνομένη

71 2550 214 2606 κατὰ
224 2552 436 2622 τρόπον
450 2560 762 2626 γίγνεσθαι.
783 2553 998 2610 δώδεκα
1009 2554 1112 2624 μὲν
1129 2549 1237 2622 γὰρ
1257 2550 1324 2621 δὴ
1339 2553 1476 2621 μέρη
1496 2549 1563 2606 τὰ
1578 2551 1760 2607 πάντα

70 2636 133 2689 ἐκ
163 2638 261 2703 τῆς
285 2634 465 2705 χώρας
486 2636 789 2710 ννγνόμενα
818 2640 1007 2709 νέμειν
1034 2656 1214 2707 χρεων
1245 2634 1474 2702 πάντας,
1501 2625 1646 2705 ᾗπερ
1669 2634 1760 2689 καὶ

27 2744 30 2764 ι
69 2713 380 2772 ἀναλωτέα·
423 2714 487 2774 τὸ
526 2721 588 2775 δὲ
613 2723 929 2777 δωδέκατον
956 2720 1121 2789 μέρος
1149 2718 1384 2772 ἕκαστον
1411 2710 1534 2771 οἷον
1560 2734 1760 2784 πυρων

69 2801 163 2855 καὶ
181 2803 419 2867 κριθῶν,
437 2797 546 2856 οἷσι
566 2799 636 2873 δὴ
652 2803 747 2860 καὶ
770 2800 837 2859 τοὶ
869 2800 1088 2858 ἅπαντα
1118 2796 1498 2854 ἀκολουθείτω
1521 2794 1587 2852 τά
1618 2794 1760 2851 α’λλα
