1976 3172
207 112 275 166 10
821 112 1297 162 ΠΛΑΤῼΝΟΣ

205 246 475 318 τούντων,
507 243 695 314 ὥσπερ
725 250 834 300 νῦν
862 242 1017 316 ἡμεῖς
1051 244 1357 317 ἠρξάμεθα.
1396 248 1488 302 καὶ
1517 253 1624 303 σοῦ
1656 247 1762 318 τὴν
1791 249 1895 319 μὲν

204 330 542 399 ἐπιχείρησιν
558 333 655 398 τῆς
673 327 975 398 ἐξηγήσεως
993 328 1118 396 περὶ
1144 325 1275 393 τοὺς
1303 328 1513 399 νόμους
1540 329 1894 385 παντάπασιν

203 408 436 481 ἄγαμαι·
469 407 531 465 τὸ
559 408 667 480 γὰρ
697 407 793 465 ἀπ’
823 406 1020 480 ἀρετῆς
1051 407 1341 480 ἄρχεσθαι,
1369 414 1602 481 λέγοντα
1633 407 1705 475 ὡς
1736 412 1910 482 ἐτίθη

203 492 408 565 ταύτης
427 493 590 548 ἕνεκα
619 490 1008 563 τοῦς-νόμους,
1039 489 1246 563 ὀρθόν·
1284 492 1370 548 ὅτι
1398 494 1458 549 δὲ
1477 493 1658 549 πάντα
1687 498 1763 560 εἰς
1774 493 1894 565 ’μό-
1973 534 1976 562 3

204 593 329 645 ριον
374 571 571 645 ἀρετῆς
617 575 710 630 καὶ
746 580 919 629 ταῦτα
954 571 1015 629 τὸ
1064 574 1433 645 σμικρότατον
1470 577 1893 647 ἐπαναφέροντα
1946 590 1952 595 “

203 657 427 726 ἔφησθα
447 651 623 711 αὐτὸν
645 662 992 727 νομοθετεῖν,
1014 654 1145 710 οὔτε
1164 652 1352 725 ὀρθῶς
1368 659 1446 711 ἔτι
1466 677 1559 727 μοι
1578 658 1894 727 κατεφάνης

202 738 380 807 λέγων
396 737 495 792 τόν
514 758 572 792 τε
590 735 830 809 ὕστερον
846 742 957 792 νῦν
975 737 1149 808 λόγον
1168 743 1371 793 τοῦτον
1391 735 1572 793 πάντα
1589 745 1782 808 εἴρηκα
1803 736 1894 793 διὰ

135 831 169 873 Β
204 823 391 874 ταῦτα.
434 825 511 891 πῇ
530 817 596 890 δὴ
623 812 729 875 οὖν
747 835 810 875 σε
831 817 908 875 ἔτ’
935 818 1006 874 ἀν
1035 818 1352 892 ἐβουλόμην
1371 819 1694 891 διελόμενον
1714 821 1895 889 λέγειν

206 895 373 964 αὐτός
390 919 448 955 τε
468 897 715 970 ἀκούειν,
737 900 931 972 βούλει
950 917 1040 956 σοι
1059 901 1278 971 φράζω;

345 985 465 1035 ΚΛ.
503 980 669 1036 Πάνυ
689 983 789 1052 μὲν
810 984 932 1051 οὐν,
957 985 998 1037 αἰ
980 975 1158 1047 ξένε.

345 1069 463 1118 ΑΘ.
498 1060 694 1134 Ἐχρῆν
713 1068 905 1133 εἰπεῖν,
939 1067 996 1118 οἰ
1020 1069 1260 1134 Κρητων
1287 1064 1452 1134 νόμοι
1471 1063 1574 1120 οὐκ
1596 1066 1698 1119 εἰσὶ
1718 1062 1897 1160 μάτην

205 1135 582 1214 διαφερόντως
593 1146 654 1199 ἐν
667 1150 838 1199 πᾶσιν
858 1142 1146 1215 εὐδόκιμοι
1164 1154 1277 1209 τοῖς
1289 1140 1564 1216 Ἐλλησιν·
1587 1148 1772 1215 ἔχουσι
1791 1141 1897 1214 γὰρ

203 1220 393 1296 ὀρθῶς
411 1224 542 1289 τοὺς
568 1221 755 1288 αὐτοῖς
779 1227 1097 1295 χρωμένους
1123 1223 1458 1295 εὐδαίμονας
1484 1223 1896 1290 ἀποτελοῦντες.

203 1305 386 1361 πάντα
416 1303 525 1376 γάρ
553 1303 620 1360 τά
648 1303 838 1375 ἀγαθοὶ
857 1310 1171 1375 πορίζουσι·
1203 1310 1371 1363 διπλᾶ
1392 1305 1452 1361 δὲ
1471 1304 1658 1376 ἀγαθά
1678 1308 1807 1376 ἐστι,
1829 1327 1896 1360 τα

203 1387 305 1458 μὲν
326 1385 680 1458 ἀνθρώπινα,
701 1385 770 1442 τά
790 1386 850 1442 δὲ
867 1395 1014 1459 θεῖα,
1035 1387 1266 1460 ἤρτηται
1283 1386 1336 1443 δ’
1362 1390 1422 1444 ἐκ
1444 1393 1559 1444 τῶν
1585 1392 1762 1443 θείων
1782 1387 1898 1442 θά-
1964 1387 1976 1390 ⁷⁴

202 1490 359 1540 τερα·
395 1469 488 1524 καὶ
506 1466 605 1524 ἐὰν
618 1471 720 1540 μὲν
739 1471 960 1541 δέχηταί
975 1492 1056 1535 τις
1072 1468 1140 1525 τοὶ
1161 1466 1382 1542 μείζονα
1401 1469 1579 1541 πόλις,
1594 1475 1787 1525 κτᾶται
1808 1470 1898 1523 καὶ

144 1574 176 1616 c
204 1550 272 1607 τὰ
307 1550 586 1622 ἐλάττονα,
627 1556 677 1607 εἰ
707 1551 766 1607 δὲ
797 1551 891 1623 μή,
931 1555 1177 1622 στέρεται
1204 1553 1430 1624 ἀμφοῖν.
1469 1557 1581 1607 ἔστι
1611 1552 1670 1607 δὲ
1699 1550 1767 1606 τὰ
1797 1551 1898 1621 μὲν

204 1632 469 1690 ἐλάττονα
488 1625 568 1689 ὦν
587 1630 793 1704 ἡγεῖται
813 1633 917 1705 μὲν
937 1632 1133 1705 ὑγίεια,
1153 1635 1356 1700 κάλλος
1374 1638 1434 1690 δὲ
1454 1633 1735 1703 δεύτερον,
1756 1630 1816 1688 τὸ
1838 1634 1898 1694 δὲ

204 1721 393 1788 τρίτον
418 1712 576 1786 ἰσχὺς
597 1723 674 1780 εἴς
691 1737 749 1772 τε
770 1716 984 1788 δρόμον
1002 1719 1094 1773 καὶ
1114 1721 1191 1782 εἰς
1219 1715 1316 1782 τὰς
1344 1716 1515 1781 ἄλλοις
1535 1715 1716 1780 πάσας
1735 1714 1897 1786 κινή-

207 1813 320 1862 σεις
338 1802 414 1871 τῷ
436 1797 664 1868 σώματι,
682 1799 947 1869 τέταρτον
967 1802 1028 1854 δὲ
1062 1796 1128 1870 δὴ
1160 1806 1400 1864 πλοῦτος
1432 1796 1501 1855 οὐ
1529 1795 1742 1869 τυφλὸς
1770 1794 1894 1852 ἀλλ’

207 1877 307 1944 ὀξὺ
331 1882 571 1950 βλέπων,
600 1878 779 1953 ἄνπερ
808 1880 906 1952 ἅμ’
947 1883 1142 1952 ἕπηται
1176 1881 1476 1953 φρονήσει·
1515 1878 1547 1935 δ’
1574 1880 1642 1951 δὴ
1673 1886 1896 1951 πρῶτον

207 1957 284 2018 αὖ
298 1969 413 2019 τῶν
431 1969 607 2019 θείων
626 1961 941 2034 ἡγεμονοῦν
957 1966 1106 2020 ἐστὶν
1125 1965 1380 2036 ἀγαθῶν,
1399 1961 1434 2035 ἡ
1457 1962 1744 2034 φρόνησις,
1767 1961 1898 2017 δεύ-

205 2066 370 2115 τερον
389 2047 448 2100 δὲ
467 2045 602 2116 μετὰ
619 2052 763 2100 νοῦν
782 2045 1029 2118 σώφρων
1052 2053 1233 2118 ψυχῆς
1249 2048 1373 2114 ἕξις,
1393 2047 1454 2100 ἐκ
1474 2046 1534 2101 δὲ
1549 2044 1767 2100 τούτων
1785 2039 1894 2113 μετ’

206 2124 467 2195 ἀνδρείας
484 2130 814 2196 κραθέντων
831 2133 1020 2198 τρίτον
1047 2123 1119 2183 ἀν
1147 2135 1231 2199 εἴη
1262 2125 1608 2197 δικαιοσύνη,
1638 2124 1898 2195 τέταρτον

134 2225 169 2265 D
210 2211 269 2263 δὲ
288 2205 534 2278 ἀνδρεία.
572 2215 746 2263 ταῦτα
766 2208 825 2263 δὲ
843 2209 1026 2265 πάντα
1049 2213 1278 2266 ἐκείνων
1295 2213 1618 2281 ἔμπροσθεν
1647 2209 1900 2262 τέτακται

209 2287 396 2360 φύσει,
415 2289 509 2343 καὶ
538 2286 605 2358 δὴ
635 2290 727 2343 καὶ
762 2295 841 2360 τῷ
875 2291 1157 2361 νομοθέτῃ
1186 2292 1416 2344 τακτέον
1452 2287 1623 2342 οὕτω·
1665 2284 1800 2356 μετὰ
1838 2283 1899 2339 δὲ

208 2375 383 2426 ταῦτα
400 2367 496 2434 τὰς
515 2368 685 2434 ἄλλας
699 2370 1022 2441 προστάξεις
1038 2382 1153 2435 τοῖς
1182 2375 1429 2434 πολίταις
1459 2371 1535 2433 είς
1560 2372 1736 2423 ταῦτα
1767 2370 1898 2436 βλε-

210 2451 426 2517 πούσας
445 2448 633 2517 αὐτοῖς
652 2450 792 2508 εἶναι
811 2453 1248 2521 διακελευστέον,
1268 2449 1485 2506 τούτων
1506 2452 1566 2504 δὲ
1586 2446 1654 2503 τὰ
1673 2447 1776 2518 μὲν
1793 2444 1897 2502 ἀν-

209 2533 476 2605 θρωπινα
496 2538 572 2599 εἰς
598 2531 665 2589 τά
686 2541 841 2605 θεῖα,
870 2532 939 2589 τὰ
975 2534 1035 2590 δε
1060 2541 1189 2589 θεῖα
1229 2536 1306 2598 εἰς
1339 2531 1440 2588 τὸν
1472 2529 1722 2603 ηγεμόνα
1753 2534 1923 2586 νοῦνχ

211 2616 501 2688 ξύμπαντα
519 2618 761 2701 βλέπειν,
781 2620 913 2688 περί
925 2636 984 2671 τε
1007 2615 1220 2687 γάμους
1239 2612 1494 2684 ἀλλήλοις
1513 2613 1897 2682 ἐπικοινουμέ-

210 2715 362 2770 νους,
383 2697 520 2770 μετά
552 2717 611 2754 τε
640 2704 815 2754 ταῦτα
849 2701 910 2755 ἐν
946 2709 1062 2763 ταῖς
1090 2702 1205 2753 τῶν
1240 2700 1457 2752 παίδων
1482 2693 1774 2766 γεννήσεσι
1802 2693 1896 2748 και

144 2801 178 2842 Ε
209 2793 456 2854 τροφαῖς,
477 2779 599 2837 ὅσοι
617 2802 676 2837 τε
695 2780 924 2853 άρρενες
943 2781 1034 2836 καὶ
1052 2777 1179 2836 ὅσαι
1206 2778 1449 2851 θήλειαι,
1474 2780 1618 2833 νέων
1634 2796 1694 2832 τε
1713 2773 1894 2832 ὅντων
