1976 3172
288 193 391 244 180
891 191 1367 239 ΠΛΑΤΩΝΟΣ

283 326 463 398 χρεων
482 321 567 389 ὡς
598 316 776 379 οὖσαν
805 323 957 394 ἱερὸν
982 330 1126 379 θεοῦ
1163 326 1366 394 δῶρον,
1399 324 1674 396 ἑπομένην
1701 336 1813 390 τοῖς
1840 329 1970 396 μησὶ

284 410 378 463 καὶ
413 413 479 479 τῇ
508 411 610 462 τοῦ
640 403 847 470 παντὸς
883 405 1146 479 περιόδῳ·
1187 403 1273 460 διὸ
1314 406 1406 460 καὶ
1435 411 1620 461 πᾶσαν
1651 406 1812 462 πόλιν
1838 407 1970 477 ’ἄγει

283 491 388 561 μὲν
405 487 466 543 τὸ
489 486 781 559 ξύμφυτον
800 490 992 558 ἱεροῦν
1007 484 1194 556 αὐτάς,
1216 487 1374 542 ἄλλοι
1403 487 1462 543 δὲ
1492 485 1678 543 ἄλλων
1706 496 1837 553 ἴσως
1871 487 1971 557 ὀρ-

227 586 259 632 c
285 570 531 642 θότερον
551 567 838 640 ἐνείμαντό
861 590 920 623 τε
938 571 1030 624 καὶ
1049 566 1440 640 εὐτυχέστερον
1458 569 1844 641 ἐθείωσαντὴν
1859 573 1974 626 δια-.

280 650 483 728 νομήν,
512 649 665 723 ἡμεῖς
702 650 761 706 δὲ
788 644 896 705 οὖν
932 657 1042 705 νῦν
1072 649 1255 721 φαμὲν
1288 649 1571 721 ὀρθότατα
1612 657 1972 724 προῃρῆσθαι

283 733 383 790 τὸν
409 739 524 788 τῶν
561 737 1016 803 πεντακισχιλίων
1054 733 1146 787 καὶ
1182 731 1585 800 τετταράκοντα
1616 729 1881 803 ἀριθμόν,
1913 732 1974 799 ὃς

284 815 468 877 πάσας
485 815 581 877 τὰς
601 812 867 882 διανομὰς
887 819 994 882 ἔχει
1013 817 1171 883 μέχρι
1189 818 1304 868 τῶν
1325 813 1541 869 δώδεκα
1572 812 1679 868 άπὸ
1711 820 1839 883 μιοῖς
1869 812 1976 882 οἰρ--Ι

285 895 520 965 ξάμενος
538 893 683 964 πλὴν
705 893 1024 956 ἑνδεκάδος·
1065 893 1204 962 αὕτη
1227 892 1278 948 δ’
1302 898 1409 963 ἔχει
1427 894 1794 965 σμικρότατον
1814 902 1974 965 Γαματ

284 979 372 1033 ἐπὶ
400 976 617 1047 θάτερα
639 973 747 1045 γὰρ
787 971 948 1046 ὑγιὴς
982 980 1226 1044 γίγνεται
1258 978 1417 1029 δυοῖν
1453 977 1656 1032 ἑστίαιν
1692 975 1976 1047 ἀπονεμη-

283 1063 521 1115 θείσαιν.
566 1055 638 1122 ὡς
658 1055 711 1112 δ’
734 1059 846 1112 ε’στὶ
866 1063 1037 1112 ταῦτα
1064 1054 1290 1126 άληθῶς
1311 1053 1464 1127 ὄντα,
1486 1055 1626 1111 κατὰ
1648 1057 1850 1128 σχολὴν
1869 1056 1976 1113 οὐκ

285 1137 358 1195 ἄν
383 1140 560 1205 πολὺς
588 1142 868 1205 ἐπιδείξειε
905 1143 1105 1210 μῦθος.
1153 1138 1546 1203 πιστεύσαντες
1580 1136 1645 1209 δὴ
1678 1137 1746 1193 τὰ
1773 1145 1883 1194 νῦν
1908 1143 1976 1211 τῇ

226 1234 261 1274 D
288 1221 547 1293 παρούσῃ
567 1222 725 1294 φήμῃ
744 1223 837 1277 καὶ
855 1220 1002 1295 λόγῳ
1026 1222 1300 1292 νείμωμέν
1319 1241 1378 1276 τε
1406 1221 1634 1292 ταύτην,
1657 1222 1748 1276 καὶ
1776 1220 1976 1292 ἑκάστῃ

284 1311 452 1378 μοίρᾳ
469 1304 610 1360 θεὸν
638 1301 674 1375 ἢ
694 1309 851 1360 θεῶν
872 1307 1041 1359 παῖδα
1068 1306 1514 1374 ἐπιφημίσαντες,
1549 1302 1775 1374 βωμούς
1799 1323 1858 1358 τε
1885 1302 1976 1358 καὶ

283 1388 350 1442 τὰ
370 1388 587 1452 τούτοις
606 1386 960 1458 προσήκοντα
981 1385 1297 1455 ἀποδόντες,
1319 1391 1545 1440 θυσιῶν
1563 1388 1688 1453 πέρι
1707 1384 1976 1449 ξυνόδους

283 1468 376 1524 ἐπ’
399 1466 896 1538 αὐτοῐςνποιώμεθα
917 1466 1022 1522 δύο
1051 1471 1154 1522 τοῦ
1182 1466 1375 1538 μηνός,
1406 1466 1622 1522 δώδεκα
1652 1468 1754 1536 μὲν
1785 1471 1853 1536 τῇ
1881 1470 1976 1534 τῆς

285 1555 466 1621 φυλῆς
486 1552 740 1622 διανομῇ,
763 1549 980 1604 δώδεκα
1006 1551 1066 1604 δὲ
1085 1546 1238 1621 αὐτῷ
1264 1555 1343 1622 τῷ
1370 1554 1465 1618 τῆς
1493 1548 1705 1610 πόλεως
1728 1550 1976 1620 διαμεριῇΙ

288 1638 428 1704 σμςό,
449 1637 604 1686 θεῶν
633 1621 837 1702 μὲνδὴ
869 1636 1093 1699 πρῶτον
1124 1630 1346 1701 χάριτος
1381 1630 1544 1684 ἕνεκα
1581 1631 1672 1684 καὶ
1707 1634 1820 1683 τῶν
1852 1647 1953 1696 περ

285 1712 475 1782 θεούς,
503 1712 767 1784 δεύτερον
798 1713 857 1768 δὲ
885 1709 1044 1783 ἡμῶν
1072 1709 1259 1767 αὐτῶν
1289 1709 1622 1782 οἰκειότητός
1645 1731 1705 1766 τε
1733 1712 1857 1779 πέρι
1885 1730 1955 1764 κα

220 1810 255 1851 Ε
284 1799 600 1867 γνωρίσεως
619 1793 894 1866 ἀλλήλων,
917 1817 990 1860 ως
1010 1805 1213 1893 φαῖμεν
1233 1794 1321 1864 ἄν,
1340 1795 1430 1849 καὶ
1452 1791 1708 1864 ὁμιλίας“’
1686 1794 1847 1847 ε’νεκα
1866 1788 1944 1846 πά

287 1892 400 1946 σης.
439 1876 579 1946 πρὸς
597 1899 705 1949 γαρ
729 1875 794 1948 δὴ
816 1876 919 1948 τὴν
937 1882 1050 1932 τῶν
1067 1876 1264 1947 γάμων
1281 1879 1582 1930 κοινωνίαν
1607 1875 1700 1929 καὶ
1718 1872 1976 1975 ξύμμιξξιΓΙ

287 1956 599 2030 ἀναγκαίως
616 1963 732 2031 ἔχει
751 1960 854 2030 τὴν
883 1958 1117 2029 άγνοιαν
1136 1961 1385 2030 ἐξαιρεῖν,
1411 1953 1544 2028 παρ’
1571 1978 1651 2011 ων
1669 1958 1730 2010 τέ
1746 1976 1825 2019 τις
1843 1953 1976 2024 ἄγε

284 2061 374 2096 ται
392 2043 484 2097 καὶ
509 2038 543 2096 ἃ
569 2044 660 2097 καὶ
691 2037 771 2107 οἷς
802 2044 1073 2112 ἐκδίδωσι,
1108 2043 1232 2111 περὶ
1257 2037 1464 2104 παντὸς
1496 2037 1836 2109 ποιούμενον
1863 2035 1896 2091 ό
1924 2057 1955 2090 τ

261 2124 523 2193 Χμάλιστα
565 2124 627 2181 τό
664 2124 737 2197 μὴ
777 2126 1128 2195 σφάλλεσθαι
1162 2128 1426 2196 μηδαμῶς
1462 2125 1524 2179 ἐν
1558 2132 1671 2186 τοῖς
1705 2120 1923 2176 τοιούτο

286 2204 423 2259 κατὰ
442 2205 503 2260 τὸ
524 2205 790 2262 δυνατόν.
826 2213 922 2278 τῆς
965 2203 1071 2263 οὖν
1105 2206 1363 2277 τοιαύτης
1405 2206 1650 2275 σπουδῆς
1676 2203 1837 2258 ἕνεκα
1870 2223 1935 2274 χρ

285 2285 494 2350 καὶτὰς
513 2287 734 2353 παιδιὰς
762 2298 1043 2345 ποιεῖσθαι
1061 2289 1397 2361 χορεύοντάς
1423 2310 1482 2343 τε
1513 2288 1606 2342 καὶ
1634 2284 1976 2362 χορευούσας

172 2377 259 2425 772
292 2367 496 2439 κόρους
516 2371 608 2422 καὶ
626 2369 813 2438 κόρας,
833 2373 924 2425 καὶ
941 2370 1054 2440 ἅμα
1074 2369 1140 2440 δὴ
1162 2369 1521 2439 θεωροῦντάς
1539 2389 1598 2422 τε
1618 2369 1710 2422 καὶ
1727 2375 1976 2436 θεωρουε·

289 2450 492 2520 μένους
511 2471 646 2520 μετα
678 2450 851 2520 λόγου
879 2472 938 2505 τε
968 2452 1060 2506 καὶ
1087 2448 1298 2521 ἡλικίας
1328 2447 1479 2513 τινὸς
1505 2446 1732 2518 ἐχούσης
1769 2451 1976 2512 εἰκυίαςΙ

288 2532 610 2632 προφάσεις,
631 2553 881 2602 γυμνους
900 2533 991 2587 καὶ
1009 2529 1224 2602 γυμνὰς
1244 2534 1502 2603 μέχριπερ
1531 2533 1725 2593 αἰδοῦς
1746 2528 1976 2613 σώφρονε

287 2634 385 2677 νος
404 2613 668 2668 ἑκάστων.
706 2613 921 2668 τούτων
950 2611 1004 2668 δ’
1037 2612 1359 2684 ἐπιμελητας
1388 2610 1614 2667 πάντων
1644 2612 1736 2667 καὶ
1764 2593 1976 2680 κοσμηένζ

288 2716 385 2759 τας
407 2693 540 2759 τοὺς
572 2717 685 2751 των
714 2716 899 2766 χορων
935 2692 1203 2767 άρχοντας
1231 2699 1525 2766 γίγνεσθαι
1545 2697 1636 2750 καὶ
1665 2697 1908 2764 νομοθέτ
1943 2700 1948 2702 ’

288 2777 425 2847 μετὰ
442 2783 557 2832 τῶν
575 2776 1010 2848 νομοφυλάκων,
1031 2775 1168 2834 ὅσον
1193 2773 1266 2832 ἂν
1292 2774 1447 2848 ἡμεῖς
1477 2781 1813 2846 ἐκλείπωμεν
1841 2771 1967 2827 τάταὲ

288 2879 509 2924 τοντας·
559 2855 866 2930 ἀναγκαῖον
911 2861 987 2930 δέ,
1027 2857 1164 2930 ὅπερ
1203 2866 1446 2930 εἴπομεν,
1484 2859 1608 2927 περὶ
1643 2855 1708 2913 τοὶ
1745 2857 1965 2912 τοιαῦτα
