1976 3172
239 123 343 176 284
859 125 1335 174 ΠΛΑΤΩΝΟΣ

237 257 490 326 πράξεων
508 256 711 321 πάντες
731 276 848 322 πως
859 257 1355 329 -ξυνομολογοῧμεν
1374 259 1555 316 πάντα
1586 260 1724 317 εἶναι
1752 270 1923 319 ταῦτα

234 338 395 408 καλά,
418 336 558 394 ὥστε
579 335 705 393 οὐδ’
729 346 782 395 εἴ
803 359 884 404 τις
915 343 1292 410 διισχυρίζοιτο
1321 340 1499 412 [εἶναι]
1522 341 1651 408 τοὺς
1678 348 1923 410 δικαίους

233 417 591 489 ἀνθρώπους,
612 415 684 475 ἂν
700 421 792 475 καὶ
810 422 1159 492 τυγχάνωσιν
1177 421 1333 488 ὄντες
1363 426 1574 494 αἰσχροὶ
1592 424 1658 480 τὰ
1680 425 1921 497 σώματα,

231 498 355 557 κατ’
377 498 516 557 αὐτό
534 523 598 573 γε
617 501 685 557 v&
700 503 1047 560 δικαιότατον
1064 498 1207 576 ἦθος
1225 505 1400 578 ταύτῃ
1418 507 1742 577 παγκάλους
1765 507 1921 578 εἶναι,

172 591 205 631 E
231 581 433 653 σχεδὸν
453 581 636 648 οὐδεὶς
653 579 726 639 ὅὶν
746 587 923 654 λέγων
942 584 1091 643 οὕτω
1111 594 1438 658 πλημμελῶς
1458 589 1632 654 δόξειε
1651 593 1847 660 λέγειν.

371 670 491 720 ΚΛ.
533 663 765 721 Οὐκοῦν
783 663 995 735 ὀρθῶς;
1580 706 1582 710 -

357 753 489 802 ΑΘ.
514 743 700 811 Ἴσως·
738 752 943 818 ἴδωμεν
963 752 1039 818 δέ,
1068 771 1138 814 ως
1159 754 1208 805 εί
1224 748 1387 805 πάντ’
1412 753 1521 806 ἐστὶ
1542 751 1701 821 καλά,
1721 751 1826 807 ὅσα
1847 757 1920 807 δι-

231 829 531 898 καιοσύνης
548 833 743 897 ἔχεται,
763 835 879 883 τῶν
897 830 1124 884 πάντων
1142 852 1226 886 τοι
1252 834 1344 887 καὶ
1371 854 1437 887 τα
1469 832 1770 903 παθήματα
1789 831 1920 903 ἡμῖν

228 911 339 963 ἐστὶ
359 905 560 978 σχεδὸν
578 920 692 973 τοῖς
711 909 1015 980 ποιήμασιν
1035 917 1142 965 ἴσα.

370 996 490 1046 ΚΛ.
533 995 603 1045 Τί
618 1012 722 1046 ουν
742 990 838 1062 δή·
825 1032 840 1058 ,

314 1118 316 1121 ⁴
358 1080 485 1129 Aer).
523 1077 746 1143 Ποίημα
776 1074 896 1143 μέν,
926 1070 1063 1142 ὅπερ
1092 1070 1165 1128 ὅὶν
1194 1066 1231 1145 ᾗ
1264 1075 1496 1143 δίκαιον,
1519 1073 1716 1144 σχεδὸν
1750 1073 1925 1130 ὅσον·

227 1173 329 1224 περ
344 1150 417 1210 ἂν
434 1160 536 1210 τοῦ
559 1159 777 1211 δικαίου
789 1160 1049 1226 κοινωνῇ,
1063 1152 1202 1210 κατὰ
1219 1161 1490 1211 τοσοῦτον
1509 1156 1600 1211 καὶ
1621 1162 1724 1211 τοῦ
1742 1162 1920 1212 καλοῦ

226 1237 452 1308 μετέχον
481 1239 644 1293 ἐστίν.

368 1324 487 1377 ΚΛ.
533 1323 599 1373 Τί
618 1317 758 1389 μήν;

365 1406 483 1456 ΑΘ.
527 1397 759 1455 Οὐκοῦν
784 1404 880 1456 καὶ
909 1401 1112 1470 πάθος,
1143 1399 1279 1469 ὅπερ
1301 1398 1374 1455 ὅίν
1405 1405 1623 1456 δικαίου
1651 1408 1914 1472 κοινωνῇ,

107 1492 195 1538 860
224 1483 364 1538 κατὰ
394 1487 663 1537 τοσοῦτον
690 1487 984 1551 γίγνεσθαι
1013 1481 1187 1537 καλὸν
1216 1479 1669 1553 ὁμολογούμενον
1707 1480 1812 1538 οὐκ
1844 1479 1917 1538 ἄν

224 1567 623 1634 διαφωνοῦντα
645 1564 874 1634 παρέχοι
891 1562 991 1619 τὸν
1010 1564 1208 1638 λόγους

363 1650 480 1701 ΚΛ.
514 1642 737 1715 Ἀληθῆ.

363 1733 481 1782 ΑΘ.
509 1724 640 1781 Ἐὰν
660 1729 723 1781 δέ
736 1746 799 1795 γε
820 1730 1037 1782 δίκαιον
1065 1725 1167 1797 μὲν
1196 1724 1574 1797 ὁμολογῶμεν,
1607 1725 1835 1799 αἰσχρὸν
1856 1725 1916 1783 δὲ

224 1805 365 1862 εἶναι
383 1807 586 1878 πάθος,
610 1808 953 1878 διαφωνήσει
976 1807 1039 1863 τό
1058 1829 1126 1863 τε
1159 1811 1374 1864 δίκαιον
1402 1810 1495 1864 καὶ
1522 1805 1584 1864 τὸ
1607 1807 1799 1879 καλόν,
1822 1815 1915 1864 λε-

219 1891 472 1957 χθέντων
489 1893 605 1944 τῶν
625 1892 854 1944 δικαίων
874 1893 1168 1960 αἰσχίστων
1187 1887 1340 1946 εἶναι.

362 1976 480 2025 ΚΛ.
518 1976 650 2035 Πῶς
668 1977 832 2027 τοῦτο
861 1980 1110 2043 εἴρηκας,

362 2059 480 2108 ΑΘ.
525 2051 971 2124 Οὐδὲνχαλεπόν
991 2057 1230 2110 ἐννοεῖν·
1269 2057 1325 2109 οἱ
1343 2054 1450 2125 γὰρ
1471 2051 1639 2126 ὀλίγῳ
1657 2052 1912 2121 πρόσθεν

219 2135 475 2199 τεθέντες
509 2132 642 2206 ἡμῖν
669 2135 836 2206 νόμοι
865 2135 1093 2192 πάντων
1122 2135 1490 2192 ἐναντιώτατα
1512 2138 1913 2204 παραγγέλλειν
1963 2185 1968 2192 .

222 2214 440 2278 δόξειαν
459 2212 532 2271 ἂν
551 2227 665 2281 τοῖς
681 2222 791 2274 νῦν
808 2221 1141 2290 λεγομένοις,

360 2301 481 2351 ΚΛ.
502 2303 738 2364 ἸΠοίοις;
1651 2366 1653 2368 ¹

157 2393 190 2432 B
231 2371 235 2373 ⁵
362 2383 479 2432 ΛΘ.
525 2376 638 2432 Τὸν
667 2379 962 2450 ιερόσυλόν
993 2399 1105 2435 που
1133 2383 1390 2449 ἐτίθεμεν
1419 2382 1642 2441 δικαίως
1668 2374 1740 2431 ὅίν
1767 2396 1908 2430 απο-

218 2458 490 2530 θνήσκειν
508 2459 600 2514 καὶ
629 2459 728 2515 τὸν
754 2481 867 2515 των
893 2463 957 2515 εὐ
987 2462 1257 2539 κειμένων
1285 2459 1480 2529 νόμων
1506 2461 1787 2528 πολέμιον,
1816 2459 1908 2513 καὶ

221 2541 512 2610 μέλλοντες
541 2539 608 2612 δὴ
630 2541 837 2613 νόμιμα
857 2549 1084 2597 τοιαῦτα
1112 2542 1330 2597 τιθέναι
1351 2538 1648 2610 πάμπολλα
1681 2541 1907 2609 ἐπέσχο-

221 2642 325 2690 μεν
349 2623 576 2694 ἰδόντες,
598 2645 671 2688 ως
687 2630 860 2680 ταῦτα
879 2625 991 2680 ἐστὶ
1019 2645 1121 2694 μεν
1149 2621 1349 2693 άπειρα
1374 2621 1676 2693 παθήματα
1701 2621 1907 2691 πλήθει

220 2704 312 2758 καὶ
328 2706 605 2775 μεγέθεσι,
635 2704 952 2762 δικαιότατα
971 2708 1031 2762 δὲ
1048 2705 1274 2760 πάντων
1293 2703 1639 2776 παθημάτων
1659 2704 1752 2758 καὶ
1778 2705 1903 2774 ξυμ·

220 2784 451 2842 πάντων
472 2793 734 2857 αἴσχιστα.
775 2794 897 2859 μῶν
926 2785 1027 2858 οὐχ
1053 2785 1229 2852 οὕτως
1259 2784 1392 2858 ἡμῖν
1421 2791 1486 2842 τά
1516 2808 1572 2842 τε
1600 2790 1781 2842 δίκαια
1813 2784 1904 2837 καὶ
