1976 3172
263 112 367 166 332
881 113 1056 159 HAA
1073 112 1176 159 ΤΩ,
1188 114 1241 160 Ν
1255 113 1359 162 ΟΣ
1916 154 1921 158 ,

1971 179 1976 209 l

368 246 374 247 ⁷
404 252 522 302 ΛΘ.
565 250 692 300 Τῶν
711 241 762 299 δ’
790 236 864 298 αὖ
883 245 1234 316 κινουμένων
1256 244 1323 301 τὰ
1345 246 1447 318 μὲν
1475 249 1540 303 ἐν
1574 249 1655 304 ἑνὶ
1683 249 1834 322 τόπῳ
1864 235 1976 305 acc-3

111 375 113 381 ,
146 333 234 378 898
263 335 502 397 νεῖσθαι,
522 325 589 383 τὰ
611 324 662 382 δ’
692 329 755 381 ἐν
778 331 993 384 πλείοσι
1011 329 1312 398 φερόμενα.
1626 319 1630 321 ’
1974 319 1976 322 ’

402 415 521 465 ΚΛ.
545 410 698 464 ’Ἐστι
719 413 905 464 ταῦτα.

402 499 523 548 ΑΘ.
567 490 805 547 Τούτοιν
843 489 909 562 δὴ
945 501 1066 547 τοῖν
1101 489 1383 561 κινήσεσιν
1421 489 1523 563 τὴν
1566 494 1629 549 ἐν
1664 495 1745 549 ἑνὶ
1779 516 1953 564 φερο-

262 575 437 645 μένην
471 571 556 628 αἐὶ
591 577 722 642 περί
753 575 820 643 γέ
852 592 905 627 τι
940 574 1112 643 μέσον
1147 570 1360 644 ἀνάγκη
1390 583 1685 646 κινεῖσθαι,
1723 581 1835 631 τῶν
1859 578 1970 632 «ἐν--

262 655 481 724 τόρνων
510 647 688 710 οὖσαν
705 653 921 726 μίμημά
950 675 1003 709 τι
1031 653 1273 723 κύκλων,
1293 653 1439 711 εἶναι’
1460 677 1519 712 τε
1551 655 1730 728 αὐτὴν
1757 662 1826 731 τῇ
1851 662 1952 712 τοῦ

263 742 369 790 νοῦ
415 736 656 808 περιόδῳ
695 735 918 801 πάντως
964 757 1038 800 ως
1083 734 1328 792 δυνατὸν
1372 739 1714 810 οἰκειοτάτην
1758 759 1817 794 τε
1861 739 1976 794 καὶ·

265 814 480 886 ὁμοίαν.

404 901 523 952 ΚΛ.
559 901 692 960 Πως
711 897 912 965 λέγεις;

407 979 649 1034 ΛΘ.Τό
669 975 808 1033 κατὰ
829 975 1002 1032 ταῦτα
1023 977 1093 1049 δή
1111 999 1222 1035 που
1251 983 1344 1035 καὶ
1375 977 1637 1047 ὡσαύτως
1663 985 1757 1039 καὶ
1784 987 1845 1040 ἐν
1875 991 1952 1058 τῷ

265 1060 418 1136 αὐτῷ
437 1064 532 1118 καὶ
546 1054 757 1160 περὶτὰ
779 1059 919 1116 αὐτοὶ
935 1063 1027 1117 καὶ
1047 1060 1188 1134 πρὸς
1205 1061 1272 1119 τὰ
1293 1060 1435 1119 αὐτὰ
1453 1064 1595 1119 καὶ”
1562 1085 1660 1119 ενα
1677 1064 1845 1136 λόγον
1864 1067 1955 1122 καὶ

202 1155 236 1196 Β
267 1144 422 1210 τάξιν
455 1148 588 1214 μίαν
616 1142 786 1214 άμφω
814 1151 1092 1198 κινεῖσθαι
1120 1144 1373 1215 λέγοντες
1395 1152 1537 1200 νοῦν
1563 1146 1667 1217 τήν
1696 1168 1755 1202 τε
1783 1149 1845 1202 ἐν
1875 1147 1963 1202 ἑνὶ4

126 1227 132 1235 '
263 1228 580 1299 φερομένην
609 1229 847 1295 κίνησιν,
885 1229 1124 1296 σφαίρας
1147 1225 1418 1297 ἐντόρνου
1447 1224 1822 1300 ἀπεικασμένα
1846 1251 1954 1299 φο-

264 1320 400 1381 ραῖς,
423 1307 529 1364 οὐκ
548 1307 620 1364 ἅν
640 1327 774 1364 ποτε
793 1318 1064 1379 φανεῖμεν
1093 1314 1300 1378 φαῦλοι
1319 1313 1645 1380 δημιουργοὶ
1675 1311 1822 1384 λόγῳ
1853 1332 1955 1365 κα·-

263 1396 379 1447 λιόν
411 1390 663 1447 εἰκόνων.

374 1478 523 1528 K.A
557 1463 863 1542 Ὀρθότατα
883 1472 1071 1540 λέγεις.

406 1561 525 1610 ΑΘ.
570 1551 802 1608 Οὐκοῦν
820 1573 892 1606 av
911 1549 950 1627 η’
969 1572 1031 1621 γε
1050 1553 1320 1622 μηδέποτε
1357 1549 1620 1618 ὡσαύτως
1649 1554 1786 1625 μηδὲ
1814 1553 1953 1610 κατὰ

264 1659 330 1693 τα
382 1635 522 1692 αὐτοὶ
559 1635 697 1707 μηδε
741 1637 805 1689 ἐν
843 1630 1027 1705 ταύτῷ
1064 1635 1202 1704 μηδὲ
1250 1635 1375 1706 περὶ
1421 1633 1593 1690 ταῦτα
1636 1635 1774 1707 μηδε
1817 1637 1956 1707 πρὸς

265 1717 439 1775 ταύτὰ
459 1716 588 1790 μηδ’
612 1720 673 1772 ἐν
691 1716 772 1772 ἑνὶ
790 1716 1071 1787 φερομένη
1092 1712 1221 1786 μηδ’
1256 1718 1317 1772 ἐν
1344 1716 1533 1791 κόσμῳ
1563 1715 1693 1788 μηδ’
1725 1719 1788 1773 ἐν
1807 1717 1955 1789 τάξει

267 1799 404 1899 μηδε
440 1803 502 1855 ἔν
536 1820 647 1854 τινι
683 1796 832 1870 λόγω
866 1802 1079 1867 κίνησις
1116 1794 1308 1863 ἀνοίας
1343 1795 1416 1854 ἀν
1451 1796 1668 1871 ἁπάσης
1700 1806 1781 1870 εἴη
1821 1805 1957 1868 ξυγ-

265 1881 461 1955 νενήςε

406 1969 526 2020 ΚΛ.
564 1969 670 2033 Εἴη
689 1959 797 2032 γὰρ
819 1955 890 2016 ἀν
909 1958 1967 2031 ἀληθέστατα..

211 2071 242 2113 c
412 2054 529 2103 ΑΘ.
564 2051 698 2101 Νῦν
734 2042 800 2115 δὴ
837 2043 1078 2115 χαλεπὸν
1111 2041 1279 2100 οὐδὲν
1313 2048 1397 2099 ἔτι
1433 2041 1738 2116 διαρρήδην
1769 2046 1967 2111 εἰπεῖν,ι

208 2190 212 2194 f
269 2127 360 2198 ὥς,
382 2125 568 2198 ἐπειδὴ
588 2124 735 2198 ψυχὴ
757 2127 860 2196 μέν
883 2125 1083 2197 ἐστινὴ
1115 2126 1458 2198 περιάγουσα
1476 2125 1608 2198 ἡμῖν
1628 2127 1827 2196 πάντα,
1856 2123 1959 2195 τῂν

269 2210 329 2266 δε
348 2208 600 2282 οὐρανοῦ
618 2206 934 2280 περιφορὰν
953 2211 1007 2274 ἐξ
1033 2206 1280 2279 ἀνάγκης
1307 2207 1592 2279 περιάγειν
1616 2210 1823 2279 φατέον
1840 2209 1959 2262 ἐπι-

246 2339 250 2341 ,
268 2293 617 2363 μελουμένην
636 2291 729 2344 καὶ
747 2296 1070 2359 κοσμοῦσαν
1086 2288 1210 2359 ἤτοι
1226 2290 1330 2361 τὴν
1347 2287 1579 2360 ἀρίστην
1597 2286 1784 2358 ψυχὴν
1801 2284 1839 2356 ἦ
1855 2285 1959 2356 τὴν

269 2375 542 2430 ἐναντίαν.

372 2457 528 2508 KA.
561 2444 628 2506 Ὦ
656 2452 793 2522 ξένε,
831 2451 972 2507 ἀλλὰ
1011 2456 1072 2506 ἔκ
1105 2471 1170 2521 γε
1205 2471 1318 2505 των
1346 2453 1456 2504 νῦν
1492 2450 1796 2519 εἰρημένων
1828 2443 1954 2502 οὐδ’
1970 2510 1973 2514 ,

271 2534 429 2592 ὅσιον
448 2532 628 2597 ἄλλως
646 2533 845 2602 λέγειν,
865 2528 901 2603 ἢ
921 2538 1108 2587 πᾶσαν
1138 2528 1343 2601 ἀρετὴν
1370 2534 1606 2601 ἔχουσαν
1625 2529 1808 2601 ψυχὴν
1827 2534 1960 2600 μίαν

270 2614 306 2689 ἢ
327 2621 550 2680 πλείους
571 2614 858 2685 περιάγειν
879 2612 1037 2669 αὐτά.
1966 2639 1967 2642 =

413 2706 532 2755 ΑΘ.
571 2698 869 2767 Κάλλιστα,
903 2689 948 2752 ὦ
976 2700 1224 2767 Κλεινία,
1256 2693 1578 2766 ὑπήκουσας
1606 2704 1718 2758 τοῖς
1749 2691 1934 2763 λόγοις
1946 2711 1968 2741 ·.

124 2823 127 2828 -
207 2803 243 2843 D
275 2783 405 2839 τόδε
426 2781 485 2838 δὲ
510 2779 904 2851 προσάκουσον
925 2783 1017 2835 ἔτι.
