1976 3172
703 153 1014 203 ΝΟΜΩΝ
1047 145 1107 216 γ’.
1665 147 1772 201 101

72 316 195 349 των
214 294 508 365 ἑκατέρων,
528 308 643 344 των
660 286 764 358 μὲν
793 288 1064 355 δουλείας,
1093 305 1206 340 των
1233 285 1293 341 δὲ
1322 283 1673 356 τούναντίου,
1704 280 1773 340 οὗ

82 376 431 448 συνήνεγκεν
447 369 581 446 οὔτε
599 379 713 434 τοῖς
729 364 859 423 οὔτε
878 376 1007 430 τοῖς.

221 462 353 512 ΜΕ.
384 453 755 524 Ἀληθέστατα
771 450 963 518 λέγεις.
1805 452 1892 499 702

220 543 340 595 Ae.
375 536 489 592 Καὶ
505 531 619 605 μὴν
642 528 832 587 αὐτῶν
847 550 912 599 γε
939 528 1104 584 ἕνεκα
1123 528 1216 584 καὶ
1234 524 1297 582 τὸ
1317 525 1584 598 Δωρικὸν
1608 531 1776 583 ἐθεα-

81 621 303 692 σάμεθα
319 614 769 686 κατοικιζόμενον
788 610 1168 682 στρατόπεδον
1186 612 1277 666 καὶ
1295 607 1396 675 τὰς
1423 615 1527 665 τοῦ
1543 609 1777 682 Δαρδά-

80 724 187 759 νου
204 698 482 771 ὑπωρείας
497 718 557 753 τε
575 697 668 752 καὶ
686 693 791 767 τὴν
806 696 895 750 ἐπὶ
912 693 1166 766 θαλάττῃ
1187 698 1512 763 κατοίκισιν,
1534 693 1626 748 καὶ
1644 690 1778 757 τούς

78 782 336 852 πρώτους
355 780 423 853 δὴ
442 801 575 844 τους
603 784 909 851 περιλιπεῖς
933 776 1271 848 γενομένους
1301 779 1399 847 τῆς
1430 780 1672 846 φθορᾶς,
1699 776 1778 828 ἔτι

80 866 142 923 δὲ
157 886 290 930 τους
307 868 632 935 ἔμπροσθεν
651 859 870 917 τούτων
897 859 1236 959 γενομένους
1262 854 1397 930 ἡμῖν
1419 855 1625 928 λόγους
1653 859 1784 924 περί

77 968 138 1003 τε
156 950 427 1018 μουσικῆς
447 946 541 1002 καὶ
558 946 737 1015 μέθης
754 944 847 998 καὶ
862 963 930 998 τα
956 939 1173 997 τούτων
1193 945 1272 996 ἔτι
1290 937 1556 1039 πρότερα
1604 943 1780 994 ταῦτα

78 1027 187 1100 γὰρ
207 1028 390 1084 πάντα
409 1035 622 1114 εἴρηται
638 1032 742 1082 τοῦ
759 1023 1052 1081 ‚caneda-v*
1022 1044 1206 1094 ενεκα,
1227 1028 1346 1087 πῶς
1376 1018 1502 1077 ποτ’
1529 1016 1602 1076 ὅίν
1621 1018 1780 1085 πόλις

82 1108 279 1180 αριστα
316 1110 532 1181 οἰκοίη,
551 1111 645 1165 καὶ
675 1112 788 1182 ἰδία
825 1112 943 1172 πῶς
974 1129 1049 1162 αν
1076 1128 1158 1172 τις
1185 1109 1438 1179 βέλτιστα
1470 1103 1570 1161 τὸν
1598 1102 1776 1161 αὑτοῦ
1807 1118 1841 1159 Β

81 1198 210 1263 βίον
221 1191 504 1263 διαγάγοι·
526 1195 579 1247 εἰ
592 1192 654 1247 δε
674 1190 743 1286 δή
759 1212 813 1245 τι
831 1189 1213 1261 πεποιήκαμεν
1231 1208 1540 1288 προυργου,
1559 1192 1640 1252 τίς
1662 1183 1776 1243 ποτ’

82 1269 157 1328 ἄν
188 1277 408 1343 ἔλεγχος
438 1278 686 1341 γίγνοιτο
714 1268 849 1342 ἡμῖν
884 1269 1023 1339 πρὸς
1057 1267 1202 1341 ἡμᾶς
1232 1267 1440 1335 αὐτούς
1467 1273 1778 1340 λεχθείς,ω

82 1355 333 1424 Μέγιλλέ
354 1374 415 1418 τε
441 1353 535 1408 καὶ
551 1357 811 1417 Κλεινία;

221 1439 343 1491 ΚΛ.
374 1430 515 1503 Ἐγώ
544 1429 674 1503 τιν’,
714 1453 758 1487 ω
790 1435 927 1501 ξένε,
955 1453 1051 1507 μοι
1088 1434 1239 1487 δοκω
1273 1443 1592 1486 κατανοεῖν·
1636 1434 1783 1487 ἔοικε

82 1514 224 1573 κατὰ
242 1514 419 1587 τύχην
442 1511 569 1571 τινὰ
587 1511 724 1586 ἡμῖν
748 1534 817 1569 τα
844 1534 959 1568 των
987 1511 1176 1583 λόγων
1202 1511 1421 1567 τούτων
1446 1511 1676 1568 πάντων
1702 1533 1784 1567 ων

84 1596 453 1670 διεξήλθομεν
488 1596 807 1668 γεγονέναι·
859 1594 1060 1666 σχεδὸν
1106 1591 1214 1667 γὰρ
1253 1598 1330 1659 εἰς
1364 1598 1557 1666 χρείαν
1595 1592 1785 1650 αὐτων

82 1678 247 1751 ἔγωγ’
269 1678 518 1750 ἐλήλυθα
535 1676 603 1734 τὰ
623 1684 750 1747 νῦν,
770 1679 862 1733 καὶ
881 1677 1023 1734 κατά
1040 1698 1166 1732 τινα
1185 1670 1260 1732 αὖ
1278 1675 1479 1749 καιρὸν
1498 1675 1572 1732 σύ
1599 1698 1659 1732 τε
1678 1694 1786 1732 πα-

84 1764 394 1834 ραγέγονας
419 1759 535 1833 ἅμα
563 1760 658 1830 καὶ
684 1760 966 1831 Μέγιλλος
996 1757 1109 1815 ὅδε.
1149 1758 1219 1815 οὐ
1248 1757 1356 1830 γὰρ
1386 1757 1787 1831 ἀποκρύψομαι

84 1841 211 1915 σφω
231 1842 294 1900 τὸ
321 1849 432 1900 νῦν
459 1844 579 1915 ἐμοὶ
610 1848 934 1915 ξυμβαῖνον,
965 1839 1106 1899 ἀλλὰ
1131 1843 1226 1898 καὶ
1254 1842 1395 1918 πρὸς
1424 1841 1630 1898 οἰωνόν
1656 1863 1782 1898 τινα
1814 1853 1846 1895 G

86 1931 367 1998 ποιοῦμαι.
402 1922 438 1996 ἡ
462 1925 570 1996 γὰρ
589 1932 816 1996 πλείστη
834 1929 931 1997 τῆς
947 1924 1173 1996 Κρήτης
1191 1927 1457 1996 ἐπιχειρεῖ
1477 1922 1601 1979 τινὰ
1622 1922 1787 1979 ἄποι-

85 2015 217 2067 κίαν
233 2008 597 2082 ποιήσασθαι,
624 2010 719 2068 καὶ
744 2008 1074 2079 προστάττει
1101 2019 1213 2072 τοῖς
1230 2011 1507 2071 Κνωσίοις
1527 2008 1790 2077 ἐπιμελη-

87 2095 267 2162 θῆναι
290 2098 395 2148 τοῦ
423 2091 763 2163 πράγματος,
786 2089 821 2162 ἡ
854 2091 914 2147 δὲ
942 2097 1057 2146 τῶν
1084 2093 1363 2145 Κνωσίων
1394 2086 1553 2152 πόλις
1582 2089 1706 2158 ἐμοί
1730 2107 1789 2141 τε

89 2174 184 2229 καὶ
209 2171 399 2239 ἄλλοις
426 2175 615 2230 ἐννέα·
652 2171 767 2245 ἅμα
795 2171 856 2229 δὲ
885 2173 977 2229 καὶ
1005 2171 1215 2244 νόμους
1243 2176 1359 2227 τῶν
1393 2191 1453 2226 τε
1482 2166 1702 2240 αὐτόθι,
1741 2176 1797 2225 εἴ

86 2276 234 2321 τινες
249 2251 396 2327 ἡμᾶς
417 2254 738 2326 ἀρέσκουσι,
756 2260 1020 2311 τίθεσθαι
1047 2252 1278 2324 κελεύει,
1307 2254 1400 2309 καὶ
1429 2259 1487 2308 εἴ
1509 2272 1655 2316 τινες
1675 2250 1790 2306 ἑτέ-

88 2344 297 2409 ρωθεν,
318 2339 495 2409 μηδὲν
510 2334 1010 2409 ὑπολογιζομένους
1027 2336 1088 2392 τὸ
1111 2335 1332 2403 ξενικὸν
1351 2334 1560 2407 αὐτοῖν,
1574 2330 1648 2389 ἄν
1667 2338 1788 2405 βελ-

31 2439 37 2447 ·
85 2423 240 2485 τίους
258 2424 586 2491 φαίνωνται.
622 2425 734 2476 νῦν
753 2413 859 2476 οὖν
878 2421 1001 2492 ἐμοί
1024 2441 1084 2476 τε
1108 2419 1200 2476 καὶ
1219 2416 1354 2491 ὑμῖν
1371 2416 1582 2489 ταύτην
1603 2420 1787 2488 δῶμεν

91 2497 280 2570 χάριν·
318 2503 380 2559 ἐκ
407 2507 524 2559 τῶν
553 2504 860 2575 εἰρημένων
893 2504 1210 2569 ἐκλέξαντες
1228 2508 1307 2575 τῷ
1325 2499 1475 2575 λόγῳ
1495 2495 1788 2571 συστησώ-
1819 2503 1854 2544 D

94 2585 245 2650 μεθα
271 2582 457 2655 πόλιν,
487 2580 609 2642 οἷον
644 2587 699 2652 ἐξ
734 2582 908 2657 ἀρχῆς
942 2589 1361 2656 κατοικίζοντες,
1403 2586 1495 2640 καὶ
1531 2581 1646 2654 άμα
1686 2581 1788 2653 μὲν

94 2659 231 2733 ἡμῖν
260 2657 330 2719 οὖ
356 2669 624 2740 ζητοῦμεν
649 2670 933 2737 ἐπίσκεψις
959 2668 1266 2741 γενήσεται,
1299 2666 1412 2740 ἅμα
1444 2663 1496 2723 δ’
1528 2663 1635 2737 ἐγω
1667 2661 1789 2734 τάχ’

96 2739 172 2799 ἄν
191 2750 497 2820 WUCW
515 2754 592 2816 δίε
606 2750 711 2823 τὴν
728 2754 1044 2823 μέλλουσαν
1057 2749 1221 2808 πόλιν
1238 2748 1414 2822 ταύτῃ
1430 2754 1495 2822 τῇ
1512 2745 1787 2803 συστάσει.

55 2834 57 2836 ’
239 2830 358 2883 AC.
395 2824 484 2885 Οὐ
501 2829 751 2904 πόλεμόν
768 2854 832 2905 γε
854 2835 1221 2938 ἐπαγγέλλεις,
1247 2853 1288 2886 ω
1271 2825 1563 2886 ς’Κλεινία
1594 2822 1719 2881 ἄλλ’
1743 2827 1792 2879 εἰ
