1976 3172
631 153 642 158 ·
695 131 1016 235 Nquzzv
1048 141 1107 209 γ’.
1627 148 1736 202 267
1781 106 1783 109 ¹

191 282 309 337 ΑΘ.
351 280 494 347 Φέρε
530 275 617 349 δή,
647 275 940 347 νοήσωμεν
972 280 1104 346 μίαν
1131 283 1245 334 τῶν
1279 286 1501 337 πολλῶν
1529 284 1737 357 ταύτην

47 356 153 430 τὴν
171 365 252 433 τῷ
274 363 643 431 κατακλυσμῷ
660 358 792 413 ποτὲ
808 359 1133 439 γενομένην.

189 448 310 499 ΚΑ.
351 441 426 497 Τὸ
448 440 614 496 ποῖόν
629 461 683 495 τι
699 440 827 509 περὶ
845 437 1018 511 αὐτῆς
1039 443 1455 512 διανοηθέντεςς

189 530 308 580 ΛΘ.
335 519 431 586 Ὡς
457 523 514 576 οἱ
544 520 669 579 τότε
699 521 1103 594 περιφυγόντες
1136 520 1240 594 τὴν
1272 520 1503 594 φθοράν
1537 524 1734 596 σχεδὸν
1764 549 1796 589 Β

48 605 226 675 ὄρειοί
243 623 388 668 τινες
410 600 483 658 ἄν
501 601 612 659 εἶεν
642 611 832 675 νομῆς,
863 605 926 659 ἐν
952 613 1226 675 κορυφαῖς
1255 623 1367 660 που
1395 604 1598 679 σμικροὶ
1630 608 1735 674 ζώ-

47 705 199 754 πυρα
212 690 317 740 τοῦ
330 690 447 740 τῶν
464 681 790 756 ἀνθρώπων
812 686 1225 758 διασεσωσμένα
1243 690 1455 758 γένους.

185 771 305 824 ΚΛ.
344 772 551 838 Δῆλον.
1684 833 1690 837 ἱ

187 855 306 905 ΑΘ.
342 851 454 905 Καὶ
473 847 541 920 δὴ
560 847 692 915 τούς
708 847 998 915 τοιούτους
1021 871 1085 921 γε
1105 848 1319 923 ἀνάγκη
1341 871 1452 908 που
1468 856 1581 908 τῶν
1600 858 1696 909 *τε
1709 859 1735 893 *

31 930 234 988 ,ἄλλων
252 928 517 1001 ἀπείρους
535 929 678 988 εἶναι
694 939 904 1003 τεχνῶν
923 934 1015 988 καὶ
1039 940 1151 990 τῶν
1171 936 1233 990 ἐν
1252 944 1366 999 τοῖς
1386 932 1575 990 ἄστεσι
1592 935 1735 1007 πρὸς

45 1009 317 1085 ἀλλήλους
333 1021 595 1085 μηχανῶν
623 1021 700 1079 εἴς
731 1035 790 1070 τε
817 1017 1136 1082 πλεονεξίας
1164 1016 1257 1072 καὶ
1285 1022 1624 1087 φιλονεικίας
1642 1017 1735 1073 καὶ

48 1090 212 1149 ὁπόσ’
243 1094 382 1151 ἄλλα
400 1095 830 1167 κακουργήματα
852 1095 992 1167 πρὸς
1016 1093 1289 1170 ἀλλήλους
1306 1100 1644 1156 ἐπινοοῦσιν.

189 1180 308 1231 ΚΛ.
345 1174 512 1241 Εἰκὸς
530 1185 686 1246 γοῦν.

186 1262 307 1312 ΑΘ.
345 1262 544 1327 Θῶμεν
571 1257 640 1327 δὴ
672 1257 769 1323 τοὶς
796 1260 861 1314 ἐν
884 1269 999 1324 τοῖς
1029 1263 1239 1324 πεδίοις
1266 1259 1455 1326 πόλεις
1480 1263 1573 1316 καὶ
1592 1259 1732 1334 πρὸς
1761 1278 1792 1320 c

44 1334 296 1408 θαλάττῃ
314 1336 683 1403 κατοικούσας
711 1338 891 1410 ἄρδην
913 1339 976 1395 ἐν
1000 1345 1081 1414 τῷ
1107 1340 1232 1396 τότε
1256 1340 1440 1415 χρόνῳ
1471 1344 1734 1414 διαφθεί-

45 1426 271 1495 ρεσθαις

183 1503 304 1558 ΚΛ.
345 1507 558 1572 Θῶμεν.
1107 1557 1113 1561 ,

184 1590 302 1642 ΑΘ.
342 1582 573 1640 Οὐκοῦν
589 1580 804 1656 ὄργανά
821 1604 880 1640 τε
903 1584 1085 1641 πάντα
1105 1581 1478 1658 ἀπόλλυσθαι,
1497 1587 1589 1643 καὶ
1617 1593 1734 1643 εἴτι

43 1669 232 1738 τέχνης
257 1658 331 1737 ἦν
349 1664 614 1746 ἐχόμενον
642 1669 959 1734 σπουδαίως
985 1664 1295 1740 εὑρημένον
1316 1664 1356 1742 ἢ
1389 1675 1670 1741 πολιτικῆς
1697 1665 1734 1740 ἢ

42 1749 136 1804 καὶ
164 1751 365 1818 σοφίας
392 1747 544 1813 τινὸς
573 1747 775 1821 ἑτέρας,
807 1749 991 1806 πάντα
1020 1754 1204 1823 ἔρρειν
1224 1757 1398 1808 ταῦτα
1416 1754 1476 1808 ἐν
1504 1759 1582 1821 τῷ
1609 1752 1732 1807 τότε

41 1829 226 1904 κυάνῳ
247 1829 529 1902 anianum
641 1856 654 1864 ·
764 1860 767 1861 ff

182 1915 301 1968 KA.
335 1916 466 1979 Πῶς
494 1912 603 1986 γὰρ
632 1910 723 1985 ἄν,
758 1907 804 1971 ῶ
829 1912 1035 1986 ἄριστε,
1060 1922 1117 1972 εί
1138 1937 1201 1986 γε
1231 1919 1388 1987 ἔμενε
1418 1914 1551 1971 τάδε
1583 1912 1730 1970 οὕτω

41 1993 143 2049 τὸν
160 1993 343 2057 πάντα
356 1994 580 2067 χρόνον,
603 1992 678 2062 ῶς
694 2003 802 2054 νῦν
821 1997 1262 2069 διακεκόσμηται,
1282 1995 1484 2053 καινὸν
1504 1993 1732 2065 ἀνευρί-

42 2073 207 2130 σκετό
232 2093 366 2131 ποτε
392 2077 486 2132 καὶ
504 2073 721 2142 ὄτιοῦν;
746 2085 911 2134 τοῦτο
934 2075 1055 2147 [ὅτι]
1077 2075 1180 2148 μὲν
1206 2075 1314 2148 γὰρ
1337 2074 1596 2149 μυριάκις
1619 2076 1728 2149 μύ-
1766 2095 1800 2135 D

41 2177 138 2225 ρια
163 2160 255 2228 ἔτη
274 2156 646 2215 διελάνθανεν
663 2156 771 2230 ἄρα
790 2158 921 2225 τούς
937 2159 1077 2231 τότε,
1096 2166 1241 2231 χίλια
1264 2157 1318 2215 δ’
1338 2157 1440 2230 ἀφ’
1463 2152 1536 2215 οὗ
1559 2162 1729 2231 [γέγο·

44 2247 161 2311 νεν]
186 2239 222 2313 ἦ
242 2241 325 2307 δὶς
341 2248 583 2298 τοσαῦτα
603 2246 695 2313 ἔτη
714 2239 780 2298 τὰ
798 2242 902 2313 μὲν
917 2240 1182 2317 Δαιδάλῳ
1202 2247 1494 2315 καταφανῆ
1516 2244 1728 2313 γέγονε,

39 2321 107 2379 τὰ
129 2322 190 2380 δὲ
207 2320 411 2395 Ὀρφεῖ,
432 2320 500 2380 τὰ
521 2322 580 2380 δὲ
596 2323 939 2396 Παλαμήδει,
958 2325 1026 2380 τὰ
1046 2323 1105 2381 δὲ
1123 2325 1249 2396 περὶ
1266 2322 1544 2397 μουσικὴν
1560 2330 1730 2398 Μαρ-

0 2467 3 2473 ⁸
42 2403 157 2477 φύᾳ
189 2406 282 2462 καὶ
312 2402 589 2480 Ὀλύμπῳ,
626 2408 752 2476 περὶ
790 2405 967 2480 λύραν
1004 2408 1065 2463 δὲ
1098 2403 1371 2489 Ἀμφίονι,
1401 2404 1470 2463 τὰ
1500 2405 1552 2463 δ’
1591 2407 1730 2463 ἄλλα

0 2482 11 2538 *i
45 2481 233 2623 ἅλλοιιτς
263 2486 577 2561 πάμπολλα,
617 2485 691 2555 ὥς
725 2491 856 2555 ἔπος
891 2493 1065 2557 εἰπεῖν
1099 2487 1231 2562 χθὲς
1266 2490 1359 2547 καὶ
1401 2488 1599 2562 πρώην
1636 2509 1732 2560 γε·-

6 2591 11 2603 ·
47 2586 152 2637 γον
215 2588 267 2625 α.

190 2654 307 2707 ΑΘ.
332 2645 451 2725 'Ao’
472 2652 644 2727 οἷσθ’,
669 2648 714 2711 ὦ
732 2659 980 2727 Κλεινία,
1004 2652 1107 2713 τὸν
1125 2659 1293 2728 φίλον
1310 2652 1396 2712 ὅτι
1414 2658 1724 2727 παρέλιπες,

43 2731 147 2787 τὸν
163 2729 402 2803 ἀτεχνῶς
416 2734 546 2806 χθὲς
560 2737 896 2810 γενόμενον;

188 2818 303 2870 ΚΛ.
346 2818 492 2873 Μῶν
509 2818 728 2890 φράζεις
752 2818 1125 2893 Ἐπιμενίδην;

1410 2898 1473 2943 5*
