1976 3172
253 134 356 186 356
825 127 1296 177 ΠΛΑΤΩΝΟΣ

254 271 371 323 δεῖν
398 270 554 337 δοκῇ,
586 261 967 335 νομοφύλαξιν
997 259 1538 325 ἐπανακοινώσαντες
1565 263 1656 315 καὶ
1675 259 1931 329 γράψαν-

253 368 342 412 τες
358 345 420 402 τὸ
444 351 652 413 δοκοῦν
682 346 923 401 ἐλλιπεῖν
955 347 1032 408 εἰς
1061 339 1400 411 ἀστυνόμιον
1422 342 1642 397 θέντων
1670 343 1732 396 ἐν
1760 339 1931 411 στήλῃ

252 427 320 484 τά
348 450 406 484 τε
439 434 628 499 πρῶτα
657 427 750 482 καὶ
777 424 844 481 τὰ
879 424 1111 494 δεύτερα
1138 423 1371 479 τεθέντα
1401 420 1617 478 αὐτοῖσι
1646 428 1742 492 τῆς
1764 420 1932 492 ἀρχῆς

254 508 476 580 νόμιμα.
1840 493 1849 503 ’

393 593 460 644 1v
463 633 473 644 .
518 588 817 660 Κιβδήλοις
847 586 899 642 δ’
939 586 1362 658 ἐπιτηδεύμασιν
1393 586 1580 640 ἕπεται
1615 583 1752 640 κατὰ
1787 583 1931 639 πόδα

252 676 552 742 καπηλείας
570 667 994 740 ἐπιτηδεύματα·
1033 668 1235 738 ταύτης
1259 667 1318 723 δὲ
1338 670 1460 738 πέρι
1487 666 1773 737 ξυμπάσης
1791 680 1931 736 συμ-

251 749 466 822 βουλὴν
486 758 708 820 πρῶτον
728 750 920 813 δόντες
940 751 1030 804 καὶ
1043 749 1213 818 λόγον
1232 747 1316 805 ἐπ’
1339 747 1479 820 αὐτῇ
1501 748 1680 818 νόμον
1697 746 1934 815 ’ὕστερον

195 844 228 885 Β
258 830 602 901 ἐπιθώμεθα.
643 833 908 899 καπηλεία
931 828 1038 897 γὰρ
1069 828 1208 883 κατὰ
1236 829 1404 883 πόλιν
1434 835 1583 883 πᾶσα
1605 831 1836 899 γέγονεν
1865 824 1934 881 οὐ

252 914 463 987 βλάβης
481 913 643 968 ἕνεκα
662 910 726 969 τό
746 931 808 981 γε
827 910 965 966 κατὰ
985 910 1178 979 φύσιν,
1197 915 1316 982 ποῒν
1342 909 1403 964 δὲ
1431 907 1785 963 τούναντίον·
1819 914 1936 973 πῶς

250 996 358 1066 γὰρ
379 992 483 1050 οὐκ
502 992 791 1064 εὐεργέτης
808 998 932 1063 πᾶς,
953 988 1014 1057 ὃς
1034 987 1105 1047 ἂν
1118 989 1316 1047 οὐσίαν
1335 990 1631 1061 χρημάτων
1653 987 1936 1057 ὧντινων-

251 1083 359 1133 οῦν
405 1075 758 1148 ἀσύμμετρον
805 1069 984 1130 οὖσαν
1023 1075 1114 1129 καὶ
1138 1071 1457 1145 ’ἀνώμαλον
1502 1070 1718 1144 ὁμαλήν
1754 1093 1814 1128 τε
1846 1074 1937 1128 καὶ

249 1157 570 1230 σύμμετρον
605 1155 996 1228 άπεργάζηται;
1031 1162 1195 1212 τοῦτο
1223 1154 1356 1227 ἡμῖν
1377 1153 1478 1226 χρὴ
1511 1154 1687 1226 φάναι
1716 1155 1807 1209 καὶ
1834 1153 1938 1223 τὴν

249 1247 353 1296 τοῦ
377 1243 713 1311 νομίσματος
742 1235 1151 1309 ἀπεργάζεσθαι
1175 1236 1434 1309 δύναμιν,
1459 1239 1550 1292 καὶ
1568 1235 1667 1292 τὸν
1693 1239 1936 1307 ἔμπορον

249 1323 336 1377 ἐπὶ
370 1321 551 1394 τούτῳ
587 1320 848 1392 τετάχθαι
888 1324 976 1375 δεῖ
999 1321 1198 1390 λέγειν,
1240 1320 1333 1375 καὶ
1361 1315 1643 1390 μισθωτὸς
1671 1318 1763 1372 καὶ
1792 1336 1937 1371 παν-

251 1403 449 1467 δοκεὺς
478 1404 568 1457 καὶ
588 1400 746 1472 ἄλλα,
767 1400 833 1456 τὰ
861 1401 965 1472 μὲν
995 1399 1481 1471 εὐσχημονέστερα,
1507 1399 1574 1454 τὰ
1603 1399 1662 1453 δὲ
1695 1395 1947 1470 ἀσχημο-“

190 1497 222 1539 C
254 1487 481 1554 νέστερα
500 1482 821 1553 γιγνόμενα,
851 1480 1018 1536 τοῦτό
1045 1501 1107 1550 γε
1136 1480 1598 1553 πάνταδύναται,
1624 1484 1791 1533 πᾶσιν
1817 1481 1936 1533 ἐπι-

251 1568 488 1635 κουρίαν
515 1575 631 1628 ταῖς
648 1568 852 1635 χρείαις
879 1565 1196 1632 ἐξευπορεῖν
1225 1563 1315 1617 καὶ
1343 1559 1654 1631 ὁμαλότητα
1689 1569 1806 1623 ταῖς
1836 1557 1937 1615 οὐ·

249 1652 407 1711 σίαις.
447 1651 503 1702 τί
535 1666 666 1700 ποτε
701 1643 764 1716 δὴ
805 1642 866 1699 τὸ
904 1643 977 1714 μὴ
1016 1641 1191 1703 καλὸν
1220 1642 1352 1698 αὐτὰ
1376 1640 1506 1714 μηδ’
1532 1636 1820 1712 ἐὔσχημον
1840 1644 1937 1696 δο-

251 1738 372 1783 κεῖν
392 1725 551 1796 εἶναι,
571 1729 662 1782 καὶ
681 1730 737 1782 τί
755 1723 815 1782 τό
842 1725 1202 1798 διαβεβληκὸς
1222 1725 1499 1797 τυγχάνει,
1531 1728 1754 1795 ἴδωμεν,
1786 1722 1859 1779 ἵν’
1890 1728 1941 1780 εἰ

252 1810 325 1880 μή
360 1811 451 1864 καὶ
487 1807 548 1863 τό
593 1806 758 1878 ὅλον,
796 1806 922 1864 ἀλλ’
961 1803 1069 1864 οὖν
1103 1811 1239 1880 μέρη
1275 1830 1338 1879 γε
1378 1805 1723 1877 ἐξιασώμεθα
1759 1805 1935 1878 νόμῳ.

250 1888 456 1962 πρᾶγμ’
481 1887 627 1960 ἔσθ’,
649 1887 722 1955 ὡς
748 1893 944 1959 ἔοικεν,
975 1886 1043 1945 οὐ
1065 1895 1303 1960 φαῦλον,
1335 1887 1466 1945 οὐδὲ
1487 1894 1719 1959 σμικρᾶς
1742 1886 1935 1956 δεόμε-

249 1992 354 2027 νον
373 1968 583 2043 ἀρετῆς.

389 2057 508 2108 ΚΛ.
545 2057 675 2115 Πῶς
700 2051 902 2121 λέγεις;

390 2139 510 2188 ΑΘ.
541 2125 607 2188 Ὦ
638 2138 765 2203 φίλε
789 2135 1036 2202 Κλεινία,
1069 2130 1303 2203 σμικρὸν
1321 2134 1480 2203 γένος
1497 2129 1820 2204 ἀνθρώπων
1846 2135 1938 2188 καὶ

249 2215 420 2285 φύσει
456 2213 650 2286 ὀλίγον
686 2216 778 2270 καὶ
815 2213 960 2288 ἄκρα
1005 2221 1189 2286 τροφῇ
1225 2215 1639 2285 τεθραμμένον,
1689 2212 1825 2270 ὅταν
1863 2219 1938 2279 εἰς

184 2316 219 2355 D
252 2298 436 2366 χρείας
462 2316 522 2349 τε
551 2296 645 2349 καὶ
673 2297 972 2365 ἐπιθυμίας
999 2302 1171 2351 τινῶν
1197 2297 1451 2367 ἐμπίπτῃ,
1482 2307 1768 2366 καρτερεῖν
1799 2296 1937 2364 πρὸς

250 2376 312 2433 τὸ
351 2380 574 2446 μέτριον
603 2375 847 2430 δυνατόν
882 2379 1011 2444 ἐστι,
1045 2378 1136 2431 καὶ
1175 2374 1311 2430 ὅταν
1336 2379 1430 2445 ἐξῇ
1463 2376 1711 2445 χρήματα
1747 2380 1935 2446 λαβεῖν

251 2456 447 2526 πολλά,
476 2455 642 2526 νήφει
674 2456 768 2511 καὶ
794 2455 1068 2526 πρότερον
1097 2458 1327 2523 αἱρεῖται
1361 2461 1465 2510 τοῦ
1494 2462 1707 2511 πολλοῦ
1738 2455 1800 2511 τὸ
1832 2463 1935 2512 τοῦ

251 2541 455 2609 μέτρου
474 2536 764 2608 ἐχόμενον*
801 2537 868 2593 τοὶ
890 2536 949 2591 δὲ
970 2542 1084 2592 τῶν
1102 2533 1426 2605 ἀνθρώπων
1450 2538 1640 2607 πλήθη
1671 2542 1786 2593 πάν
1804 2536 1931 2593 τού-

252 2623 482 2675 ναντίον
501 2624 608 2688 ἔχει
625 2617 858 2689 τούτοις,
883 2616 1119 2691 δεόμενά
1137 2638 1195 2673 τε
1225 2614 1469 2688 ἀμέτρως
1498 2622 1667 2674 δεῖται
1697 2620 1789 2675 καὶ
1811 2619 1935 2685 ἐξὸν

253 2706 565 2771 κερδαίνειν
601 2701 667 2756 τὰ
699 2705 891 2773 μέτρια
920 2698 1208 2771 ἀπλήστως
1227 2703 1455 2771 αἱρεῖται
1483 2705 1812 2772 κερδαίνειν,
1845 2699 1928 2755 διὸ

253 2782 431 2840 πάντα
461 2783 528 2838 τὰ
563 2785 687 2853 περὶ
715 2781 818 2853 τὴν
851 2786 1152 2854 καπηλείαν
1184 2782 1274 2837 καὶ
1305 2783 1577 2854 ἐμπορίαν
1601 2785 1691 2838 καὶ
1720 2785 1932 2839 πανδο-
1967 2787 1976 2795 “
