1976 3172
265 120 370 173 380
559 161 584 167 ,
886 121 1359 170 ΠΛΑΤΩΝΟΣ

150 270 235 317 937
264 259 466 312 εἰδέναι
484 257 919 313 ἀπαλλαττέσθω
937 258 1033 325 τῆς
1057 257 1211 324 δίκης
1224 274 1235 285 ·
1269 252 1298 308 ὁ
1318 251 1370 309 δ’
1393 258 1468 319 εἰς
1488 262 1798 326 μαρτυρίαν
1815 263 1946 328 κλη-

262 343 400 409 θείς,
419 337 492 410 μὴ
514 336 780 394 ἀπαντῶν
799 339 859 393 δὲ
887 342 966 409 τῷ
989 339 1361 409 καλεσαμένῳ,
1390 340 1488 407 τῆς
1515 336 1725 409 βλάβης
1751 336 1952 395 ὑπόδι-

263 440 359 484 κος
378 422 516 475 ἔστω
535 418 674 475 κατὰ
692 418 887 489 νόμον.
925 414 1026 473 ἐάν
1045 418 1108 472 δέ
1125 421 1205 482 τίς
1233 438 1356 472 τινα
1385 417 1677 484 δικάζοντα
1708 416 1951 490 ἀναστή-

265 518 424 572 σηται
442 500 715 571 μάρτυρα,
737 497 1092 570 μαρτυρήσας
1109 497 1182 568 μὴ
1214 500 1632 570 διαψηφιζέσθω
1660 501 1786 571 περὶ
1813 500 1952 555 ταύ-

263 604 359 653 της
378 588 474 653 τῆς
492 585 658 653 δίκης.
697 582 919 651 γυναικὶ
938 577 989 634 δ’
1017 580 1209 644 ἐξέστω
1240 580 1511 652 ἐλευθέρα
1536 589 1838 651 μαρτυρεῖν
1862 581 1954 635 καὶ

264 675 618 735 συνηγορεῖν,
639 661 740 719 ἐὰν
757 660 901 732 ὑπὲρ
930 660 1334 730 τετταράκοντα
1364 665 1456 732 ἔτη
1483 654 1522 733 ᾗ
1550 672 1831 732 γεγονυῖα,
1863 663 1954 716 καὶ

265 748 425 815 δίκην
446 745 757 814 λαγχάνειν,
780 743 878 797 ἐὰν
895 741 1175 813 ἄνανδρος
1203 737 1266 814 ᾗ·
1305 746 1507 808 ζωντος
1526 742 1586 798 δὲ
1613 740 1821 814 ἀνδρὸς
1839 743 1954 808 ἐξεῖ-

264 843 375 880 στω
413 830 759 903 μαρτυρῆσαι
794 821 987 892 μόνον.
1028 822 1203 892 δούλῃ
1241 824 1301 876 δὲ
1337 825 1430 877 καὶ
1464 823 1650 897 δούλω
1679 825 1772 880 καὶ
1800 825 1954 879 παιδὶ

199 924 231 965 Β
264 907 448 979 φόνου
476 905 656 976 μόνον
683 906 878 970 ἐξέστω
897 913 1200 974 μαρτυρεῖν
1225 902 1318 957 καὶ
1352 915 1701 1005 συνηγορεῖν,
1733 904 1832 962 ἐὰν
1862 909 1953 974 ἐγ-

261 986 476 1092 γυητὴν
504 983 804 1057 ἀξιόχρεων
834 988 869 1055 ἡ
900 984 1012 1055 μὴν
1040 995 1228 1055 μενεῖν
1256 984 1573 1056 καταστήσῃ
1600 985 1757 1056 μέχρι
1779 987 1952 1058 δίκης,

263 1070 362 1127 ἐὰν
386 1073 708 1140 ἐπισκηφθῇ
733 1065 800 1123 τά
821 1069 999 1138 ψευδῆ
1022 1072 1386 1138 μαρτυρήσαι.
1438 1066 1873 1138 ἐπισκήπτεσθαι
1893 1072 1976 1125 δὲ’

262 1174 376 1208 των
395 1150 742 1206 ἀντιδίκων
713 1148 980 1220 εκάτερον
998 1146 1101 1220 ὅλῃ
1128 1153 1197 1219 τῇ
1228 1155 1506 1220 μαρτυρίᾳ
1535 1149 1628 1204 καὶ
1655 1151 1825 1219 μέρει,
1855 1146 1956 1204 ἐὰν

261 1231 328 1289 τὰ
347 1235 528 1305 ψευδῆ
550 1238 632 1304 φῇ
649 1228 771 1287 τινὰ
791 1230 1291 1302 μεμαρτυρηκέναι,
1311 1230 1444 1299 πρὶν
1466 1226 1569 1300 τὴν
1592 1231 1956 1301 δίκηνιδιακε-

262 1320 494 1386 κρίσθαι
507 1335 518 1347 ·
550 1311 648 1378 τὰς
666 1309 718 1367 δ’
741 1311 1064 1382 ἐπισκήψεις
1080 1308 1178 1374 τάς
1197 1307 1368 1380 ἀρχὰς
1398 1310 1702 1380 φυλάττειν
1719 1327 1955 1366 κατασε-

265 1398 618 1468 σημασμένας
637 1391 739 1448 ὑπ’
759 1391 987 1464 ἀμφοῖν,
1009 1393 1101 1447 καὶ
1118 1393 1378 1461 παρέχειν
1399 1395 1476 1455 εἰς
1493 1390 1598 1462 τὴν
1613 1395 1728 1446 τῶν
1743 1395 1952 1458 ψευδο-

203 1497 237 1541 0
265 1483 589 1551 μαρτυριῶν
609 1474 902 1546 διάκρισιν.
921 1471 1022 1528 ἐὰν
1041 1475 1102 1526 δέ
1119 1493 1199 1536 τις
1219 1469 1337 1544 ἁλῷ
1355 1474 1437 1537 δὶς
1456 1475 1951 1545 ψευδομαρτυρῶν,

243 1566 465 1616 ’τοῦτον
495 1561 685 1630 μηκέτι
715 1556 889 1626 νόμος
913 1552 1262 1623 ἀναγκαζέτω
1290 1555 1478 1624 μηδεὶς
1505 1563 1825 1625 μαρτυρεῖν,
1855 1555 1962 1609 ἐὰν.

264 1641 324 1698 δὲ
341 1645 473 1714 τρίς,
491 1634 682 1712 μηκέτ’
713 1639 906 1702 ἐξέστω
925 1635 1104 1708 τούτῳ
1124 1645 1427 1707 μαρτυρεῖν
1443 1657 1455 1669 ·
1494 1632 1594 1690 ἐὰν
1623 1636 1682 1690 δὲ
1708 1634 1956 1707 τολμήσῃ

246 1726 612 1795 ’μαρτυρῆσαι
641 1721 757 1788 τρὶς
781 1717 1052 1789 ἑαλωκώς,
1073 1715 1410 1774 ἐνδεικνύτω
1437 1716 1540 1789 μὲν
1569 1715 1707 1790 πρὸς
1729 1715 1831 1789 τὴν
1850 1714 1955 1786 ἀρ·-

262 1803 365 1875 χὴν
403 1801 432 1857 ὁ
469 1801 812 1874 βουλόμενος
843 1797 1035 1869 αὐτόν,
1065 1797 1100 1870 ἡ
1140 1797 1192 1854 δ’
1235 1797 1370 1871 ἀρχὴ
1403 1802 1733 1872 δικαστηρίω
1770 1818 1954 1869 παρα-

264 1884 427 1954 δότω,
466 1883 565 1939 ἐάν
602 1884 662 1939 δὲ
699 1882 866 1954 ὄφλῃ,
890 1880 1121 1955 θανάτῳ
1155 1881 1492 1953 ζημιούσθω.
1528 1877 1755 1936 ὁπόσων
1795 1877 1848 1935 δ’
1881 1876 1954 1935 ἂν

260 1968 559 2038 μαρτυρίαι
576 1961 749 2020 ἁλῶσι
770 1967 913 2036 δίκῃ,
928 1966 1109 2034 ψευδῆ
1129 1961 1410 2029 δοξάντων
1428 1971 1730 2034 μαρτυρεῖν
1741 1961 1832 2016 καὶ
1849 1959 1976 2032 τήν-

259 2054 424 2118 νίκην
461 2052 540 2121 τῷ
562 2045 757 2116 Χὲλόντι
794 2048 1167 2117 πεποιηκέναι,
1214 2042 1314 2100 ἐὰν
1353 2049 1467 2100 τῶν
1509 2042 1780 2099 τοιούτων
1812 2038 1976 2109 ὑπὲρ·

194 2154 229 2194 D
260 2130 430 2201 ἥμισυ
449 2135 771 2200 μαρτυριῶν
787 2132 1244 2202 καταδικασθώσί
1264 2148 1427 2198 τινες,
1457 2124 1560 2197 τὴν
1589 2123 1727 2182 κατὰ
1754 2122 1976 2189 ταύταςῆ·

263 2210 514 2267 ἁλοῦσαν
534 2215 696 2282 δίκην
713 2209 984 2267 ἀνάδικον
1002 2216 1315 2282 γίγνεσθαι,
1349 2207 1764 2282 ἀμφισβήτησιν
1791 2205 1845 2263 δ’
1877 2205 1957 2263 εἷ-

262 2315 356 2349 ναι
375 2294 468 2348 καὶ
488 2296 856 2364 διαδικασίαν,
878 2301 984 2349 εἴτε
1004 2293 1143 2349 κατὰ
1161 2293 1365 2357 ταύτας
1383 2299 1489 2347 εἴτε
1507 2289 1582 2361 μὴ
1601 2287 1636 2360 ἡ
1665 2293 1790 2358 δίκη
1806 2290 1959 2358 ἐκρί-

261 2383 359 2446 θη,
382 2372 660 2445 ὁποτέρως
690 2372 743 2427 δ’
776 2370 850 2428 ἀν
868 2379 1060 2444 κριθῇ,
1079 2373 1254 2443 ταύτῃ
1270 2374 1549 2442 γιγνέσθω
1569 2369 1630 2424 τὸ
1658 2372 1813 2442 τέλος
1840 2371 1954 2423 τῶν

263 2461 587 2529 ἔμπροσθεν
608 2458 800 2510 δικῶν.
1960 2498 1963 2503 .

403 2542 511 2593 XV.
547 2541 788 2592 Πολλων
802 2533 901 2592 δέ’
882 2534 1063 2592 όντων
1084 2536 1175 2591 καὶ
1194 2538 1386 2591 καλῶν
1406 2537 1466 2590 ἐν
1486 2554 1561 2606 τω
1587 2554 1702 2588 των
1720 2530 1976 2604 ἀνθρώ-3,

263 2639 387 2676 πων
404 2623 527 2695 βίω,
546 2629 660 2683 τοῖς
688 2622 961 2684 πλείστοις
987 2638 1175 2673 αυτων
1193 2611 1314 2672 οἷον
1333 2621 1498 2687 κῆρες
1526 2611 1953 2685 ἐπιπεφύκασιν,

265 2706 325 2757 αἳ
339 2705 766 2772 καταμιαίνουσί
778 2722 838 2756 τε
864 2702 957 2757 καὶ
975 2703 1525 2771 καταρρυπαίνουσιν
1555 2693 1726 2752 αὐτά·
1765 2697 1857 2751 καὶ
1884 2692 1976 2791 δη

202 2802 237 2842 Ε
270 2784 360 2840 καὶ
378 2785 553 2855 δίκη’
526 2805 588 2840 εν
607 2781 930 2855 ἀνθρωποις
946 2788 1062 2847 πῶς
1078 2779 1148 2836 οὐ
1166 2778 1358 2851 καλόν,
1380 2776 1411 2833 ὂ
1422 2779 1603 2834 πάντα
1619 2775 1867 2848 ἡμέρωκε
1885 2774 1976 2851 τάξ
