1976 3172
110 106 170 134 x11
813 91 1200 143 PRAERATIO.

106 208 244 247 καῖον
278 207 448 260 proprie
491 203 547 243 ad
584 204 861 246 'duodecimae
891 206 1026 258 partis
1066 207 1391 247 destinationem
1420 207 1649 259 pertineat,
1691 222 1798 261 quae
1842 224 1895 251 ex

110 266 189 305 hac
216 265 312 316 ipsa
340 275 387 302 re
418 261 653 315 colligitur,
686 263 802 314 quod
829 262 1052 304 multitudo
1083 265 1268 317 negotiis
1303 264 1524 318 diligenter
1552 265 1898 308 administrandis

110 323 252 374 inepta
280 320 349 362 sit.
405 318 622 360 Contrario
655 320 781 361 modo
813 326 1032 373 peccatum
1061 326 1123 360 est
1147 333 1190 373 p.
1223 320 1309 363 759
1337 320 1392 370 Β,
1426 321 1500 362 ubi
1530 317 1705 361 τούτων
1738 319 1788 363 δὲ
1818 337 1896 377 pro

109 371 169 429 δὴ
206 378 428 417 restituere
464 388 550 416 non
584 377 795 426 dubitavi3
835 389 914 418 nec
944 389 988 430 p.
1026 376 1111 419 759
1141 379 1175 417 E
1210 379 1296 418 leni
1338 378 1505 420 medela
1537 380 1900 432 προσαιρεῖσθαι

108 447 186 488 pro
220 431 558 487 προαιρεῖσθαι
583 435 766 476 scribere
795 434 935 482 nolui,
969 436 1068 486 quia
1098 435 1151 474 de
1171 435 1358 488 collegio
1383 449 1461 489 per
1490 437 1640 477 vicarii
1669 439 1900 490 cooptatio-

108 504 205 534 nem
236 491 502 544 supplendo,
544 504 630 532 non
662 493 714 532 de
748 493 1027 546 praeferendo
1059 491 1224 532 homini
1252 492 1425 534 homine
1455 494 1611 547 agitur.
1650 516 1704 524 —
1734 496 1784 541 P,
1816 494 1901 536 760

110 562 165 590 ex
190 549 402 590 veteribus
432 549 597 590 duabus
628 550 881 602 conjecturis
911 550 1018 589 meis
1051 549 1250 598 alteram,
1283 562 1367 601 qua
1396 541 1632 602 ἐξηγητῶν
1660 563 1738 604 pro
1765 562 1902 603 στρα-

108 604 263 659 τηγῶν
301 606 530 660 legendum
565 618 742 657 censeo,
779 607 873 647 aliis
910 606 1230 658 dijudicandam
1269 605 1490 658 relinquo,
1528 606 1702 648 alteram
1742 615 1900 658 autem,

110 676 219 716 quae
251 656 580 716 φρουράρχους
609 677 686 717 pro
719 655 975 716 φυλάρχοις
1004 663 1212 712 restituit,
1244 662 1422 704 fidenter
1447 665 1491 703 in
1523 665 1714 704 ordinem
1744 667 1900 718 recepi,

100 722 208 773 'quia
251 722 312 761 sic
348 721 567 762 Platonem
603 722 824 776 scripsisse
853 733 939 761 non
980 734 1034 761 ex
1066 722 1160 774 ipso
1200 726 1364 761 tantum
1398 722 1703 761 sententiarum
1743 727 1902 770 tenore,

109 779 187 819 sed
217 780 345 819 etiam
378 792 431 820 ex
454 778 486 819 l.
515 780 625 820 VIII.
658 793 697 821 c.
730 777 759 820 9
792 779 948 826 elucet,
978 779 1050 818 ubi
1084 779 1215 818 iidem
1242 778 1439 819 homines
1471 778 1582 819 clare
1612 771 1903 832 φρούραρχοι

108 848 134 876 a
166 835 403 889 penarum-3
443 836 624 888 denique
653 827 1079 889 ἐνοικοδομήμασιν
1108 848 1192 876 uno
1222 835 1428 877 vocabulo
1459 837 1701 878 continuavi
1737 849 1815 889 pro
1851 828 1902 889 ἐν

109 848 509 961 οἴκοδομήμασινι
550 895 624 934 ubi
662 894 989 948 praepositionis
1029 895 1095 934 vis
1132 905 1217 934 non
1255 899 1452 946 apparet;
1499 885 1904 946 ἐνοικοδομήματα

109 958 251 991 autem
283 958 402 1002 sunt,
437 953 592 1003 quibus
626 952 819 992 introitus
848 952 1076 992 obstruitur
1104 951 1196 1001 vel,
1227 956 1275 991 ut
1304 951 1443 992 Latini
1468 953 1630 1004 passim
1659 951 1902 1002 loquuntur,

107 1008 425 1061 inaedificatur3
465 1009 522 1050 cf.
555 1009 717 1050 Anecd.
745 1009 981 1050 Hemsterh.
1013 1021 1057 1062 p.
1091 1007 1191 1051 249.
1231 1028 1290 1039 -—
1328 1010 1376 1050 P.
1407 1008 1487 1050 761
1525 1008 1556 1049 G
1589 1002 1801 1062 ὑδρείαις
1832 1007 1903 1048 VS

109 1078 207 1106 cum
240 1066 364 1106 codd.
393 1066 610 1119 plurimis,
644 1059 835 1119 ὑδρείας
859 1067 927 1106 ΒΤ
955 1066 1072 1106 haud
1102 1066 1236 1118 male,
1267 1066 1394 1106 modo
1425 1079 1526 1107 mox
1554 1063 1647 1105 εἴτε
1679 1079 1756 1119 pro
1785 1062 1835 1104 εἴ
1859 1077 1904 1103 τι

106 1122 196 1177 legi
226 1122 393 1169 liceret;
425 1134 538 1163 nunc
567 1129 709 1162 tamen
738 1123 953 1175 vulgatam
980 1122 1178 1175 praetuli.
1207 1144 1265 1151 -
1296 1123 1343 1165 P.
1376 1121 1460 1162 763
1494 1122 1524 1162 G
1549 1116 1831 1174 α’γρονόμοις
1857 1131 1903 1159 τε

107 1181 147 1219 V
183 1191 279 1219 cum
308 1180 448 1227 libris,
481 1172 763 1231 α’γρονόμοις
792 1190 842 1231 γε
871 1178 959 1228 BS,
991 1171 1272 1234 ἀγρονόμοις
1301 1178 1335 1218 Τ
1362 1190 1459 1219 cum
1492 1179 1614 1220 Astio
1647 1179 1701 1220 ad
1734 1190 1904 1218 sensum

106 1237 354 1289 verissime,
388 1237 488 1287 quia
517 1237 643 1276 etiam
672 1247 723 1289 ys
751 1237 826 1278 vix
857 1242 1004 1289 aptum
1033 1242 1122 1283 est3
1152 1235 1285 1276 malui
1314 1241 1455 1276 tamen
1482 1246 1532 1274 τε
1563 1236 1905 1276 circumscribere
1932 1264 1941 1273 s

109 1305 235 1346 quam
269 1294 505 1335 exturbare.
543 1309 622 1324 —·
640 1294 689 1336 P.
724 1293 811 1335 764
843 1294 884 1334 A
919 1291 983 1349 τῷ
1009 1285 1210 1349 τετάρτῳ
1239 1292 1272 1332 Ρ
1303 1304 1399 1332 cum
1430 1291 1551 1332 libris
1580 1292 1800 1345 plurimis,
1835 1302 1904 1330 τε-

107 1345 259 1406 τάρτῳ
290 1349 456 1402 VBST;
492 1356 535 1391 at
571 1351 795 1391 articulum
833 1351 1018 1391 tuebitur
1048 1351 1156 1393 Tim.
1191 1363 1235 1404 p.
1267 1349 1323 1391 35
1354 1350 1411 1403 B,
1451 1350 1526 1390 ubi
1564 1351 1723 1401 pariter
1755 1360 1903 1388 nume-

107 1407 267 1449 ralibus
294 1409 422 1449 modo
447 1408 625 1451 additur
651 1408 777 1448 modo
809 1409 1015 1458 demitur;
1048 1409 1158 1449 adde
1185 1400 1237 1447 τὸ
1266 1403 1488 1457 τέταρτον
1511 1411 1608 1459 post
1637 1402 1796 1457 τρίτον
1826 1405 1903 1445 inf.

107 1479 151 1520 p.
186 1467 271 1507 774
300 1467 340 1507 A
372 1472 412 1506 et
448 1463 532 1505 τοῦ
563 1461 785 1518 τετάρτου
815 1473 915 1519 post
942 1463 1102 1517 τρίτου
1127 1466 1156 1506 l.
1189 1464 1262 1508 IX.
1295 1475 1339 1516 p.
1370 1463 1456 1506 880
1483 1462 1534 1508 D.
1574 1485 1634 1493 —
1653 1464 1718 1506 ⁴P.
1755 1461 1840 1504 764
1869 1461 1904 1501 D

107 1515 352 1575 οἷσκήσεων
382 1523 444 1572 H,
485 1515 712 1575 οἰκήσεων
748 1523 867 1572 libri,
910 1523 1023 1575 quod
1059 1535 1145 1563 non
1184 1522 1365 1563 arbitror
1405 1521 1504 1562 inde
1546 1519 1720 1561 defendi
1759 1531 1904 1572 posse,

111 1582 227 1633 quod
253 1581 464 1623 interdum
492 1582 617 1634 pueri
643 1587 684 1622 et
709 1580 897 1635 puellae,
924 1581 1076 1632 quibus
1099 1581 1143 1620 in
1164 1579 1306 1620 choris
1331 1578 1588 1619 cantandum
1613 1577 1904 1618 saltandumve

109 1645 247 1688 esset,
281 1638 504 1680 exercendi
524 1651 652 1680 causa
679 1640 723 1679 in
743 1638 855 1679 fanis
883 1638 1156 1686 habitabant;
1187 1637 1270 1678 hoc
1301 1637 1414 1677 enim
1442 1627 1733 1687 ad‘oiymvlav
1762 1635 1906 1687 potius

110 1708 239 1748 quam
274 1697 331 1737 ad
363 1693 587 1736 παιδείαν
616 1697 866 1750 pertineret;
904 1696 1105 1736 substitui
1134 1696 1290 1749 igitur,
1324 1694 1439 1745 quod
1465 1694 1605 1746 ipsam
1636 1692 1906 1745 disciplinam

109 1753 346 1807 significet,
385 1766 515 1805 quum
551 1749 792 1806 φοιτήσεις
831 1754 887 1795 ad
927 1753 1220 1794 assiduitatem
1264 1753 1408 1804 potius
1448 1757 1489 1791 et
1524 1750 1823 1792 verecundiam
1862 1749 1907 1787 in

110 1811 319 1852 adeundis
347 1811 567 1865 magistris
597 1819 791 1866 spectare
818 1812 1057 1854 videantur.
1095 1833 1154 1839 —
1183 1811 1230 1851 P.
1260 1810 1345 1852 765
1373 1808 1405 1850 C
1431 1805 1525 1848 τῶν
1559 1814 1659 1862 post
1687 1799 1906 1859 λαχόντες

110 1869 445 1922 circumscripsi,
477 1870 577 1920 quia
606 1882 690 1910 non
720 1870 823 1910 certi
854 1868 1070 1921 homines,
1102 1867 1180 1908 sed
1207 1868 1304 1920 ipsa
1333 1867 1538 1908 sortiendi
1567 1867 1675 1906 ratio
1706 1863 1906 1905 describi-

109 1933 199 1974 tur,
233 1938 360 1977 quam
386 1924 638 1967 electionem
669 1926 927 1981 praecedere
957 1936 1131 1965 necesse
1161 1925 1238 1973 sit;
1270 1936 1349 1965 nec
1371 1937 1416 1977 p.
1450 1923 1536 1965 766
1565 1923 1604 1962 Α
1633 1922 1780 1962 dubito
1807 1921 1908 1971 quin

110 1976 367 2035 αἱρεθῆναι
407 1995 566 2035 pravae
597 1990 762 2024 tantum
797 1983 1124 2037 interpunctioni
1165 1981 1371 2035 originem
1405 1981 1579 2029 debeat,
1619 1991 1704 2030 qua
1741 1974 1907 2016 τοῦτον

110 2032 230 2080 κατὰ
264 2033 468 2092 δύναμιν
510 2052 554 2085 κ.
591 2053 633 2084 τ.
669 2041 709 2082 λ.
743 2042 795 2082 ab
829 2039 1173 2082 antecedentibus
1214 2039 1403 2092 separari
1441 2037 1647 2078 solebant.
1710 2033 1908 2076 Difficilis

109 2105 253 2139 tamen
290 2098 355 2137 vel
394 2099 456 2137 sic
490 2104 702 2139 structura
741 2099 964 2148 manebat,
1009 2097 1110 2148 quia
1139 2088 1434 2136 καθιστάντα
1476 2095 1533 2135 ad
1566 2086 1649 2132 τὸν
1685 2088 1910 2143 μέλλοντα

111 2148 473 2207 ἐπιμελήσεσθαι
513 2156 724 2206 pertinere
762 2167 848 2195 non
890 2161 1052 2207 potest,
1104 2156 1262 2206 quippe
1297 2164 1404 2204 quae
1443 2152 1611 2204 adjecto
1652 2143 1910 2202 αἴρεθῆναι

111 2226 198 2254 non
237 2212 381 2266 legum
412 2211 612 2260 latorem,
651 2213 728 2252 sed
756 2213 896 2263 ipsum
923 2212 1185 2252 educationis
1214 2210 1479 2263 praefectum
1513 2207 1771 2262 significent;
1804 2205 1911 2245 mihi

112 2283 215 2311 vero
245 2261 270 2309 ὃ
300 2263 477 2320 μέλλων
499 2261 864 2320 ἐπιμελήσεσθαι
891 2280 976 2308 non
1002 2268 1111 2307 alius
1142 2279 1236 2307 esse
1262 2267 1430 2307 videtur
1456 2271 1580 2315 atque
1609 2256 1634 2301 ὁ
1662 2257 1909 2314 καθιστάς,

112 2328 314 2368 nimirum
345 2322 634 2379 νομοθέτης,
667 2326 742 2377 qui
771 2337 902 2376 quum
931 2336 1017 2363 non
1050 2324 1256 2376 eligatur,
1288 2323 1364 2363 sed
1395 2321 1548 2375 eligat,
1582 2320 1752 2360 excluso
1785 2312 1909 2371 αἰρε-

113 2383 265 2437 θῆναι
289 2384 453 2435 reliqua
482 2385 636 2424 arctius
698 2383 825 2424 ariter
853 2395 903 2422 ac
930 2379 1166 2433 simplicius
1193 2381 1256 2420 sic
1276 2380 1434 2433 jungo:
1468 2375 1654 2431 πρῶτον
1687 2371 1737 2417 δὲ
1761 2369 1910 2440 χρεών

116 2435 198 2484 τὸν
229 2435 454 2495 μέλλοντα
481 2431 636 2480 αὐτῶν
689 2433 1029 2492 πιμελήσεσθαι
1058 2434 1210 2483 καλῶς
1236 2426 1475 2490 ἄρξασθαι
1505 2427 1800 2475 καθιστάντα
1829 2445 1909 2472 αυ-

78 2501 80 2503 ’
115 2501 215 2546 τοῖς
256 2492 524 2552 προστάτην
566 2493 648 2538 καὶ
684 2489 964 2564 ἐπιμελητὴν
1005 2487 1123 2536 κατὰ
1160 2489 1363 2547 δύναμιν
1404 2485 1477 2534 ὅτι
1513 2485 1709 2558 μάλιστα
1743 2489 1910 2531 τοῦτον

116 2555 207 2598 τῶν
239 2549 291 2598 ἐν
315 2555 370 2610 τῇ
401 2550 531 2597 πόλει
561 2546 612 2602 ὃς
644 2545 704 2596 ἂν
733 2557 919 2608 αριστος
950 2548 1016 2600 εἰς
1047 2549 1203 2593 πάντα
1229 2540 1275 2607 ᾖ.
1304 2572 1364 2583 ·—
1394 2553 1440 2593 P.
1467 2550 1551 2593 769
1583 2550 1613 2591 C
1641 2542 1693 2596 ὀς
1723 2562 1799 2604 pro
1827 2546 1910 2588 τοῦ

117 2609 419 2668 ἐπανορθοῦν
446 2615 588 2655 Herm.
629 2619 866 2654 structurae
902 2611 1216 2652 concinnandae
1248 2621 1400 2659 causa,
1432 2621 1539 2660 quae
1571 2608 1810 2660 subjectum
1841 2618 1909 2646 re-

119 2674 269 2725 quirit,
299 2673 414 2713 unde
443 2684 545 2713 mox
567 2663 666 2718 οἷός
694 2682 743 2711 τε
768 2663 898 2710 ἔσται
924 2670 1129 2723 pendeat;
1163 2668 1363 2720 deinceps
1390 2672 1530 2707 autem
1549 2660 1807 2718 παραμένει
1831 2675 1908 2715 pro

120 2730 387 2782 παραμενεῖ
410 2743 463 2770 ex
490 2730 610 2770 libris
641 2729 860 2776 revocavi,
887 2729 987 2778 quia
1011 2728 1152 2767 statim
1181 2725 1233 2766 ab
1261 2726 1382 2765 initio
1414 2737 1461 2765 ea
1488 2724 1629 2777 operis
1657 2728 1806 2763 natura
1832 2725 1910 2767 est,

118 2795 166 2827 ut
194 2789 312 2829 brevi
341 2794 532 2841 tempore
554 2793 738 2827 maneat.
760 2809 819 2816 —
839 2785 884 2828 P.
911 2786 996 2825 774
1017 2785 1050 2825 Β
1081 2780 1194 2824 πᾶσι
1223 2783 1286 2833 Η,
1320 2779 1412 2828 πᾶς
1433 2781 1528 2822 libri
1559 2791 1731 2834 prorsus
1761 2777 1910 2823 otiose,

122 2847 222 2896 quia
251 2852 401 2899 sponte
437 2843 709 2898 intelligitur,
752 2845 790 2884 si
820 2848 1018 2895 quaestor
1051 2841 1251 2883 mulctam
1289 2841 1461 2893 exigere
1494 2840 1669 2892 ejusque
1705 2835 1910 2875 rationem
