1976 3172
211 153 280 204 92
654 129 659 139 ¹
830 157 1307 206 ΠΛΑΤΩΝΘΣ

210 277 422 345 ναικῶν
439 311 498 345 τε
517 290 609 346 καὶ
641 285 929 360 εὐνούχων
957 293 1361 354 παιδευθέντας
1389 288 1567 346 αὑτοῦ
1592 291 1723 359 τούς
1742 277 1894 366 υιεῖς,

151 385 183 424 Β
214 368 354 426 ὅθεν
391 373 647 442 ἐγένοντο
680 373 832 436 οἴους
869 365 956 442 ἦν
977 371 1182 437 αὐτοὺς
1218 371 1364 436 εἰκὸς
1394 376 1676 445 γενέσθαι,
1714 383 1897 448 τροφῇ

207 450 596 527 ἀνεπιπλήκτῳ
617 455 943 525 τραφέντας.
982 451 1397 526 παραλαβόντες
1419 452 1470 509 δ’
1503 451 1609 511 οὖν
1630 459 1686 512 οἰ
1709 461 1898 522 παῖδες

206 534 634 606 τελευτήσαντος
666 535 868 606 Κύρου
896 541 1111 607 τρυφῆς
1146 537 1333 606 μεστοὶ
1368 538 1460 592 καὶ
1490 534 1894 609 ἀνεπιπληξίας,
1973 550 1976 554 ’

203 622 430 685 πρῶτον
450 619 552 687 μεν
579 615 679 672 τὸν
699 618 888 688 ε’τερον
914 615 1108 688 ἅτερος
1138 613 1423 674 ἀπέκτεινε
1450 624 1530 691 τῷ
1555 626 1656 693 ἰσῳ
1686 617 1898 689 ἀγανα-

206 701 374 767 κτῶν,
395 720 530 769 μετα
551 699 610 755 δε
627 705 792 755 τοῦτο
814 697 982 764 αὐτὸς
1011 698 1342 770 μαινόμενος
1371 698 1479 756 ὑπὸ
1513 703 1689 772 μέθης
1718 723 1777 756 τε
1806 702 1896 756 καὶ

155 847 161 857 .
207 776 566 845 ἀπαιδευσίας
583 778 688 851 τὴν
710 780 888 852 ἀρχὴν
907 778 1192 854 απώλεσεν
1210 778 1319 859 ὑπρ
1347 780 1569 852 Μήδων
1592 803 1648 837 τε
1676 783 1768 837 καὶ
1795 789 1896 836 τοῦ

206 863 512 930 λεγομένου
532 860 658 916 τότε
678 859 970 931 εὐνούχου,
991 847 1521 934 καταφρονήσαντος
1544 870 1642 935 τῆς
1660 862 1897 934 Καμβύ-

206 956 310 996 σου
336 946 561 1012 μωρίας.

115 1034 173 1076 'G
345 1028 465 1079 KA.
503 1026 737 1093 Λέγεται
767 1021 834 1169 δὴ
869 1023 1044 1079 ταῦτα
1081 1045 1164 1094 γε,
1201 1028 1293 1080 καὶ
1332 1029 1473 1081 ἔοικε
1512 1024 1712 1096 σχεδὸν
1749 1023 1895 1093 οὕτω

204 1124 321 1171 πως
349 1127 652 1176 γεγονεναι.

344 1194 464 1244 ΛΘ
502 1191 613 1243 Καὶ
632 1185 746 1259 μὴν
761 1190 853 1243 καὶ
871 1187 1041 1244 πάλιν
1061 1191 1138 1253 εἰς
1155 1191 1373 1257 Πέρσας
1393 1191 1580 1245 ἐλθειν
1597 1187 1700 1259 τὴν
1718 1186 1894 1260 ἀρχὴν

204 1268 294 1325 διὰ
314 1274 565 1342 Δαρείου
583 1272 676 1325 καὶ
694 1291 810 1325 των
834 1271 968 1327 επτα
988 1273 1210 1341 λέγεταί
1225 1292 1351 1326 που.

343 1357 462 1408 ΚΛ.
506 1357 578 1407 Τί
601 1351 738 1423 μήν;

341 1441 459 1490 ΑΘ.
501 1439 813 1506 Θεωρωμεν
843 1433 909 1505 δὴ
944 1395 1308 1505 ξυνεπόμενοι
1335 1439 1412 1504 τῷ
1439 1434 1604 1506 λόγω.
1655 1440 1894 1503 Δαρεῖος

199 1514 307 1586 γὰρ
327 1518 594 1587 βασιλέως
614 1512 718 1571 οὐκ
738 1509 813 1587 ἦν
832 1513 955 1580 υίὸς
974 1520 1194 1571 παιδεία
1223 1536 1283 1570 τε
1313 1513 1383 1571 ού
1415 1514 1776 1585 διατρυφώσῃ
1804 1534 1894 1567 τε-

199 1597 540 1668 θραμμένος,
580 1595 768 1652 ἐλθων
806 1594 860 1651 δ’
901 1600 978 1661 εἰς
1011 1594 1116 1667 τὴν
1155 1593 1333 1666 ἀρχὴν
1370 1597 1463 1651 καὶ
1488 1594 1680 1666 λαβών
1717 1592 1894 1664 αὐτὴν

200 1679 434 1750 ἕβδομος
472 1681 699 1733 διείλετο
736 1676 872 1733 ἑπτα
901 1677 1039 1750 μέρη
1076 1677 1392 1749 τεμόμενος,
1428 1670 1508 1732 ὦν
1547 1678 1640 1732 καὶ
1673 1679 1785 1732 νῦν
1818 1678 1895 1730 ἔτι

200 1758 403 1832 σμικρὰ
424 1757 681 1830 ὀνείρατα
710 1761 1000 1830 λέλειπται,
1032 1762 1125 1816 καὶ
1153 1759 1364 1831 νόμους
1380 1756 1537 1831 ἠξίου
1555 1762 1792 1828 θέμενος
1811 1760 1894 1811 οἰ-

126 1861 162 1901 Ι)
197 1853 318 1898 κεῖν
353 1840 582 1912 ἰσότητα
608 1861 735 1896 τινα
764 1841 964 1912 κοινὴν
989 1843 1280 1912 εἰσφέρων,
1311 1841 1405 1896 καὶ
1433 1838 1533 1895 τὸν
1561 1845 1661 1894 τοῦ
1692 1837 1890 1908 Κύρου

200 1919 477 1994 δασμόν,
456 1944 524 1977 ον
543 1920 807 1993 ὑπέσχετο
838 1926 1097 1995 Πέρσαις,
1134 1928 1211 1989 εἰς
1237 1920 1338 1978 τὸν
1366 1920 1546 1993 νόμον
1573 1923 1766 1990 ἐνέδει,
1795 1941 1891 1990 φι-

199 2010 327 2061 λίαν
361 2007 603 2073 πορίζων
631 2005 725 2059 καὶ
760 2010 1062 2060 κοινωνίαν
1091 2010 1236 2060 πᾶσι
1238 2003 1504 2073 Πέρσαις,
1532 2002 1772 2074 χρήμασι
1800 2001 1893 2054 καὶ

201 2089 433 2157 δωρεαῖς
466 2083 568 2142 τὸν
601 2091 839 2156 Περσων
887 2090 1064 2158 δῆμον
1099 2084 1542 2158 προσαγόμενος·
1592 2086 1893 2152 τοιγαροῦν

200 2165 354 2239 αὐτῷ
374 2167 440 2222 τὰ
463 2167 845 2239 στρατεύματα
874 2165 988 2239 μετ’
1019 2166 1240 2233 εὐνοίας
1270 2164 1684 2238 προσεκτήσατο
1713 2163 1894 2235 χώρας
1972 2203 1976 2211 =·

200 2248 306 2304 οὐκ
326 2247 584 2312 ἐλάττους
603 2242 686 2303 ὦν
710 2252 965 2304 κατέλιπε
982 2254 1187 2320 Κῦρος.
1244 2249 1381 2319 μετὰ
1410 2248 1471 2304 δὲ
1488 2243 1734 2318 Δαρεῖόν
1762 2241 1791 2300 ὁ
1823 2248 1893 2314 τῇ

144 2326 155 2332 ’
198 2335 459 2403 βασιλικῇ
477 2331 568 2384 καὶ
586 2329 856 2400 τρυφώσῃ
882 2330 1053 2386 πάλιν
1072 2333 1395 2395 παιδευθεὶς
1421 2332 1641 2399 παιδείᾳ
1664 2329 1888 2394 Ξέρξης·

201 2404 268 2482 [οἷ
289 2417 511 2481 Δαρεῖε,
532 2414 704 2465 εἰπεῖν
723 2411 836 2465 ἐστὶ
855 2411 1205 2466 δικαιότατον
1224 2419 1372 2480 ἴσως,
1401 2406 1462 2473 ὃς
1490 2406 1552 2463 τὰ
1572 2406 1770 2476 Κύρου
1789 2425 1890 2460 κα-

134 2509 168 2549 Ε
200 2490 304 2548 κόν
330 2489 434 2547 οὐκ
453 2495 676 2563 ἔμαθες,
697 2493 920 2563 ἐθρέψω
940 2492 1000 2547 δὲ
1017 2495 1228 2563 Ξέρξην
1255 2494 1317 2547 ἐν
1345 2502 1458 2557 τοῖς
1484 2489 1670 2554 αὐτοῖς
1690 2488 1892 2560 ἤθεσιν
1963 2538 1967 2542 .

199 2576 261 2630 ἐν
280 2568 472 2645 οἷσπερ
496 2578 687 2643 Κῦρος
718 2572 1070 2645 Καμβύσην]
1106 2570 1135 2627 ὁ
1165 2573 1243 2642 δέ,
1274 2571 1370 2628 ἅτε
1399 2578 1514 2628 τῶν
1543 2571 1730 2627 αὐτῶν
1760 2589 1890 2626 παι-

201 2659 364 2710 δειῶν
405 2654 709 2726 γενόμενος
755 2658 999 2726 ἔκγονος,
1046 2654 1403 2727 παραπλήσια
1451 2653 1742 2710 ἀπετέλεσε
1778 2664 1890 2718 τοῖς

197 2736 513 2808 Καμβύσου
537 2735 855 2809 παθήμασι·
892 2739 985 2794 καὶ
1015 2735 1214 2808 σχεδὸν
1243 2742 1303 2794 ἔκ
1332 2759 1395 2808 γε
1422 2737 1697 2793 τοσούτου
1725 2742 1888 2808 βασι-

199 2818 327 2883 λεὺς
345 2820 407 2874 ἐν
417 2822 657 2891 Πέρσαις
675 2817 859 2886 οὐδείς
876 2839 960 2876 πω
979 2821 1146 2892 μέγας
1166 2820 1457 2891 ἐγγέγονεν
1476 2819 1718 2891 ἀληθῶς,
1738 2818 1887 2890 πλήν
1967 2824 1976 2829 ”’
