1976 3172
276 186 379 237 112
893 181 1368 231 ΠΛΑΤΩΝΟΣ

418 324 536 375 ΑΘ.
573 318 788 389 Μηδεὶς
805 315 946 416 ἡμᾶς
963 319 1216 386 πειθέτω,
1234 336 1277 369 ω
1297 318 1465 385 φίλοι,
1478 313 1618 386 ἄλλῃ
1637 319 1844 369 θᾶττον
1866 315 1958 368 καὶ

277 403 420 472 ρᾄν
447 400 811 472 μεταβάλλειν
841 399 912 455 ἄν
941 419 1071 453 ποτε
1100 397 1265 452 πόλιν
1292 391 1423 459 τοὺς
1449 394 1660 465 νόμους
1686 391 1721 464 ἢ
1751 401 1817 465 τῇ
1846 399 1959 449 τῶν

279 480 740 538 δυναστευόντων
763 477 1046 552 ἡγεμονίᾳ,
1083 476 1220 549 μηδὲ
1257 483 1366 532 νῦν
1400 497 1463 546 γε
1500 474 1641 547 ἄλλῃ
1666 480 1961 545 γίγνεσθαι

277 559 406 632 μηδ’
430 556 598 628 αὖθίς
617 583 748 619 ποτε
766 560 1114 632 γενήσεσθαι.
1163 560 1256 615 καὶ
1285 556 1393 629 γὰρ
1424 551 1528 613 οὗν
1549 554 1681 628 ἡμῖν
1710 554 1780 612 οὐ
1805 554 1958 612 τοῦτ’

208 662 244 702 D
278 645 427 714 ἐστὶν
455 643 739 701 ἀδύνατον
769 643 900 699 οὐδὲ
928 647 1173 713 χαλεπῶς
1197 637 1269 696 ἂν
1300 639 1635 710 γενόμενον·
1673 635 1813 694 ἀλλὰ
1839 634 1958 693 τόδ’

277 712 393 781 ἐστὶ
411 726 472 782 τὸ
493 725 733 797 χαλεπὸν
749 729 1031 796 γενέσθαι,
1051 725 1142 780 καὶ
1161 721 1350 793 ὀλίγον
1370 720 1435 792 δὴ
1457 721 1521 776 τό
1538 720 1770 792 γεγονὸς
1797 723 1858 776 ἐν
1884 726 1963 789 τςό

276 813 468 878 πολλῷ
483 807 684 880 χρόνῳ,
719 806 853 862 ὅταν
882 806 941 862 δε
972 810 1168 876 ξυμβῇ,
1189 809 1390 906 μυρία
1400 803 1492 857 καὶ
1521 799 1684 856 πάντ’
1718 803 1778 857 ἐν
1807 800 1964 856 πόλει

278 884 470 955 ἀγαθα
494 886 870 956 ἀπεργάζεται,
894 888 956 940 ἐν
974 886 1010 956 ᾐ
1032 883 1154 940 ποτ’
1176 882 1247 940 ἄν
1267 886 1563 956 ἐγγένηται.

419 966 658 1022 ΚΛ.Τό
680 977 842 1021 ποῖον
861 964 927 1035 δὴ
949 969 1144 1048 λέγεις;

421 1054 540 1104 ΑΘ.
567 1047 739 1104 Όταν
758 1052 894 1119 ἔρως
912 1042 1067 1111 θεῖος
1087 1052 1202 1102 τῶν
1219 1046 1532 1118 σωφρόνων
1550 1067 1608 1106 τε
1625 1047 1716 1101 καὶ
1736 1049 1966 1101 δικαίων

280 1129 740 1201 ἐπιτηδευμάτων
762 1131 1044 1200 ἐγγένηται
1079 1128 1340 1199 μεγάλαις
1376 1130 1485 1183 τισὶ
1522 1131 1885 1195 δυναστείαις,
1929 1122 1965 1196 ἢ

279 1210 417 1268 κατὰ
440 1217 745 1282 μοναρχίαν
765 1205 1293 1274 δυναστευούσαις”
1257 1232 1290 1280 η
1311 1231 1449 1264 κατα
1479 1208 1740 1264 πλούτων
1758 1205 1976 1276 ὑπερο-.

222 1319 255 1359 Ε
281 1295 381 1369 χάς
400 1291 846 1367 διαφερούσαιςῆ
872 1301 1071 1366 γενῶν,
1091 1290 1127 1365 ἢ
1156 1292 1258 1364 τὴν
1287 1297 1570 1363 ᾉῙέστορος
1599 1290 1698 1347 ε’άν
1725 1291 1860 1345 ποτέ
1886 1309 1968 1352 τις

279 1380 619 1449 ἐπανενέγκῃ
643 1376 835 1447 φύσίν,
856 1374 924 1430 ὃν
955 1383 1021 1447 τῇ
1051 1382 1154 1430 τοῦ
1183 1377 1364 1444 λέγειν
1391 1374 1548 1446 ῥώμῃ
1577 1376 1713 1444 φασὶ
1741 1370 1966 1427 πάντων

280 1458 636 1529 διενεγκόντα
649 1456 974 1529 ἀνθρώπων
988 1459 1157 1512 πλέον
1171 1460 1249 1512 ἒτι
1258 1462 1338 1530 τῷ
1357 1466 1671 1526 σωφρονεῖν
1683 1456 1966 1523 διαφέρειν

281 1577 345 1584 --
368 1538 524 1595 τοῦτ’
548 1533 654 1594 οὖν
672 1541 758 1594 ἐπὶ
777 1539 877 1609 μὲν
902 1542 1118 1609 Τροίας,
1142 1537 1217 1602 ὥς
1235 1555 1389 1607 φασι,
1409 1539 1658 1608 γέγονεν,
1686 1533 1778 1605 ἐφ’
1808 1531 1966 1605 ἡμῶν

281 1625 341 1678 δὲ
361 1619 642 1691 οὐδαμῶς·
682 1625 732 1675 εί
748 1620 804 1675 δ’
825 1614 931 1676 οὖν
956 1622 1187 1690 γέγονεν
1215 1616 1252 1689 ἦ
1281 1619 1372 1674 καὶ
1400 1617 1689 1689 γενήσεται
1716 1621 1976 1689 τοιοῦτοςὲ

277 1700 314 1775 ἢ
333 1709 441 1759 νῦν
460 1699 622 1773 ἡμῶν
641 1705 755 1756 ἔστι
774 1723 871 1772 τις,
892 1705 1172 1772 μακαρίως
1191 1702 1293 1772 μὲν
1323 1697 1490 1764 αὐτὸς
1520 1704 1599 1772 ζῇ,
1629 1698 1888 1770 μακάριοι
1910 1695 1968 1753 δὲ

241 1794 243 1796 ’
279 1789 335 1841 οἱ
372 1785 636 1855 ξυνήκοοι
677 1790 790 1839 τῶν
825 1787 885 1838 ἐκ
930 1788 1033 1841 τοῦ
1072 1789 1504 1854 σωφρονοῦντος
1542 1780 1809 1852 στόματος
1847 1779 1964 1836 ἰόν-

277 1887 391 1922 των
411 1865 623 1935 λόγων·
664 1862 926 1929 ὡσαύτως
955 1865 1015 1921 δὲ
1044 1863 1136 1920 καὶ
1166 1863 1451 1935 ξυμπάσης
1481 1863 1769 1934 δυνάμεως
1801 1859 1830 1917 6
1862 1858 1967 1916 αὗ-

164 1969 249 2016 712
278 1947 370 2011 τὰς
395 1950 519 2017 πέρι
538 1945 723 2017 λόγος,
746 1943 820 2011 ὡς
839 1945 975 2001 ὅταν
995 1950 1071 2011 εἰς
1097 1944 1302 2002 ταύτὸν
1320 1953 1397 2020 τῷ
1416 1957 1648 2017 φρονεῖν
1666 1965 1724 2000 τε
1743 1944 1834 2000 καὶ
1854 1959 1967 1998 σω-

280 2039 512 2102 φρονεῖν
550 2027 584 2100 ἡ
626 2034 850 2100 μεγίστη
883 2028 1116 2099 δύναμις
1145 2030 1204 2083 ἐν
1233 2025 1518 2100 ἀνθρώπω
1548 2028 1813 2097 ξυμπέσῃ,
1845 2025 1968 2081 τότε

279 2114 552 2176 πολιτείας
570 2117 666 2181 τῆς
682 2108 904 2181 ἀρίστης
924 2111 1014 2165 καὶ
1031 2110 1222 2181 νόμων
1240 2117 1353 2165 τῶν
1370 2110 1640 2165 τοιούτων
1663 2107 1862 2179 φύεται
1874 2108 1968 2178 γέ-

278 2208 445 2273 νεσις,
478 2191 657 2257 ἄλλως
678 2192 737 2248 δὲ
759 2191 828 2248 οὐ
856 2192 931 2264 μή
961 2211 1093 2247 ποτε
1121 2195 1357 2263 γένηται.
1395 2196 1568 2247 ταῦτα
1597 2189 1700 2262 μὲν
1727 2184 1833 2246 οὖν
1863 2212 1968 2246 κα-

278 2275 515 2343 θαπερεὶ
534 2275 720 2344 μῦθός
736 2297 816 2339 τις
835 2277 1050 2344 λεχθεὶς
1068 2274 1570 2350 κεχρησμῳδήσθω,
1590 2275 1680 2328 καὶ
1702 2274 1968 2328 ἐπιδεδεί-

279 2361 402 2424 χθω
421 2361 489 2425 τῇ
513 2356 616 2424 μὲν
634 2354 875 2424 χαλεπὸν
906 2352 974 2410 ὂν
999 2354 1061 2410 τὸ
1100 2358 1264 2411 πόλιν
1288 2355 1531 2426 εὔνομον
1559 2359 1869 2425 γίγνεσθαι,
1900 2358 1966 2426 τῇ

281 2436 354 2507 δ’,
377 2444 529 2507 εἴπερ
547 2440 761 2505 γένοιτο
784 2437 816 2492 ὂ
845 2440 1093 2507 λέγομεν,
1123 2438 1351 2493 πάντων
1371 2436 1629 2507 τάχιστόν
1650 2457 1709 2491 τε
1741 2438 1833 2491 καὶ
1862 2438 1966 2508 ῥᾷ-

281 2535 414 2572 στον
431 2523 641 2591 μακρῷ.
1951 2536 1954 2538 ·

419 2604 538 2656 ΚΛ.
575 2603 733 2665 Πῶς;
775 2660 784 2670 .
1953 2646 1956 2655 ,

224 2705 257 2745 B
424 2688 540 2738 ΑΘ.
578 2681 918 2754 Πειρωμεθα
936 2681 1442 2754 προσαρμόττοντες
1469 2687 1535 2752 τῇ
1566 2679 1723 2737 πόλει
1752 2697 1840 2736 σοι
1861 2697 1976 2735 κα-,-·Ι

280 2762 466 2832 θάπερ
488 2767 675 2828 παῖδες
698 2769 1015 2836 πρεσβῦται
1028 2764 1288 2819 πλάττειν
1305 2785 1380 2819 τω
1409 2763 1557 2838 λόγω
1580 2760 1710 2828 τοὺς
1737 2762 1964 2834 νόμους

421 2852 538 2955 KA.
560 2843 759 2917 Ἴωμεν
779 2845 844 2917 δὴ
865 2848 956 2903 καὶ
977 2847 1053 2918 μὴ
1069 2849 1390 2918 μέλλωμεν
1370 2869 1461 2903 ετι.
