1976 3172
727 91 1049 143 ΝΟΜΩΝ
1080 85 1143 140 α’.
1717 91 1755 145 9
1798 110 1801 115 ’

65 233 252 299 δρείας
271 226 444 300 αὐτῆς
461 231 676 300 μονης*
696 223 973 295 άνδρείας.
1011 223 1203 290 πιστὸς
1222 225 1326 295 μὲν
1353 224 1462 297 γὰρ
1482 228 1573 283 καὶ
1591 223 1754 299 ὑγιὴς

63 314 127 366 ἐν
144 310 407 367 στάσεσιν
425 307 531 365 οὐκ
548 306 622 364 ἄν
638 325 773 363 ποτε
799 308 1019 377 γένοιτο
1046 304 1186 362 ἄνευ
1211 307 1501 377 ξυμπάσης
1526 306 1751 380 ἀρετῆς’

22 391 359 463 διαβάντες
374 388 430 447 δ’
450 410 518 446 ευ
495 383 627 446 καὶ
644 387 947 460 μαχόμενοι
965 388 1256 452 ἐθέλοντες
1285 384 1669 460 ἀποθνήσκειν
1693 392 1756 446 έν

62 479 140 547 τῷ
158 475 396 546 πολέμῳ,
416 463 546 571 *taff*
565 471 763 542 φράζει
785 468 1076 541 Τύρταιος,
1105 491 1221 525 των
1250 468 1624 540 μισθοφόρων
1651 473 1754 526 εἰσὶ

62 555 394 626 πάμπολλοι,
421 575 503 609 ων
529 556 588 609 οἱ
611 559 857 609 πλεῖστοι
882 556 1169 622 γίγνονται
1192 559 1424 623 θρασεῖς
1449 554 1544 608 καὶ
1572 550 1755 608 ἄδικοι

59 637 153 692 καὶ
170 632 429 706 ὑβρισταὶ
447 637 540 691 καὶ
557 630 962 707 ἀφρονέστατοι
981 630 1229 704 σχεδόν“
1201 633 1487 703 απάντων,
1508 631 1666 697 ἐκτὸς
1686 632 1753 703 δή

61 737 231 773 τινων
245 716 398 787 μάλα
411 714 632 788 ὀλίγων.
669 727 770 773 ποῖ
782 715 850 786 δὴ
870 721 1099 788 τελευτᾷ
1112 722 1232 771 ,νῦν
1252 713 1387 787 ἡμῖν
1407 709 1572 780 οὗτος
1597 712 1628 771 ὁ
1654 713 1755 770 λό-

59 819 177 868 γος,
199 799 293 854 καὶ
310 803 368 854 τί
380 797 631 870 φανερόν
649 818 782 854 ποτε
799 803 1026 868 ποιῆσαι
1052 799 1354 869 βουληθεὶς
1383 799 1528 867 λέγει
1554 802 1754 861 ταῦτα;
1785 807 1818 870 C

60 883 234 951 δῆλον
260 879 347 936 ὅτι
359 880 505 951 τόδε,
526 879 603 948 ὥς
619 880 827 946 παντὸς
855 886 1069 952 μᾶλλον
1095 883 1188 937 καὶ
1221 877 1252 935 6
1277 883 1409 951 τῇδε
1436 874 1586 950 παρὰ
1617 876 1757 943 Διὸς

60 966 389 1034 νομοθέτης,
408 969 516 1029 πᾶς
542 984 602 1019 τε
621 956 694 1019 οὖ
720 964 814 1019 καὶ
841 962 1079 1035 σμικρὸν
1106 961 1326 1034 ὄφελος,
1355 959 1460 1017 οὐκ
1490 961 1692 1017 ἄλλοσε
1722 955 1758 1029 ’ἢ

59 1042 201 1112 πρὸς
216 1043 320 1116 τὴν
337 1049 602 1116 μεγίστην
621 1043 825 1116 άρετὴν
835 1045 1072 1116 μάλιστα
1088 1047 1312 1116 βλέπων
1328 1043 1414 1100 ἀεὶ
1435 1044 1604 1116 θήσει
1623 1041 1756 1106 τούς

61 1125 272 1197 νόμους
285 1147 298 1159 ·
337 1130 453 1181 ἔστι
471 1128 550 1195 δέ,
571 1125 647 1191 ὥς
665 1142 803 1198 φησι
824 1129 1072 1197 Θέογνις,
1092 1125 1234 1197 αὕτη
1262 1125 1522 1197 πιστότης
1549 1127 1614 1181 έν
1640 1135 1756 1188 τοῖς

0 1243 4 1257 ,ν
62 1209 281 1274 δεινοῖς,
299 1203 374 1275 ἦν
390 1227 471 1269 τις
501 1206 870 1277 δικαιοσύνην
897 1203 971 1261 ἄν
998 1208 1192 1262 τελέαν
1217 1204 1561 1276 ὀνομάσειεν.
1598 1202 1670 1276 ἣν
1698 1201 1752 1259 δ’

60 1281 138 1342 αὖ
162 1284 432 1353 Τύρταιος
449 1285 682 1356 ἐπῄνεσε
700 1285 954 1357 μάλιστα,
973 1286 1115 1357 καλὴ
1146 1290 1249 1357 μὲν
1279 1291 1373 1343 καὶ
1399 1287 1537 1342 κατὰ
1557 1286 1757 1354 καιρὸν

59 1367 444 1438 κεκοσμημένη
462 1388 541 1439 τω
568 1374 787 1440 ποιητῇ,
813 1367 1044 1441 τετάρτη
1072 1370 1260 1438 μέντοι
1287 1367 1438 1438 ὅμως
1454 1366 1681 1441 ἀριθμῷ
1698 1387 1757 1422 τε

0 1471 2 1538 7
58 1451 151 1506 καὶ
171 1449 407 1521 δυνάμει
428 1454 532 1505 τοῦ
550 1454 700 1521 τιμία
718 1448 859 1506 εἶναι
878 1449 1084 1533 λέγοιτ’
1103 1472 1177 1506 αν
1194 1447 1495 1519 ὀρθότατα.
1778 1455 1813 1496 D

0 1551 1 1554 ¹
201 1534 284 1586 Vl.
320 1536 439 1587 ΚΛ.
469 1522 538 1586 Ὦ,
555 1532 692 1601 ξένε,
712 1529 812 1588 τὸν
832 1530 1150 1605 νομοθέτην
1176 1531 1336 1605 ἡμων
1365 1530 1758 1604 ἀποβάλλομεν

60 1618 137 1679 είς
152 1611 287 1678 τούς
303 1613 498 1684 πόρρω
525 1615 865 1686 νομοθέτας,

200 1701 321 1751 ΛΘ.
363 1694 483 1767 Οὐχ
497 1693 653 1767 ἡμεῖς
667 1717 749 1767 γε,
772 1718 815 1752 ω
837 1694 1044 1768 αριστε,
1063 1682 1188 1753 ἀλλ’
1208 1694 1351 1769 ἡμᾶς
1369 1694 1593 1767 αὐτούς,
1620 1695 1759 1753 ὅταν

60 1776 315 1849 οἰόμεθα
341 1779 526 1834 πάντα
554 1778 623 1834 τά
650 1801 682 1835 τ
691 1778 795 1835 ’έν
821 1783 1200 1851 Λακεδαίμονι
1227 1782 1320 1836 καὶ
1356 1778 1423 1835 τὰ
1451 1783 1586 1852 τῇδε
1616 1779 1758 1850 πρὸς

60 1859 162 1915 τόν
178 1857 429 1931 πόλεμον
451 1861 689 1931 μάλιστα
717 1866 1023 1934 βλέποντας
1038 1862 1382 1933 Λυκοῦργόν
1398 1882 1458 1917 τε
1476 1863 1571 1918 καὶ
1588 1866 1758 1917 Μίνω

3 1963 19 1975 ·
60 1946 326 1998 τίθεσθαι
349 1940 419 1998 τὰ
437 1942 663 2014 νόμιμα.

202 2028 323 2080 ΚΛ.
368 2024 444 2079 Τὸ
465 2025 526 2080 δὲ
545 2031 664 2090 πῶς
679 2030 820 2096 χρῆν
836 2021 979 2095 ἡμᾶς
996 2027 1209 2094 λέγειν;

207 2108 327 2159 ΑΘ.
347 2101 563 2174 ’Ὠσπερ
576 2105 641 2160 τό
658 2126 716 2161 τε
736 2103 960 2176 ἀληθές,
981 2103 1148 2176 οἶμαι,
1170 2105 1261 2160 καὶ
1278 2103 1340 2160 τὸ
1370 2107 1590 2161 δίκαιον
1615 2102 1757 2175 ὑπέρ

62 2203 126 2253 γε
143 2189 306 2250 θείας
331 2188 680 2251 *πολιτείας*
711 2188 1138 2257 διαλεγομένους
1165 2188 1362 2255 λέγειν,
1391 2184 1494 2257 οὐχ
1525 2208 1598 2251 ως
1617 2186 1756 2255 πρὸς
1787 2199 1821 2239 Ε

61 2262 261 2336 ἀρετῆς
276 2288 329 2323 τι
346 2267 551 2338 μόριον
569 2269 855 2324 καὶταῦτα
881 2268 944 2324 τὸ
965 2266 1320 2339 φαυλότατον
1337 2270 1493 2340 ἐτύθη
1514 2271 1757 2341 βλέπων,

63 2343 203 2403 ἀλλὰ
221 2345 362 2417 πρὸς
379 2354 568 2403 πασαν
579 2345 801 2421 άρετήν,
821 2351 914 2405 καὶ
936 2372 1041 2406 κατ
1048 2346 1203 2420 ἐἴδη
1222 2354 1400 2421 ζητεῖν
1415 2349 1606 2407 αὐτων
1625 2350 1758 2416 τούς

65 2426 322 2527 νόμους
290 2427 416 2486 οὐδ’
437 2450 581 2500 απερ
601 2433 659 2487 οἰ
670 2437 787 2488 τῶν
805 2437 917 2488 νῦν
935 2436 1053 2504 εῑδη
1068 2434 1462 2504 προτιθέμενοι
1481 2438 1758 2506 ζητοῦσιν·

66 2526 138 2562 ου
153 2529 262 2578 γαρ
284 2532 359 2566 αν
378 2512 605 2578 ἕκαστος
622 2515 685 2568 έν
704 2517 860 2588 χρεία
876 2518 1148 2587 γίγνηται,
1168 2520 1333 2571 τοῦτο
1354 2520 1501 2587 ζητεῖ
1516 2523 1625 2573 νῦν
1650 2536 1759 2572 πα-

68 2590 439 2663 ραθέμενος,’
413 2615 444 2651 ο
476 2594 580 2668 μὲν
600 2593 669 2652 τὰ
698 2599 823 2668 περὶ
850 2603 967 2655 τῶν
993 2597 1220 2670 κλήρων
1246 2601 1340 2655 καὶ
1363 2596 1757 2671 έπικλήρων,ὁ

67 2671 127 2726 δὲ
164 2676 261 2741 τῆς
293 2677 470 2742 αἰκίας
505 2678 646 2748 πέρι,
683 2675 842 2735 αλλοι
873 2681 933 2736 δὲ
968 2678 1110 2736 άλλα
1145 2679 1279 2736 ἅττα
1303 2684 1475 2752 μυρία
1502 2686 1755 2736 τοιαῦτα·

65 2748 223 2824 ἡμεῖς
242 2754 306 2810 δέ
321 2775 505 2829 φαμεν
522 2757 664 2816 εἶναι
695 2760 757 2817 τὸ
792 2763 919 2835 περὶ
945 2761 1175 2833 νόμους
1188 2761 1399 2834 ζήτημα
1425 2783 1541 2818 των
1570 2754 1636 2815 εὖ
1664 2764 1757 2831 ζη-
1784 2765 1870 2813 631
