1976 3172
244 127 349 186 230
858 126 1339 177 ΠΛΑΤῼΝΟΣ

244 262 641 331 μεμιμημένην,
664 262 726 315 ἐν
746 270 858 325 τοῖς
876 261 1203 331 παθήμασιν
1233 259 1368 317 ὅταν
1398 262 1544 334 ψυχὴ
1571 271 1840 337 γίγνηται,
1861 269 1928 323 τά

245 363 302 397 τε
321 347 417 411 τῆς
437 339 653 412 ἀγαθῆς
671 338 988 412 ὁμοιώματα
1010 343 1188 398 καὶτὰ
1206 347 1303 413 τῆς
1328 346 1580 411 ἐναντίας
1599 350 1927 415 ἐκλέξασθαι

244 422 482 487 δυνατὸς
508 422 589 499 ὤν
615 447 696 490 τις
722 427 790 481 τα
809 424 1232 499 μ’ὲνάποβάλλῃ,
1252 428 1319 483 τὰ
1340 427 1398 483 δὲ
1418 434 1717 502 προφέρων
1735 438 1812 498 εἰς
1829 437 1927 504 με’-

175 546 177 548 -
244 527 345 566 σον
369 508 516 582 ὑμνῇ
538 514 629 567 καὶ
647 511 825 584 ἐπᾴδῃ
842 522 960 577 ταῖς
976 516 1091 567 τῶν
1110 514 1255 569 νέων
1289 524 1505 585 ψυχαῖς,
1542 517 1930 587 προκαλούμε-

242 614 339 658 νος
357 593 622 659 ἑκάστους
642 598 718 658 εἰς
735 591 932 664 άρετῆς
951 595 1183 651 ἕπεσθαι
1211 602 1407 667 κτῆσιν
1425 595 1928 653 συνακολουθοῦν-

242 696 340 740 τας
360 677 449 730 διά
469 681 584 730 τῶν
601 675 904 747 μιμήσεων.

385 763 502 813 ΚΛ.
540 756 911 827 Ἀληθέστατα
930 763 1117 828 λέγεις.

177 851 213 892 D
351 883 360 889 ,
384 844 504 892 ΑΘ.
548 837 778 892 Τούτων
818 843 1011 894 τοίνυν
1056 844 1143 895 δεῖ
1175 841 1338 910 χάριν
1368 838 1486 906 ’τοῖς
1521 841 1798 913 φθόγγοις
1836 849 1929 913 τῆς

243 920 416 991 λύρας
457 924 861 991 προσχρῆσθαι,
899 927 1201 991 σαφηνείας
1230 923 1393 978 ἕνεκα
1422 929 1536 978 τῶν
1563 919 1799 995 χορδῶν,
1828 925 1930 979 τόν

243 1023 302 1058 τε
322 999 655 1073 κιθαριστὴν
677 1000 889 1058 καὶτὸν
906 1003 1329 1074 παιδευόμενον,
1361 1002 1729 1068 ἀποδιδόντας
1759 1006 1928 1076 πρός-

242 1088 414 1154 χορδα
437 1083 505 1140 τά
534 1087 829 1156 φθέγματα
857 1098 970 1151 τοῖς
993 1088 1302 1157 φθέγμασι·
1335 1083 1440 1158 τὴν
1465 1084 1519 1141 δ’
1555 1086 1930 1157 ἑτεροφωνίαν

213 1238 215 1240 q
243 1169 336 1222 καὶ
354 1171 633 1222 ποικιλίαν
649 1174 746 1238 τῆς
773 1167 962 1241 λύρας,
983 1169 1123 1225 ἄλλα
1150 1168 1252 1240 μὲν
1270 1172 1404 1241 μέλη
1435 1175 1548 1224 τῶν
1576 1172 1795 1240 χορδῶν
1830 1173 1931 1224 ίει-

247 1247 548 1320 σῶν,ἄλλα
568 1247 627 1304 δὲ
655 1254 757 1305 τοῦ
785 1251 890 1322 τὴν
918 1255 1196 1325 μελῳδίαν
1231 1255 1534 1318 ξυνθέντος
1562 1257 1811 1323 ποιητοῦ,
1837 1253 1931 1307 καὶ

243 1330 310 1401 δὴ
334 1332 424 1387 καὶ
446 1331 762 1402 πυκνότητα
780 1332 1045 1406 μανότητι
1061 1336 1153 1390 καὶ
1170 1335 1334 1405 τάχος
1347 1337 1648 1405 βραδυτῆτι
1675 1338 1767 1392 καὶ
1798 1333 1930 1401 ὀξύ-

241 1435 376 1484 τητα
407 1414 675 1485 βαρύτητι
705 1415 1009 1485 ξύμφωνον
1029 1418 1121 1471 καὶ
1149 1416 1472 1486 ἀντίφωνον
1499 1418 1925 1486 παρεχομένους,

176 1504 210 1545 Ε
240 1498 333 1551 καὶ
349 1517 465 1550 των
484 1497 724 1567 ρυθμων
755 1494 1017 1562 ωσαύτως
1045 1496 1370 1553 παντοδαπα
1401 1504 1728 1568 ποικίλματα
1758 1517 1928 1566 προς-

239 1578 613 1648 αρμόττοντας
632 1589 772 1633 τοῖσι
791 1579 1068 1649 φθόγγοις
1086 1586 1181 1650 τῆς
1199 1579 1581 1649 λύρας,πάντα
1600 1581 1707 1634 οὐν
1725 1576 1790 1633 τὰ
1812 1599 1946 1654 τοι-Φ

239 1664 383 1714 αῦτα
402 1658 475 1730 μὴ
496 1665 833 1732 προσφέρειν
856 1673 972 1727 τοῖς
990 1663 1288 1732 μέλλουσιν
1307 1665 1369 1717 ἐν
1386 1662 1568 1732 τρισὶν
1586 1665 1728 1716 ἔτεσι
1746 1659 1808 1716 τὸ
1831 1665 1928 1732 τῆς

237 1749 507 1813 μουσικῆς
525 1741 797 1814 χρήσιμον
815 1742 1155 1813 ἐκλήψεσθαι
1177 1740 1266 1798 δια
1288 1743 1501 1814 τάχους.
1535 1743 1603 1798 τὰ
1623 1742 1731 1813 γὰρ
1762 1745 1926 1798 ἐναν-

237 1830 325 1880 τία
357 1826 566 1896 ἄλληλα
596 1826 936 1895 ταράττοντα
966 1825 1317 1896 δυσμάθειαν
1346 1827 1584 1896 παρέχει,
1617 1830 1702 1880 δεῖ
1722 1825 1781 1880 δὲ
1813 1824 1846 1879 ὅ
1874 1846 1925 1879 τι

236 1906 473 1976 μάλιστα
494 1906 759 1979 εὐμαθεῖς
779 1907 918 1964 εἶναι
939 1907 1070 1973 τούς
1089 1913 1275 1973 νέους·
1313 1906 1380 1962 τα
1410 1907 1518 1978 γὰρ
1547 1904 1821 1976 ἀναγκαῖα
1855 1905 1923 1960 οὐ

237 1990 441 2062 σμικροὶ
463 1988 586 2045 οὐδ’
613 1988 770 2061 ὀλίγα
792 1989 978 2056 αὐτοῖς
998 1993 1108 2047 ἐστὶ
1135 1991 1583 2060 προστεταγμένα
1601 1989 1920 2060 μαθήματα,
1972 2029 1976 2071 3

238 2074 398 2136 δείξει
418 2070 477 2126 δὲ
497 2070 638 2127 αὐτὰ
662 2072 877 2141 προϊών
898 2071 925 2127 6
946 2072 1109 2143 λόγος
1131 2072 1242 2144 ἅμα
1261 2078 1337 2146 τῷ
1357 2071 1556 2145 χρόνῳ.
1588 2067 1728 2126 ἀλλὰ
1747 2076 1920 2124 ταῦτα
1968 2094 1976 2123 ;

237 2155 338 2222 μὲν
358 2152 504 2209 οὕτω
537 2158 662 2227 περὶ
679 2161 775 2227 τῆς
803 2161 1070 2226 μουσικῆς
1099 2156 1234 2226 ἡμῖν
1264 2152 1293 2210 6
1318 2151 1622 2225 χπαιδευτὴς
1652 2155 1925 2223 ἐπιμελεί-

237 2242 384 2311 σθω·
419 2234 486 2289 to}
508 2235 566 2291 δὲ
584 2243 770 2307 μελῶν
787 2237 976 2292 αὐτῶν
997 2230 1072 2291 αὖ
1090 2238 1181 2292 καὶ
1202 2236 1479 2307 ῥημάτων,
1501 2230 1589 2292 οἶα
1607 2231 1738 2298 τούς
1757 2253 1920 2304 χορο-

121 2323 207 2370 813
238 2316 604 2381 διδασκάλους
622 2320 712 2372 καὶ
731 2317 768 2371 δι’
788 2322 875 2372 δεῖ
902 2318 1202 2387 διδάσκειν,
1232 2319 1323 2372 καὶ
1353 2313 1686 2385 ταῦταήμῖν
1719 2317 1779 2368 ἐν
1807 2323 1919 2376 τοῖς

235 2395 491 2467 πρόσθεν
537 2400 802 2466 διείρηται
838 2399 1036 2466 πάντα,
1075 2395 1110 2451 ὁὶ
1148 2395 1215 2465 δὴ
1255 2397 1676 2465 καθιερωθέντα
1707 2396 1920 2462 ἔφαμεν

236 2479 370 2546 δεῖν,
394 2487 510 2541 ταῖς
529 2479 739 2546 ἑορταῖς
757 2477 957 2531 ἕκαστα
977 2472 1565 2546 ἁρμόττοντα,ἡδονὴν
1584 2471 1785 2542 εὐτυχῆ
1805 2481 1920 2534 ταῖς

238 2558 431 2614 πόλεσι
451 2556 828 2626 παραδιδόντα
850 2556 1099 2628 ὠφελεῖν.

379 2645 497 2694 ΚΛ.
531 2638 741 2710 ’Λληθῆ
758 2641 847 2694 καὶ
865 2646 1037 2694 ταῦτα
1063 2642 1352 2710 διείρηκας.

380 2728 495 2777 ΑΘ.
531 2718 898 2793 Ἀληθέστατα
916 2726 1109 2777 τοίνυν
1137 2722 1230 2776 καὶ
1259 2716 1421 2775 ταῦθ’
1442 2714 1919 2789 ἡμῖνπαραλαβών

237 2799 266 2856 6
306 2806 429 2873 περὶ
464 2801 566 2874 τὴν
612 2810 832 2874 μοῦσαν
875 2802 1061 2875 ἅρχων
1104 2803 1346 2875 αἱρεθεὶς
1382 2803 1745 2872 ἐπιμελείσθω
1782 2794 1916 2869 μετὰ
