1976 3172
263 140 370 194 362
882 145 1056 192 ΠΛΑ
1075 145 1358 195 ΤΩΝΟΣ

406 281 524 332 ΚΛ.
568 273 815 347 Οὐκοῦν,
839 269 884 331 03
903 278 1040 347 ξένε,
1059 285 1240 344 καλῶς
1259 283 1493 338 δοκοῦσί
1516 298 1606 339 σοι
1624 289 1832 355 λέγειν·
1819 329 1833 352 ,

207 378 241 418 Ε
410 367 526 416 ΑΘ.
560 362 867 416 Μαλθακοὶ
885 361 1079 433 ἔμοιγ’,
1103 365 1146 418 (ὁ
1165 369 1409 436 Κλεινία,
1431 369 1696 422 δοκοῦσιν
1713 371 1772 423 οἰ
1782 366 1949 425 παλαι

267 447 710 514 νομοθετοῦντες
735 445 1026 515 γεγονέναι
1060 447 1151 501 καὶ
1185 446 1274 502 ἐπὶ
1304 445 1538 518 σμικρὸν
1571 454 1686 504 τῶν
1722 448 1950 522 ἄνθρω-

267 532 446 582 πίνων
471 526 813 598 πραγμάτων
834 520 1128 600 βλέποντές
1154 551 1214 585 τε
1240 532 1332 586 καὶ
1362 532 1751 604 διανοούμενοι
1780 553 1952 603 νομο-

267 616 467 666 θετεῖν.

407 697 526 761 ΚΛ.
565 698 695 758 Πῶς
714 697 916 764 λέγεις;

407 781 524 830 ΛΘ.
569 774 681 830 Τὸν
709 774 880 844 λόγον
916 784 1135 847 τοῦτον,
1175 772 1221 833 ὦ
1254 777 1431 850 ’γαθέ,
1473 780 1820 852 φοβούμενοι
1852 780 1952 836 τὸν

268 855 446 926 νόμον
485 858 744 910 ἐτίθεσαν
780 855 969 926 τόνδε,
1006 859 1205 922 ἐξεῖναι
1251 859 1318 914 τὰ
1361 863 1566 918 ἑαυτοῦ
1600 867 1954 919 διατίθεσθαι

150 943 239 989 923
269 935 456 1003 ἁπλῶς
474 936 626 1004 ὅπως
644 937 716 993 ἄν
734 960 816 1003 τις
836 940 1002 1012 ἐθέλῃ
1022 941 1084 995 τὸ
1104 941 1385 1014 παράπαν,
1408 942 1514 1013 ἐγώ
1537 946 1597 999 δὲ
1620 947 1712 1001 καὶ
1741 944 1814 1001 σὺ
1842 957 1955 1011 τοῖς

268 1025 330 1077 ἐν
347 1027 412 1094 τῇ
434 1028 506 1095 σῇ
524 1022 682 1079 πόλει
699 1025 964 1093 μέλλουσι
981 1029 1248 1097 τελευτᾷν
1258 1022 1720 1096 ἀποκρινούμεθα
1739 1030 1955 1101 ἐμμελέ-

269 1120 482 1177 στερον.

408 1194 527 1246 ΚΛ.
569 1196 727 1258 Πῶς;

364 1289 366 1291 ’
408 1279 525 1330 ΑΘ.
557 1267 622 1330 Ὠ
643 1279 811 1347 φίλοι,
833 1275 1104 1347 φήσομεν,
1125 1277 1217 1331 καὶ
1238 1274 1476 1347 ἀτεχνῶς
1495 1275 1779 1376 ἐφήμεροι,
1798 1282 1960 1347 χαλε-

270 1352 378 1409 πὸν
399 1353 533 1426 ὑμῖν
554 1359 666 1412 ἐστὶ
691 1358 1028 1429 γιγνώσκειν
1046 1356 1112 1413 τὰ
1134 1355 1356 1458 ὑμέτερ’
1382 1356 1571 1414 αὐτῶν
1597 1359 1847 1430 χρήματα
1867 1359 1959 1414 καὶ

269 1437 409 1508 πρός
431 1459 496 1509 γε
511 1436 656 1537 ὑμᾶς
677 1439 900 1511 αὐτούς,
934 1441 1119 1510 ὥσπερ
1149 1442 1240 1495 καὶ
1267 1437 1327 1496 τό
1360 1447 1467 1511 τῆς
1480 1446 1704 1504 Πυθίας
1733 1460 1959 1510 γραμμα

270 1519 484 1620 φραζει,
505 1520 570 1575 τὰ
589 1526 715 1576 νῦν.
751 1522 916 1592 ἔγωγ’
939 1525 1045 1578 οὐν
1064 1524 1374 1593 νομοθέτης
1395 1518 1478 1577 ὧν
1496 1520 1622 1577 οὔθ’
1639 1519 1782 1591 ὑμᾶς
1801 1519 1959 1592 ὑμων

272 1600 460 1657 αὐτῶν
479 1601 620 1657 εἶναι
650 1607 844 1674 τίθημι
871 1602 1000 1658 οὔτε
1034 1603 1136 1673 τὴν
1163 1601 1362 1658 οὐσίαν
1387 1601 1616 1672 ταύτην,
1648 1602 1961 1674 ξύμπαντος

270 1686 330 1740 δὲ
347 1692 451 1741 τοῦ
466 1688 665 1756 γένους
682 1683 843 1757 ὑμῶν
861 1691 965 1741 τοῦ
988 1707 1047 1741 τε
1066 1689 1390 1757 ἔμπροσθεν
1399 1685 1491 1741 καὶ
1508 1690 1613 1741 τοῦ
1631 1688 1815 1740 ἔπειτα
1834 1686 1959 1740 ἐσο-

210 1782 244 1823 Β
271 1772 464 1840 μένου,
494 1769 587 1824 καὶ
618 1772 697 1824 ἔτι
723 1775 938 1838 μᾶλλον
955 1774 1062 1869 ’τῆς
1090 1767 1301 1834 πόλεως
1329 1766 1469 1823 εἶναι
1495 1768 1558 1823 τό
1588 1789 1646 1823 τε
1670 1769 1830 1838 γένος
1848 1774 1960 1822 πᾶν

269 1854 362 1907 καὶ
384 1849 488 1921 τὴν
515 1849 741 1906 οὐσίαν·
789 1854 883 1907 καὶ
910 1850 1060 1908 οὕτω
1088 1851 1306 1909 τούτων
1328 1850 1569 1922 ἐχόντων
1598 1848 1720 1920 οὐκ,
1755 1849 1854 1905 εἀν
1882 1872 1961 1913 τις

269 1932 416 2004 ὑμας
433 1938 703 1999 θωπείαις
721 1932 1065 2006 ὑποδραμών
1097 1937 1160 1991 ἐν
1188 1933 1376 1999 νόσοις
1392 1929 1429 2004 ἢ
1445 1933 1593 2006 γήρα
1622 1932 1959 2019 σαλεύοντας

270 2017 423 2119 παρὰ
459 2017 521 2074 τὸ
557 2020 845 2089 βέλτιστον
891 2023 1246 2075 διατίθεσθαι
1292 2023 1491 2090 πείθῃ,
1541 2004 1964 2088 ξυγχωρήσομαι

272 2100 434 2171 ἑκών,
456 2100 489 2156 ὅ
518 2123 570 2157 τι
599 2104 659 2157 δὲ
682 2106 753 2174 τῇ
780 2102 940 2158 πόλει
967 2124 1026 2158 τε
1055 2101 1284 2172 ἄριστον
1320 2118 1470 2174 πασῃ
1499 2103 1591 2157 καὶ
1627 2103 1814 2169 γένει,
1826 2095 1964 2169 πρὸς

273 2189 388 2238 πᾶν
406 2191 572 2239 τοῦτο
592 2188 816 2256 βλέπων
834 2185 1220 2256 νομοθετήσω,
1239 2182 1301 2240 τὸ
1323 2182 1447 2249 ε”νὸς
1476 2182 1712 2239 ἑκάστου
1741 2202 1964 2237 κατατι-

273 2266 396 2329 θεὶς
423 2269 484 2321 ἐν
513 2274 731 2339 μοίραις
760 2267 1008 2324 ἐλάττοσι
1038 2271 1276 2332 δικαίως.
1325 2264 1481 2339 ὑμεῖς
1508 2268 1568 2322 δὲ
1593 2264 1727 2337 ἡμῖν
1747 2261 1877 2320 ἵλεώ
1906 2283 1966 2317 τε

274 2349 366 2404 καὶ
386 2345 634 2419 εὐμενεῖς
654 2349 812 2414 ὄντες
831 2352 1170 2419 πορεύοισθε
1188 2343 1331 2424 ᾗπερ
1350 2350 1489 2407 κατὰ
1519 2348 1695 2418 φύσιν
1720 2352 1832 2401 νῦν
1859 2363 1963 2398 πο-

276 2430 514 2501 ρεύεσθε
531 2429 636 2501 τὴν
662 2429 1057 2502 ἀνθρωπίνην·
1091 2429 1223 2502 ἡμῖν
1251 2431 1312 2485 δὲ
1339 2432 1464 2498 περὶ
1492 2436 1606 2483 τῶν
1636 2426 1824 2482 ἄλλων
1851 2429 1965 2479 τῶν

213 2526 246 2569 G
275 2512 560 2585 ὑμετέρων
578 2513 820 2586 μελήσει,
840 2513 1163 2584 κηδομένοις
1191 2509 1224 2566 ὅ
1248 2533 1299 2567 τι
1326 2511 1562 2584 μάλιστα
1596 2514 1673 2574 εἰς
1702 2507 1963 2578 δύναμιν,

277 2595 346 2652 οὐ
366 2602 481 2652 τῶν
499 2598 619 2668 μέν,
645 2603 760 2651 τῶν
779 2595 838 2652 δὲ
856 2596 941 2651 οὔ.
970 2602 1144 2651 ταῦτα
1163 2595 1267 2666 μὲν
1284 2586 1391 2649 οὖν
1420 2589 1755 2664 παραμύθιά
1783 2609 1842 2644 τε
1873 2588 1966 2643 καὶ

276 2686 539 2752 προοίμια
557 2687 670 2736 τῶν
690 2701 748 2736 τε
769 2680 1009 2751 ζώντων,
1042 2673 1086 2734 ὦ
1116 2681 1361 2749 Κλεινία,
1394 2679 1488 2731 καὶ
1515 2682 1630 2731 τῶν
1658 2670 1966 2729 τελευταῖν-

275 2784 389 2819 των
408 2768 564 2831 ἒστω,
586 2763 758 2833 νόμος
778 2764 837 2818 δὲ
855 2762 977 2818 ὅδε·

416 2850 522 2901 VII.
549 2845 644 2911 Ὃς
663 2841 736 2902 ἄν
758 2845 1036 2916 διαθήκην
1053 2843 1244 2916 γράφῃ
1263 2842 1329 2898 τοὶ
1359 2839 1535 2897 αὑτοῦ
1565 2841 1964 2908 διατιθέμενος,
