1976 3172
253 152 323 203 20
655 220 659 224 ἡ
883 154 1356 228 ΠΛᾼΤῼΝΟΣ
1441 136 1443 139 ’

251 284 470 356 τροφὴν
484 288 574 341 καὶ
595 284 654 341 τὸ
679 289 818 352 ζῶον
839 283 994 357 αὐτό,
1023 293 1202 358 κτῆμα
1232 287 1305 353 ῶς
1333 292 1446 344 ἔστι
1466 290 1670 362 «καλόν,
1701 294 1932 362 ἐπαινοῖ,

249 365 417 432 ἄλλος
438 369 502 423 δέ
515 388 594 432 τις
614 365 871 438 ἑωρακώς
900 366 1057 438 αἶγας
1085 371 1250 440 χωρὶς
1269 373 1574 442 νεμομένας
1604 372 1842 429 αἰπόλου
1873 375 1935 429 ἐν

249 449 562 519 ἐργασίμοις
574 452 790 520 χωρίοις
803 449 1019 519 δρώσας
1037 471 1179 505 κακα
1197 454 1462 523 διαψέγοι,
1475 456 1566 509 καὶ
1579 460 1694 509 πᾶν
1711 458 1935 526 θρέμμα

251 526 550 602 ἄναρχονῆ
569 530 704 600 μετά
730 551 900 586 τινων
919 536 1111 586 κακῶν
1145 530 1430 602 ἀρχόντων
1459 532 1597 590 ἰδῶν
1627 534 1775 590 ούτω
1796 537 1936 607 μέμ-

251 632 430 686 φοιτο,
451 611 553 667 τὸν
579 618 682 667 τοῦ
708 613 967 668 τοιούτου
991 613 1174 682 ψόγον
1202 611 1495 686 ἡγούμεθα
1524 614 1675 687 ὑγιες
1704 616 1776 672 ἄν
1803 637 1937 673 ποτε

250 695 407 760 ψέξαι
424 690 558 748 καὶ’
535 700 748 760 οτιοῦν;

390 780 520 830 ΜΕ.
558 777 668 831 Καὶ
699 782 842 844 πῶς,
1035 811 1038 814 Δ

390 863 509 912 ΑΘ.
549 858 801 929 Χρηστός
820 860 879 915 δὲ
900 857 1086 930 ἅρχων
1105 857 1221 915 ἔσθ’
1242 856 1374 930 ἡμῖν
1394 861 1454 915 ἐν
1473 864 1683 926 πλοίοις
1702 861 1939 932 πότερον

180 952 211 992 Β
249 938 346 992 ἐὰν
367 937 471 1009 τὴν
490 937 762 1011 ναυτικὴν
782 942 877 1011 ἔχῃ
896 940 1200 1011 ἐπιστήμην
1220 941 1416 1011 μόνον,
1437 939 1510 996 ἄν
1527 939 1575 996 τ’
1603 936 1709 997 οὖν
1739 947 1939 1014 ναυτιᾷ

250 1017 322 1074 ἄν
340 1041 399 1075 τε
418 1019 513 1091 μή,
533 1015 570 1090 ἢ
589 1026 704 1084 πῶς
724 1019 1094 1092 ἂν’λέγοιμεν;

390 1106 520 1155 ΜΕ.
559 1099 851 1171 Οὐδαμῶς,
884 1101 956 1156 ἄν
984 1123 1048 1171 γε
1077 1101 1216 1173 πρὸς
1243 1108 1312 1173 τῇ
1338 1103 1501 1174 τέχνῃ
1530 1108 1622 1175 ἔχῃ
1651 1105 1742 1159 καὶ
1773 1110 1936 1159 τοῦτο

249 1178 310 1234 τὸ
333 1178 560 1259 παθος
539 1202 566 1235 ο
588 1182 777 1250 λέγεις.

391 1268 510 1318 ΑΘ.
554 1267 624 1318 Τί
638 1259 689 1317 δ’
711 1262 898 1333 ἄρχων
919 1264 1329 1362 στρατοπέδων;
1356 1257 1452 1335 αρ’
1471 1262 1569 1319 εἀν
1589 1263 1692 1335 τὴν
1711 1273 1940 1336 πολεμι-

248 1341 356 1415 κὴν
377 1347 471 1416 ἔχῃ
489 1344 808 1415 ἐπιστήμην,
839 1342 1029 1408 ἱκανὸς
1058 1343 1263 1415 ἄρχειν,
1295 1342 1402 1400 κᾶν
1423 1343 1604 1410 δειλὸς
1630 1341 1711 1401 ῶν
1740 1348 1802 1402 ἐν
1827 1358 1938 1411 τοῖς

248 1429 450 1491 δεινοῖς
473 1423 583 1480 ὑπὸ
604 1429 779 1496 μέθης
798 1430 901 1481 τοῦ
919 1425 1105 1497 φόβου
1123 1431 1352 1499 ναυτιᾷς

389 1514 519 1567 ΜΕ.
559 1510 670 1564 Καὶ
689 1514 833 1575 πῶς;

388 1595 506 1645 ΑΘ.
541 1586 642 1645 ’Ἀν
664 1589 723 1646 δὲ
742 1583 817 1645 αὖ
839 1588 962 1661 μήτ’
989 1595 1082 1662 ἔχῃ
1101 1588 1203 1661 τὴν
1221 1591 1416 1662 τέχνην
1438 1590 1615 1655 δειλός
1645 1588 1698 1646 τ’
1729 1585 1791 1663 ᾗ;

388 1678 518 1727 ΜΕ.
555 1672 889 1728 Παντάπασί
905 1694 1028 1727 τινα
1058 1670 1310 1744 πονηρὸν
1337 1675 1527 1743 λέγεις,
1559 1674 1650 1728 καὶ
1679 1670 1936 1744 οὐδαμῶς

246 1751 515 1825 ἀνδρῶν’
493 1775 748 1826 αρχοντα,
771 1752 910 1811 ἄλλα
933 1776 1103 1811 τινων
1125 1754 1346 1825 σφόδρα
1364 1759 1667 1826 γυναικῶν.

183 1854 213 1895 c
387 1842 505 1893 ΑΘ.
554 1839 622 1891 Τί
637 1833 681 1891 δ’
702 1833 1259 1908 ἐπαινέτηνήψέκτην
1271 1842 1567 1902 κοινωνίας
1578 1834 1934 1909 ἡστινοσοῦν,

245 1912 284 1990 ᾗ
303 1918 520 1988 πέφυκέ
533 1939 593 1974 τε
611 1916 798 2018 ἅρχων
818 1917 961 1974 εἶναι
989 1918 1109 1989 μετ’
1142 1921 1356 1974 ἐκείνου
1384 1941 1441 1974 τε
1470 1917 1747 1990 ὠφέλιμός
1770 1921 1934 1989 ἐστιν,

247 1998 274 2055 ὁ
308 2003 368 2056 δὲ
396 1997 535 2071 μήθ’
567 1999 824 2100 ἑωρακώς
861 2008 944 2072 εἴη
981 1999 1107 2056 ποτ’
1141 1998 1330 2070 ὀρθῶς
1355 1998 1532 2072 αὐτὴν
1562 1997 1705 2072 αὑτῇ
1731 2021 1934 2056 κοινω-

245 2086 461 2136 νοῦσαν
481 2079 599 2152 μετ’
622 2079 901 2152 ἄρχοντος,
924 2078 1008 2137 αἐὶ
1029 2081 1134 2138 δὲ’
1111 2082 1355 2153 ἄναρχον
1383 2104 1417 2153 η
1448 2079 1581 2152 μετὰ
1613 2086 1805 2136 κακῶν
1834 2101 1937 2150 αρ-

247 2163 464 2232 χόντων
481 2167 765 2227 ξυνοῦσαν
779 2185 790 2196 ·
824 2164 1073 2235 οἰῶμεθα
1093 2163 1163 2235 δή
1183 2184 1316 2219 ποτε
1334 2161 1465 2229 τοὺς
1487 2163 1777 2229 τοιούτους
1796 2170 1935 2219 θεω-

249 2241 383 2313 ροὺς
402 2249 515 2298 τῶν
533 2244 804 2326 τοιούτων
822 2250 1133 2301 κοινωνιῶν
1149 2245 1391 2316 χρηστόν
1422 2267 1474 2300 τι
1503 2247 1687 2312 ψέξειν
1715 2240 1753 2315 ἦ
1782 2247 1938 2299 ἐπαι-

248 2329 542 2400 νέσεσθαι;

394 2413 525 2466 ΜΕ.
564 2412 694 2471 Πῶς
714 2404 771 2461 δ’
806 2404 895 2475 α’ν,
925 2408 1198 2477 μηδέποτέ
1232 2429 1295 2477 γε
1325 2409 1543 2472 ἰδόντας
1572 2408 1709 2507 μηδὲ
1740 2410 1934 2485 ξυγγε-

187 2511 226 2551 D
249 2494 519 2562 νομένους
539 2488 728 2562 ὀρθῶς
756 2492 1038 2585 γενομένω
1066 2491 1261 2560 μηδενι
1290 2495 1403 2545 τῶν
1430 2489 1702 2545 τοιούτων
1732 2509 1933 2544 κοινω-

247 2593 535 2645 νηματων;

389 2659 507 2709 ΑΘ.
530 2651 654 2723 Ἔχε
685 2653 776 2723 δή
800 2657 929 2708 τῶν
958 2658 1183 2709 πολλῶν
1212 2660 1524 2709 κοινωνιῶν
1545 2651 1824 2724 ξυμπότας
1843 2654 1934 2708 καὶ

250 2736 523 2808 ξυμπόσια
543 2742 739 2807 θεῖμεν
757 2731 829 2790 ὅῖν
849 2741 980 2806 μίαν
999 2734 1121 2791 τινὰ
1144 2737 1449 2801 ξυνουσίαν
1473 2733 1645 2802 εἷναί;

391 2824 520 2874 ΜΕ.
560 2819 668 2874 Καὶ
688 2817 908 2889 σφόδρα
926 2840 1002 2889 γε.
1146 2823 1154 2831 ‘
