1976 3172
684 46 999 98 ΝοΜΩΝ
1031 38 1112 109 ιβ’.
1503 0 1509 2 ’
1625 42 1730 95 397

45 193 132 247 ἐπὶ
150 189 258 260 γὰρ
276 185 382 258 τὴν
397 189 502 241 τοῦ
519 188 618 255 τῆς
636 184 884 246 παιδείας
913 181 1350 250 ἐπιμελουμένου
1377 177 1556 250 πάσης
1574 184 1731 251 οἰκη-

45 290 139 328 σιν
157 279 254 328 ἴτω
272 264 552 324 πιστεύων
573 267 778 330 ίκανῶς
796 259 948 318 εἶναι
962 263 1117 327 ξένος
1140 266 1219 333 τῷ·
1248 259 1485 334 τοιούτω
1508 258 1732 334 ξένφ,ἢ

45 352 151 425 τὴν
178 356 293 407 τῶν
313 346 640 420 νικηφόρων
665 341 846 424 τινὸς
854 338 942 398 ἐπ’
979 339 1172 414 ἀρετῇ·
1212 340 1398 408 ξυνών
1426 341 1487 398 δὲ
1514 341 1732 398 τούτων

45 435 152 491 τισὶ
176 432 241 489 τὸ
267 431 370 503 μὲν
389 430 629 500 διδάξας,
658 426 721 483 τὰ
758 426 818 482 δὲ
854 423 1059 495 μαθων
1089 423 1542 493 ἀπαλλαττέσθω,
1569 427 1732 495 φίλος

40 515 196 586 καρά
214 521 400 586 φίλων
415 511 617 584 δώροις
631 511 724 566 καὶ
740 518 919 579 τιμαῖς
939 505 1280 579 πρεπούσαις
1295 509 1560 576 τιμηθείς.
1597 507 1733 561 τού-

43 619 157 663 τοις
176 595 243 668 ov)
263 607 378 662 τοῖς
393 594 589 667 νόμοις
604 590 983 660 ὑποδέχεσθαί
1005 609 1063 644 τε
1092 586 1194 689 χρὴ
1213 585 1426 651 πάντας
1453 587 1646 652 ξένους
1673 607 1730 642 τε

43 681 134 734 καὶ
161 681 320 744 ξένας
342 680 397 743 ἐξ
420 675 590 747 αλλης
609 672 792 773 χώρας
814 668 1057 735 καὶτοὺς
1085 668 1272 724 αὐτῶν
1303 669 1618 738 ἐκπέμπειν,
1647 689 1731 724 τι·
1764 675 1795 715 Ε

42 765 263 834 μαῖντας
282 760 466 825 ξένιον
484 761 612 827 Δία,
642 755 715 827 μὴ
737 754 991 827 βρώμασι
1018 753 1108 807 καὶ
1132 750 1350 821 θύμασι
1377 748 1475 815 τὰς
1502 752 1734 822 ξενηλα-

41 845 165 907 σίας
182 842 572 913 ποιουμένους,
594 837 853 904 καθάπερ
882 839 1107 890 ποιοῦσι
1134 837 1245 888 νῦν
1272 834 1565 904 θρέμματα
1596 837 1734 889 Νεί-

45 928 167 992 λου,
195 924 334 993 μηδὲ
356 921 711 992 κηρύγμασιν
731 917 959 989 ἀγρίοις.

185 1006 292 1058 VII.
314 998 578 1072 Ἐγγύην,
594 998 669 1072 ἣν
685 996 759 1055 ἀν
781 1001 1046 1069 ἐγγυᾶταί
1070 1017 1166 1066 τις,
1194 996 1501 1067 διαρρήδην
1527 995 1733 1067 ἐγγυά-

45 1091 187 1154 σθω,
221 1081 325 1155 τὴν
355 1086 558 1152 πρᾶξιν
585 1087 771 1138 πᾶσαν
802 1077 1302 1150 διομολογούμενος
1339 1081 1400 1133 ἐν
1436 1084 1735 1151 συγγραφῇ

44 1168 136 1222 καὶ
164 1167 421 1222 ἐναντίον
451 1163 753 1236 μαρτύρων
781 1162 854 1233 μὴ
887 1164 1113 1216 ἔλαττον
1140 1155 1178 1231 ἢ
1214 1165 1401 1231 τριῶν,
1438 1161 1543 1216 ὅσα
1579 1158 1735 1228 ἐντὸς

43 1251 249 1319 χιλίων,
274 1245 343 1302 τὰ
364 1244 415 1302 δ’
443 1243 585 1317 ὑπὲρ
614 1248 788 1316 χιλίας
816 1241 889 1314 μὴ
927 1246 1154 1298 ἔλαττον
1182 1238 1220 1314 ἢ
1250 1246 1425 1298 πέντε.
1465 1241 1734 1315 ἐγγυητὴς
1765 1253 1854 1299 954

44 1330 148 1399 μὲν
165 1327 342 1400 δήκαὶ
363 1326 393 1384 6
420 1330 735 1396 προπωλῶν
762 1322 953 1381 ὁτιοῦν
985 1331 1088 1379 τοῦ
1114 1323 1188 1395 μὴ
1217 1327 1447 1390 ἐνδίκως
1477 1330 1735 1381 πωλοῦν-

44 1431 137 1476 τος
151 1405 191 1482 ἢ
209 1411 300 1466 καὶ
318 1412 585 1481 μηδαμῶς
603 1405 869 1478 ἀξιόχρεω
884 1426 895 1437 ·
915 1404 1181 1469 ὑπόδικος
1200 1402 1254 1460 δ’
1277 1409 1415 1461 ἔστω
1437 1404 1578 1462 καὶὸ
1595 1427 1737 1477 προ-

46 1497 268 1560 πωλῶν,
298 1491 558 1560 καθάπερ
582 1486 612 1545 6
643 1486 1004 1560 ἀποδόμενος.
1053 1494 1255 1561 φωρᾷν
1276 1491 1335 1545 δὲ
1364 1510 1438 1543 αν
1466 1490 1634 1561 ἐθέλῃ
1657 1493 1737 1554 τίς

45 1596 97 1629 τι
133 1592 244 1641 παρ
307 1570 543 1647 ὁτῳοῦν,
579 1568 794 1642 γυμνὸς
832 1564 904 1640 [ἦ]
942 1574 1268 1640 χιτωνίσκον
1304 1573 1446 1641 ἔχων
1479 1569 1736 1640 αξωστος,

46 1654 367 1727 προομόσας
381 1675 514 1720 τους
534 1658 805 1725 νομίμους
824 1650 996 1718 θεοὺς
1014 1645 1050 1723 ἦ
1067 1650 1183 1723 μὴν
1203 1654 1437 1719 ἐλπίζειν
1457 1650 1734 1726 εὑρήσειν,

48 1736 196 1793 οὕτω
225 1742 449 1811 φωρᾷν·
490 1734 520 1792 6
548 1736 608 1793 δὲ
644 1738 922 1806 παρεχέτω
947 1732 1052 1806 τὴν
1081 1738 1277 1804 οἰκίαν,
1308 1734 1378 1790 τά
1405 1754 1465 1790 τε
1493 1749 1737 1807 σεσημα-

46 1821 220 1891 σμένα
238 1820 328 1876 καὶ
347 1819 416 1875 τά
438 1817 745 1891 ἀσήμαντα,
767 1821 986 1890 φωρᾷν.
1024 1814 1123 1872 ἐὰν
1142 1817 1206 1872 δέ
1221 1837 1304 1881 τις
1332 1817 1573 1890 έρευνᾷν
1597 1822 1738 1889 βου-

49 1905 262 1975 λομένφ
281 1907 483 1975 φωρᾷν
509 1900 583 1974 μὴ
617 1903 770 1975 διδῷ,
793 1899 1115 1966 δικάζεσθαι
1143 1901 1246 1969 μὲν
1276 1895 1380 1954 τὸν
1406 1895 1738 1971 ἀπειργόμε-

48 2003 168 2052 νον,
198 1981 572 2055 τιμησάμενον
603 1981 665 2038 τό
703 1980 1105 2052 ἐρευνώμενον,
1142 1978 1213 2035 ἂν
1238 1981 1301 2036 δέ
1325 2001 1405 2045 τις
1434 1978 1600 2053 ὄφλῃ,
1630 1981 1734 2053 τὴν
1765 1994 1795 2034 Β

46 2068 343 2121 διπλασίαν
360 2071 464 2121 τοῦ
477 2065 806 2136 τιμηθέντος
823 2063 1036 2136 βλάβην
1057 2065 1306 2119 ἐκτίνειν.
1339 2059 1438 2118 ἐὰν
1457 2065 1517 2118 δὲ
1536 2063 1737 2134 ἀποδη·

44 2153 129 2218 μῶ
136 2169 168 2202 ν
183 2150 357 2212 οἰκίας
375 2147 646 2219 δεσπότης
664 2146 926 2219 τυγχάνῃ,
946 2144 1014 2201 τά
1033 2146 1136 2217 μὲν
1156 2142 1444 2217 ἀσήμαντα
1463 2143 1739 2217 παρεχόν-

44 2248 159 2283 των
179 2231 238 2284 οῐ
251 2230 597 2295 ἐνοικοῦντες
622 2230 876 2302 ἐρευνᾷν,
904 2226 972 2284 τά
992 2226 1052 2284 δὲ
1081 2230 1468 2299 σεσημασμένα
1485 2244 1735 2299 παραση-

44 2308 322 2381 μηνάσθω
358 2312 449 2366 καὶ
484 2307 552 2367 ὃν
590 2307 666 2366 ἄν
695 2312 862 2383 ἐθέλῃ
897 2308 1122 2380 φύλακα
1151 2308 1543 2382 καταστησάτω
1575 2313 1737 2367 πέντε

44 2387 249 2461 ἡμέρας
267 2387 297 2447 6
317 2396 552 2462 φωρῶν·
580 2390 682 2449 έάν
706 2394 766 2449 δὲ
786 2397 1012 2448 πλείονα
1031 2390 1236 2463 χρόνον
1258 2388 1390 2463 ἀπῇ,
1412 2390 1544 2457 τούς
1565 2389 1735 2446 ἀστυ-

46 2468 259 2541 νόμους
282 2473 621 2546 παραλαβών
638 2471 787 2531 οὕτω
807 2472 1068 2546 φωράτω,
1098 2472 1250 2529 λύων
1277 2473 1369 2528 καὶ
1397 2471 1465 2528 τὰ
1494 2487 1736 2543 σεσημα-

47 2555 240 2623 σμένα,
271 2551 440 2609 πάλιν
468 2556 529 2611 δὲ
558 2553 695 2629 μετά
732 2561 848 2613 τω”ν
878 2559 1098 2612 οἰκείων
1132 2558 1223 2610 καὶ
1251 2558 1366 2609 ταῖν
1395 2552 1731 2627 ἀστυνόμων
1764 2556 1795 2599 C

47 2632 187 2690 κατὰ
215 2632 389 2689 ταύτὰ
427 2637 789 2709 σημηνάσθω.
836 2643 953 2694 ταῖν
989 2636 1489 2709 ἀμφισβητησίμων
1523 2635 1734 2708 χρόνου

48 2714 195 2786 3009,
217 2713 284 2772 ὃν
303 2716 402 2772 ἐάν
417 2737 498 2784 τις
514 2711 553 2791 ᾖ
570 2723 916 2794 κεκτημένος,
936 2715 1113 2791 μηκέτ’
1138 2715 1503 2790 ἀμφισβητεῖν
1522 2721 1734 2784 ἐξεῖναι.
