1976 3172
287 133 392 186 368
905 135 1385 183 ΠΛΑΤΩΝΟΣ

288 264 473 323 αὐτῶν
494 266 742 336 ἐκγόνων
761 268 1033 338 κήδεσθαι
1053 268 1428 340 διαφερόντως
1447 273 1539 326 καὶ
1568 276 1768 342 τιμῶσί
1791 295 1848 329 τε
1868 273 1973 330 αὐ-

284 346 414 413 τοὺς
435 346 681 419 εὐμενεῖς
701 346 841 404 εἶναι
872 349 963 404 καὶ
993 347 1314 420 ἀτιμάζουσι
1344 354 1652 423 δυσμενεῖς,
1684 356 1762 409 ἔτι
1792 354 1851 410 δὲ
1878 355 1975 422 τὰς

284 435 398 486 τῶν
426 430 648 496 ζώντων
676 434 796 501 μέν,
829 433 890 487 ἐν
915 424 1062 503 γήρα
1091 431 1151 487 δὲ
1183 430 1366 488 ὄντων
1394 436 1486 489 καὶ
1515 437 1576 490 ἐν
1595 438 1976 508 μεγίσταιςτι-

285 524 435 583 μαῖς’
471 511 616 569 ὅπου
633 512 744 584 γὰρ
764 512 923 578 πόλις
952 511 1266 584 εὐνομοῦσα
1293 513 1627 587 εὐδαιμονεῖ,
1659 518 1895 584 τούτους
1923 522 1976 574 οἱ

224 607 254 648 c
285 597 475 660 παῖδες
503 598 719 651 παίδων
757 599 1258 670 φιλοστοργοῦντες
1294 601 1423 663 ζῶσι
1456 597 1590 669 μεθ’
1621 597 1852 671 ἡδονῆς·
1895 595 1976 664 οἷς

284 678 584 750 ἐπίτροπον
607 677 700 732 καὶ
719 674 960 748 ἄρχοντα
985 683 1120 732 πᾶσι
1150 681 1237 733 δεῖ
1258 679 1359 733 τὸν
1382 685 1541 750 νοῦν,
1576 675 1621 752 ᾧ
1648 682 1739 737 καὶ
1767 678 1976 753 βραχὺς

286 761 450 829 ἐνείη,
473 761 813 827 προσέχοντα
832 760 925 814 καὶ
954 758 1369 829 εὐλαβούμενον
1398 762 1521 831 περὶ
1548 762 1767 835 τροφήν
1793 782 1851 816 τε
1884 762 1976 816 καὶ

284 843 541 896 παιδείαν
577 839 864 909 ὀρφανῶν,
897 836 969 903 ῶς
996 843 1200 910 ἔρανον
1230 845 1555 917 εἰσφέροντα
1587 845 1767 917 ἐαυτῷ
1796 864 1854 898 τε
1883 844 1976 898 καὶ

283 932 397 986 τοῖς
423 919 617 993 αὑτοῦ,
657 919 796 976 κατὰ
832 919 1072 991 δύναμιν
1109 921 1332 986 πάντως
1367 930 1553 978 πᾶσαν
1583 922 1905 995 εὐεργετεῖν.
1946 922 1975 979 ὁ

284 1006 386 1075 μὲν
419 1001 486 1075 δὴ
517 1004 767 1068 πεισθεὶς
794 1010 873 1076 τῷ
909 1001 1020 1071 πρὸ·
1047 1009 1151 1058 τοῦ
1175 1004 1355 1075 νόμου
1377 1004 1547 1078 μύθῳ
1577 1006 1868 1075 καὶμηδὲν
1901 1010 1976 1070 εἰς

228 1100 262 1139 Ι)
288 1085 544 1157 ὀρφανὸν
573 1084 805 1159 ὑβρίσας
834 1083 937 1141 οὐκ
970 1094 1172 1143 εἴσεται
1200 1080 1448 1157 ἐναργῶς
1479 1086 1582 1158 τὴν
1610 1088 1733 1158 περὶ
1762 1085 1829 1141 τὰ
1858 1108 1966 1142 τοι-

283 1175 424 1224 αῦτα
453 1167 628 1240 ὀργὴν
648 1171 979 1240 νομοθέτου,
1008 1165 1036 1224 ὁ
1070 1170 1130 1226 δὲ
1158 1167 1397 1242 ἀπειθὴς
1423 1175 1520 1226 καί
1551 1191 1674 1225 τινα
1703 1168 1910 1240 πατρὸς
1940 1167 1976 1241 ἦ

280 1251 487 1324 μητρὸς
506 1254 714 1323 ἔρημον
726 1249 944 1307 ἀδικῶν
963 1255 1166 1323 διπλῆν
1195 1257 1386 1308 τινέτω
1415 1259 1603 1309 πᾶσαν
1630 1252 1732 1324 τὴν
1758 1251 1976 1325 βλάβην

279 1330 316 1405 ἦ
335 1334 459 1402 περὶ
478 1334 577 1388 τόν
593 1331 888 1405 ἀμφιθαλῆ
907 1332 1206 1404 γενόμενος
1227 1335 1411 1399 κακός.
1445 1333 1549 1406 τὴν
1578 1336 1638 1390 δὲ
1667 1334 1843 1406 ἀλλην
1874 1354 1974 1389 νο·-

279 1420 556 1486 μοθεσίαν
576 1414 923 1482 ἐπιτρόποισί
945 1436 1002 1469 τε
1035 1416 1158 1484 περὶ
1189 1413 1476 1485 ὀρφανοὺς
1504 1413 1742 1485 ἄρχουσί
1764 1410 1975 1482 τεπερὶ

279 1495 383 1567 τὴν
403 1499 713 1567 ἐπιμέλειαν
730 1502 844 1551 τῶν
862 1495 1192 1566 ἐπιτρόπων,
1224 1501 1276 1552 εἰ
1300 1496 1400 1566 μὲν
1427 1494 1506 1567 μὴ
1529 1496 1876 1566 παράδειγμά
1915 1516 1973 1551 τε

279 1584 494 1650 τροφῆς
530 1580 747 1632 παίδων
785 1579 1101 1648 ἐλευθέρων
1142 1580 1434 1648 ἐκέκτηντο
1482 1575 1640 1632 αὐτοὶ
1677 1579 1973 1647 τρέφοντες

280 1657 414 1726 τούς
433 1657 588 1714 αὑτῶ
593 1680 623 1713 v
639 1660 730 1713 καὶ
749 1664 862 1713 τῶν
883 1662 1102 1714 οἰκείων
1117 1659 1414 1730 χρημάτων
1433 1658 1872 1730 ἐπιμελούμενοι,
1895 1662 1973 1714 ἔτι

212 1748 246 1788 Ε
280 1741 340 1798 δὲ
357 1741 567 1812 νόμους
585 1741 709 1809 περὶ
722 1737 911 1796 αὐτῶν
927 1739 1141 1810 τούτων
1154 1747 1386 1813 μετρίως
1405 1744 1785 1814 διειρημένους
1805 1740 1970 1812 εἶχον,

280 1825 390 1897 εἶχέ
405 1839 528 1880 τινα
557 1823 730 1894 λόγον
754 1819 832 1878 ἂν
861 1823 1250 1895 ἐπιτροπικούς
1285 1846 1438 1890 τινας
1466 1824 1674 1895 νόμους
1707 1822 1780 1888 ῶς
1807 1822 1971 1887 ὄντας

278 1912 392 1977 ἰδία
428 1909 795 1979 διαφέροντας
825 1906 970 1961 πολὺ
1001 1909 1234 1977 τιθέναι,
1268 1912 1651 1970 ποικίλλοντας
1679 1903 1969 1976 ἐπιτηδεύ-

279 2005 449 2062 μασιν
462 1993 623 2054 ἰδίοις
642 1988 741 2045 τὸν
759 1993 875 2044 τῶν
894 1985 1164 2059 ὀρφανῶν
1182 1980 1308 2059 βίον
1328 1988 1477 2059 παρὰ
1497 1985 1598 2044 τὸν
1614 1992 1730 2043 τῶν
1747 1987 1836 2059 μή·
1861 1993 1970 2042 νῦν

277 2071 336 2127 δὲ
356 2076 432 2137 εἰς
449 2072 553 2142 μὲν
569 2068 637 2127 τὰ
659 2077 885 2127 τοιαῦτα
904 2070 1193 2143 ξύμπαντα
1218 2070 1287 2125 οὐ
1312 2067 1456 2126 πολὺ
1478 2073 1748 2142 διαφέρον
1767 2067 1799 2141 ἡ
1831 2071 1965 2137 παρ’

274 2151 407 2226 ἡμῖν
436 2152 681 2225 ὀρφανία
715 2158 968 2225 κέκτηται
995 2159 1092 2225 τῆς
1120 2159 1547 2224 πατρονομικῆς,
1578 2158 1756 2223 τιμαῖς
1788 2150 1847 2208 δὲ
1878 2154 1970 2207 καὶ

277 2232 515 2305 ἀτιμίαις
533 2233 647 2305 ἅμα
667 2238 757 2290 καὶ
777 2238 1165 2306 ἐπιμελείαισιν
1181 2233 1440 2306 οὐδαμῶς
1459 2237 1779 2302 ἐξισοῦσθαι
1802 2241 1966 2304 φιλεῖ,

159 2325 247 2370 928
282 2314 367 2372 διὸ
389 2315 454 2386 δὴ
477 2318 601 2386 περὶ
615 2323 784 2382 τοῦτο
805 2315 939 2372 αὐτὸ
963 2317 1066 2387 τὴν
1084 2315 1353 2388 ὀρφανῶν
1365 2321 1490 2389 πέρι
1509 2321 1852 2388 νομοθεσίαν
1869 2334 1964 2368 παο

279 2397 715 2468 ραμυθούμενός
739 2418 798 2452 τε
815 2401 907 2452 καὶ
925 2394 1169 2452 ἀπειλῶν
1189 2396 1218 2451 ὁ
1238 2398 1408 2467 νόμος
1427 2396 1788 2453 ἐσπούδακεν.
1823 2399 1901 2450 ἔτι
1920 2394 1966 2449 δ’

278 2479 477 2550 ἀπειλή
497 2501 578 2544 τις
595 2476 668 2535 ἂν
687 2479 873 2535 τοιοίδε
893 2487 975 2550 εἴη
996 2479 1144 2550 μάλα
1164 2483 1417 2551 ἔγκαιρος
1430 2500 1441 2512 ·
1477 2476 1537 2544 ὃς
1558 2474 1630 2534 ἀν
1646 2483 1836 2549 θῆλυν
1857 2483 1963 2533 εἴτε

276 2562 487 2635 ἄρρενα
507 2562 859 2635 ἐπιτροπεύῃ,
886 2563 978 2617 καὶ
1005 2562 1065 2627 ὂς
1091 2559 1164 2617 ἀν
1193 2560 1493 2632 ἐπιτρόπου
1523 2559 1706 2632 φύλαξ
1733 2566 1846 2615 τῶν
1864 2582 1964 2615 νο·-

275 2643 622 2746 μοφυλάκων
641 2643 916 2710 καταστὰς
934 2647 1262 2716 ἐπιμελῆται,
1275 2641 1348 2715 μὴ
1368 2654 1551 2714 χεῖρον
1569 2641 1832 2712 ἀγαπάτω
1852 2648 1964 2697 τῶν

277 2731 455 2781 αυτοῦ
471 2726 790 2797 τέκνωντὸν
808 2733 904 2798 τῆς
921 2724 1229 2798 ὀρφανικῆς
1246 2724 1608 2797 μετειληφότα
1628 2725 1812 2796 τύχης,
1826 2722 1964 2794 μηδε

277 2815 390 2863 τῶν
409 2813 629 2866 οἰκείων
646 2815 771 2866 τῶν
776 2815 878 2865 τοῦ
898 2811 1242 2881 τρεφομένου
1260 2819 1444 2879 χεῖρον
1459 2827 1756 2879 χρηματων
1774 2808 1959 2876 ἐπιμε-

317 2961 334 3023 f
361 2987 370 3019 x
