1976 3172
265 122 370 173 206
882 118 1355 195 ΠΛΑΤῼΝΟΣ

203 259 237 300 Β
271 252 571 325 ξυμπάσης,
590 257 703 306 τῶν
735 250 948 306 δώδεκα
976 256 1259 320 γυναικῶν
1285 255 1418 322 μίαν
1446 250 1535 321 ἐφ’
1571 253 1770 323 ἑκάστῃ
1789 254 1946 308 τετά-

269 344 404 408 χθαι
422 339 744 406 κοσμοῦσαν
763 329 884 388 κατ’
907 330 1164 388 ἐνιαυτὸν
1187 338 1299 388 τῶν
1333 335 1749 405 προειρημένων
1777 332 1842 399 ἃς
1875 331 1964 389 ἂν·

271 417 506 484 τάξωσιν
531 418 589 471 οἰ
603 413 1004 485 νομοφύλακες.
1041 411 1242 478 ταύτας
1270 412 1329 468 δὲ
1357 416 1734 482 αἱρείσθωσαν
1763 415 1864 485 μὲν
1892 418 1964 470 αὗ.

272 505 385 554 τῶν
405 497 599 569 γάμων
618 496 811 566 κύριαι
837 502 931 567 τῆς
959 498 1277 566 ἐπιμελείας,
1305 497 1359 560 ἐξ
1391 495 1623 566 ἑκάστης
1648 502 1744 567 τῆς
1771 502 1965 566 φυλῆς,

200 616 205 620 -
273 587 422 652 μίαν,
441 578 635 651 ἥλικας
653 577 863 643 αὑταῖς·
901 574 935 648 ἡ
958 576 1016 633 δὲ
1044 582 1359 633 καταστᾶσα
1379 575 1585 646 άρχέτω
1607 585 1854 649 φοιτῶσα
1876 581 1952 642 εἰς

271 661 333 718 τὸ
350 662 502 734 ἱερὸν
520 660 748 732 ἑκάστης
768 658 974 731 ἡμέρας
993 660 1084 715 καὶ
1095 659 1403 725 κολάζουσα
1422 658 1506 715 ἀεὶ
1517 658 1615 716 τὸν
1632 658 1961 728 ἀδικοῦντα,

275 748 482 800 δοῦλον
500 742 601 812 μὲν
619 744 711 797 καὶ
732 740 1042 811 δούληνκαὶ
1061 744 1220 807 ξένον
1238 744 1328 798 καὶ
1341 745 1502 813 ξένην
1517 739 1654 812 αὐτὴ
1676 743 1766 797 διά
1783 763 1966 797 τινων

274 833 369 895 τῆς
397 824 609 887 πόλεως
638 827 888 918 οἰκετων,
919 827 1149 892 πολίτην
1177 824 1236 878 δε
1268 821 1725 895 ἀμφισβητοῦντα
1755 846 1856 894 μεν
1886 828 1965 893 τῇ

215 921 247 964 c
276 904 501 961 κολάσει
520 902 659 973 πρὸς
677 900 808 967 τούς
831 900 1183 972 ἀστυνόμους
1213 905 1300 957 ε’πὶ
1328 907 1489 974 δίκην
1512 904 1742 974 α’γουσα,
1774 901 1956 973 ἀναμ-

277 987 619 1058 φισβήτητον
639 981 739 1041 δὲ’
718 983 856 1040 όντα
873 984 967 1039 καὶ
984 982 1084 1038 τὸν
1102 987 1329 1053 πολίτην
1349 982 1488 1054 αὐτὴ
1507 988 1789 1050 κολαζέτω.
1821 1006 1976 1055 petav

278 1069 336 1126 δὲ
358 1067 457 1125 τὸν
476 1071 621 1138 ἑξέτη
640 1068 732 1123 καὶ
751 1064 855 1137 ’τὴν
870 1066 1038 1131 ἑξέτιν
1058 1067 1429 1136 διακρινέσθω
1449 1065 1551 1135 μὲν
1570 1064 1677 1136 ἤδη
1707 1064 1767 1120 τὸ
1797 1070 1970 1135 γένος)

277 1152 576 1222 ἑκατέρων·
607 1149 767 1220 κόροι
791 1149 893 1219 μὲν
922 1147 1056 1218 μετὰ
1077 1147 1279 1219 κόρων,
1314 1150 1588 1217 παρθένοι
1615 1147 1674 1202 δὲ
1699 1143 1972 1211 ὡσαύτως)

278 1233 393 1305 μετ’
436 1231 692 1303 ἀλλήλων
729 1229 832 1301 τὴν
867 1227 1156 1301 διατριβὴν
1184 1233 1588 1285 ποιείσθωσαν
1628 1225 1768 1297 πρὸς
1805 1230 1864 1282 δὲ
1891 1225 1976 1282 τοὶ)

279 1314 582 1418 μαθηματα
607 1315 910 1384 τρέπεσθαι
927 1309 1107 1382 χρεών
1127 1312 1435 1382 ἑκατέρους,
1453 1308 1586 1374 τούς
1603 1312 1706 1380 μὲν
1723 1308 1974 1381 ἄρρεναςῑ

280 1395 370 1467 ἐφ’
391 1399 578 1451 ἵππων
597 1391 962 1456 διδασκάλους
980 1394 1070 1447 καὶ
1088 1391 1267 1456 τόξων
1279 1392 1370 1446 και
1389 1388 1662 1446 ἀκοντίων
1681 1391 1772 1445 καὶ
1786 1405 1959 1459 σφεν-

215 1483 250 1524 Ῑ)
283 1478 579 1549 δονήσεως,
599 1474 700 1532 ἐὰν
726 1475 790 1530 δέ
814 1494 889 1545 πη
915 1477 1249 1544 ξυγχωρῶσι,
1280 1475 1433 1544 μέχρι
1460 1493 1523 1542 γε
1553 1470 1848 1542 μαθήσεως
1871 1471 1962 1524 καὶ

279 1581 346 1616 τα
380 1559 575 1631 θήλεα,
613 1559 704 1613 καὶ
743 1555 810 1628 δὴ
850 1555 916 1610 τά
951 1576 1013 1625 γε
1049 1554 1283 1625 μάλιστα
1320 1551 1458 1621 πρὸς
1486 1550 1590 1622 τὴν
1620 1572 1734 1606 των
1771 1548 1961 1605 όπλων

280 1640 585 1714 χρείαν.τό
605 1661 715 1710 γαρ
735 1638 801 1709 δη
822 1644 932 1692 νῦν
951 1635 1224 1701 καθεστὸς
1243 1636 1368 1706 περὶ
1386 1632 1452 1689 τὰ
1486 1638 1712 1688 τοιαῦτα
1741 1629 1976 1701 οἷγνοεῖ---·Ι

281 1747 370 1780 ται
388 1742 536 1794 παρα
558 1733 672 1786 τοῖς
696 1725 866 1775 πᾶσιν
891 1716 1098 1789 ὀλίγου.
1607 1744 1610 1753 ·
1968 1739 1976 1780 ¹,

425 1811 543 1861 KA.
588 1802 662 1858 Τό
684 1813 871 1866 ποῖον;

423 1892 481 1942 V.
516 1893 634 1944 ΑΘ.
663 1883 802 1950 Ὡς’
779 1885 887 1955 άρα
903 1882 970 1939 τὰ
991 1881 1137 1948 δεξιὰ
1152 1883 1243 1938 καὶ
1260 1903 1326 1937 τα
1347 1876 1606 1950 ἀριστερα
1628 1877 1963 1947 διαφέροντά

284 1967 409 2028 ἐσθ’
433 1968 592 2040 ἡμῶν
612 1967 780 2038 φύσει
810 1964 951 2035 πρὸς
978 1961 1075 2028 τὰς
1100 1967 1282 2034 χρείας
1311 1966 1387 2027 εἰς
1417 1961 1647 2023 ἑκάστας
1677 1965 1790 2013 τῶν
1820 1955 1976 2030 πρά-

285 2058 423 2119 ξεων
442 2051 509 2108 τὰ
525 2054 649 2122 περὶ
668 2073 763 2116 τας
779 2060 979 2120 χεῖρας,
1009 2049 1124 2103 ἐπεὶ
1151 2046 1218 2102 τά
1246 2068 1308 2116 γε
1337 2046 1461 2116 περὶ
1490 2041 1665 2107 πόδας
1694 2063 1752 2097 τε
1780 2042 1870 2097 καὶ
1899 2061 1976 2095 τα.

285 2137 434 2192 κάτω
455 2156 570 2191 των
588 2139 772 2205 μελῶν
791 2127 958 2188 οὐδέν
978 2131 1314 2200 διαφέροντα
1335 2131 1411 2191 είς
1433 2124 1564 2190 τοὺς
1594 2123 1802 2188 πόνους
1832 2129 1976 2192 φαί-

221 2226 266 2266 -Ε
296 2238 472 2273 νεται·
503 2216 570 2272 τὰ
591 2217 650 2271 δὲ
667 2237 805 2271 κατα
822 2225 1004 2284 χεῖρας
1024 2211 1186 2267 ἀνοία
1204 2214 1431 2281 τροφῶν
1447 2209 1540 2264 καὶ
1568 2208 1818 2310 μητέρων
1848 2199 1972 2259 οἷον

289 2299 454 2370 χωλοὶ
469 2296 777 2366 γεγόναμεν
803 2297 1035 2351 ε’καστοι.
1074 2300 1171 2365 τῆς
1193 2293 1417 2363 φύσεως
1439 2291 1544 2361 γὰρ
1567 2291 1838 2357 ἑκατέρων
1856 2307 1968 2341 των

291 2384 474 2451 μελων
503 2377 700 2447 σχεδὸν
730 2375 1152 2446 ἰσορροπούσης,
1184 2371 1356 2438 αὐτοὶ
1363 2371 1455 2426 διὰ
1484 2393 1551 2425 τα
1590 2375 1693 2445 ἔθη
1725 2368 1967 2467 διάφορα

292 2457 433 2517 αυτὰ
452 2456 830 2529 πεποιήκαμεν
848 2454 951 2510 οὐκ
970 2454 1156 2523 ὀρθως
1168 2452 1454 2522 χρώμενοι.
1494 2451 1554 2504 ἐν
1575 2447 1724 2512 ὅσοις
1741 2469 1841 2518 μεν
1860 2445 1968 2516 γὰρ

252 2549 255 2552 ’
293 2549 405 2599 τῶν
424 2543 603 2611 ἔργων
622 2537 694 2610 μὴ
718 2540 854 2609 μέγα
873 2539 1139 2607 διαφέρει,
1160 2533 1306 2606 λύρα
1325 2533 1427 2603 μεν
1446 2534 1508 2587 ἐν
1536 2528 1795 2602 άριστερα
1819 2527 1976 2598 χρώ-ω

292 2645 480 2697 μενον,
501 2621 759 2723 πλήκτρῳ
783 2619 885 2675 δε’
858 2640 917 2674 εν
937 2622 1102 2690 δεξιᾷ,
1133 2620 1359 2686 πρᾶγμα
1389 2610 1571 2683 οὐδέν,
1602 2609 1742 2667 καὶ
1721 2610 1825 2667 όσα
1853 2629 1976 2664 τοι·

296 2714 462 2764 αὕτα·
494 2705 710 2769 τούτοις
730 2701 789 2758 δε
806 2704 1206 2774 παραδείγμασι
1223 2697 1510 2770 χρώμενον
1529 2695 1619 2750 καὶ
1644 2696 1718 2758 εἰς
1738 2690 1875 2746 άλλα
1893 2687 1967 2760 μὴ

182 2802 266 2847 795
298 2772 426 2847 δέον
446 2786 591 2845 οὕτω
612 2793 853 2859 χρῆσθαι
878 2782 1073 2856 σχεδὸν
1102 2780 1277 2838 άνοια.
1319 2783 1485 2844 ἔδειξε
1514 2775 1573 2832 δε
1599 2780 1770 2831 ταῦτα
1796 2768 1825 2827 ὁ
1857 2776 1976 2828 τῶν,
