1976 3172
236 138 340 191 122
870 130 1345 190 ΠΛΑΤΩΝΟΣ
1393 131 1408 145 ⁸

372 278 492 328 ΚΛ,
526 270 870 343 Ἀναγκαῖον.
1972 328 1976 330 ,

374 351 492 412 ΑΘ.
530 363 764 431 Σμικρῷ
794 355 861 428 δὴ
899 357 1154 429 πρόσθεν
1184 352 1294 430 ἆρα
1324 355 1428 414 οὐκ
1461 357 1783 430 ἠκούσαμέν
1818 375 1922 415 σου
1971 389 1976 438 3

231 440 508 508 λέγοντος,
547 435 622 503 ὥς
652 437 752 494 τὸν
789 442 1103 510 νομοθέτην
1138 438 1208 495 οὐ
1248 444 1336 496 δεῖ
1366 451 1479 505 τοῖς
1515 452 1765 511 ποιηταῖς
1805 443 1924 497 έπι-
1963 441 1976 507 ξ

229 523 451 625 τρέπειν
480 529 676 591 ποιεῖν,
702 518 736 576 ὃ
771 515 843 576 ἂν
873 519 1058 586 αὐτοις
1088 515 1126 594 ᾗ
1154 529 1345 593 φίλον;
1382 521 1450 579 οὐ
1478 521 1587 594 γὰρ
1619 545 1692 578 αν
1711 527 1921 592 εἰδεῖεν,
1962 509 1976 610 j

229 606 288 658 τί
305 601 427 658 ποτ’
462 605 717 660 ἐναντίον
746 615 859 670 τοῖς
887 603 1091 674 νόμοις
1106 600 1179 660 ἂν
1205 608 1459 676 λέγοντες
1488 603 1786 677 βλάπτοιεν
1821 602 1924 676 τὴν
1962 597 1976 665 5

162 743 164 746 ,
229 682 412 740 πόλιν.
1972 707 1976 714 ·

374 771 496 821 KA.
531 764 739 838 Ἀληθῆ
760 770 947 837 μέντοι
968 769 1156 836 λέγεις.

370 852 487 901 ΛΘ.
517 844 679 916 Υπὲρ
701 846 769 918 δὴ
787 854 900 903 τῶν
918 853 1164 918 ποιητῶν
1176 853 1226 903 εἰ
1241 850 1372 905 τάδε
1392 852 1645 921 λέγοιμεν
1664 846 1803 919 πρὸς
1818 845 1922 902 αὐ-

228 927 351 999 τόν,
372 921 468 996 αρ’
492 923 566 983 ὄὶν
583 926 648 982 τὰ
665 931 933 998 λεχθέντα
953 935 1035 998 εἴη
1055 932 1273 998 μέτρια;

370 1014 490 1067 ΚΛ.
526 1015 696 1075 Ποια;
1962 1064 1976 1076 λ,

163 1094 196 1136 C
373 1097 493 1148 ΑΘ.
537 1090 709 1146 Τάδε·
732 1092 965 1165 παλαιὸς
983 1098 1185 1163 μῦθος,
1207 1111 1250 1146 ω
1234 1085 1571 1163 ’νομοθέτα,
1602 1091 1715 1148 ὑπό
1741 1113 1797 1148 τε
1818 1092 1923 1147 αὐ-
1972 1114 1976 1115 ’

227 1178 343 1251 τῶν
361 1171 524 1244 ἡμῶν
543 1171 627 1228 άεὶ
646 1172 948 1245 λεγόμενός
966 1171 1079 1230 ε’σ”τι
1099 1175 1322 1240 καὶτοῖς
1341 1173 1528 1240 ἄλλοις
1558 1181 1694 1231 πᾶσι
1727 1177 1924 1241 ξυνδε-

229 1257 514 1327 δογμένος,
547 1255 632 1311 ὅτι
663 1257 907 1328 ποιητής,
941 1253 1150 1312 ὁπόταν
1175 1259 1237 1313 ἐν
1270 1263 1349 1331 τῷ
1383 1260 1602 1327 τρίποδι
1629 1263 1723 1328 τῆς
1753 1257 1925 1312 Μού-

228 1353 328 1409 σης
349 1342 659 1409 καθίζηται,
679 1337 803 1394 τότε
830 1335 935 1394 οὐκ
957 1342 1188 1410 ἔμφρων
1206 1340 1372 1408 ἐστίν,
1395 1335 1517 1394 οἷον
1545 1338 1605 1394 δὲ
1635 1339 1814 1410 κρήνη
1843 1334 1950 1404 ‘ngx

226 1420 289 1475 τὸ
333 1417 493 1474 έπιόν
535 1421 654 1487 ῥεῖν
691 1420 918 1490 ἑτοίμως
954 1423 1034 1493 ἑᾷ,
1074 1422 1166 1475 καὶ
1197 1425 1295 1491 τῆς
1332 1424 1522 1490 τέχνης
1545 1418 1715 1490 οὔσης
1754 1419 1924 1490 μιμή-

229 1517 369 1566 σεως
399 1499 764 1572 ἀναγκάζεται
789 1505 1062 1567 ἐναντίως
1084 1501 1341 1574 ἀλλήλοις
1375 1501 1716 1570 ἀνθρώπους
1746 1508 1923 1557 ποιῶν

228 1584 652 1654 διατιθεμένους
671 1586 893 1640 ἐναντία
911 1587 1093 1655 λέγειν
1113 1582 1266 1657 αὐτῷ
1284 1583 1565 1653 πολλάκις,
1587 1583 1700 1638 οἶδε
1721 1582 1780 1639 δὲ
1799 1581 1920 1639 οὔτ’

162 1671 198 1712 D
233 1669 283 1720 εἰ
298 1670 473 1721 ταῦτα
495 1663 616 1720 οὔτ’
639 1670 691 1721 εἰ
703 1666 918 1736 θάτερα
937 1665 1125 1739 ἀληθῆ
1141 1674 1255 1722 τῶν
1276 1667 1614 1737 λεγομένων·
1647 1669 1722 1739 τῷ
1745 1666 1802 1721 δὲ
1823 1687 1924 1722 νο-

224 1751 441 1820 μοθέτη
459 1754 623 1803 τοῦτο
650 1746 755 1804 οὐκ
786 1753 899 1804 ἔστι
926 1761 1106 1805 ποιεῖν
1136 1751 1199 1805 έν
1218 1755 1295 1822 τῷ
1315 1746 1485 1822 νόμῳ,
1508 1747 1611 1802 δύο
1632 1750 1757 1818 περὶ
1779 1747 1919 1818 ἑνός,

230 1826 372 1885 ἄλλα
406 1829 507 1883 ἕνα
535 1831 660 1900 περὶ
692 1827 816 1894 ἑνὸς
844 1829 928 1886 ἀεὶ
958 1834 1046 1886 δεῖ
1065 1829 1234 1901 λόγον
1256 1827 1690 1899 ἀποφαίνεσθαι.
1724 1832 1921 1894 σκέψαι

227 1909 277 1966 δ’
303 1913 357 1976 ἐξ
386 1909 574 1966 αὐτῶν
593 1917 706 1967 ταῖν
729 1909 840 1967 ὑπὸ
872 1918 976 1967 σοῦ
1007 1919 1116 1967 νῦν
1147 1910 1213 1983 δὴ
1244 1914 1571 1982 λεχθέντων.
1614 1908 1785 1980 οὔσης
1812 1909 1919 1980 γάρ

226 1994 406 2065 ταφῆς
424 2000 520 2065 τῆς
547 1997 648 2065 μὲν
677 1992 1178 2066 ὑπερβεβλημένης,
1207 2000 1305 2066 τῆς
1333 1994 1393 2050 δὲ
1424 1991 1797 2062 ἐλλειπούσης,
1826 1997 1922 2062 τῆς

228 2074 289 2130 δὲ
327 2081 567 2149 μετρίας,
605 2077 707 2149 τὴν
743 2083 875 2148 μίαν
913 2078 1173 2149 ἑλόμενος
1211 2076 1301 2147 σύ,
1341 2074 1444 2146 τὴν
1480 2078 1670 2146 μέσην,
1709 2073 1922 2144 ταύτην

227 2158 586 2228 προστάττεις
618 2162 712 2216 καὶ
748 2160 1017 2234 ἐπῄνεσας
1049 2157 1268 2224 ἁπλῶς·
1306 2157 1414 2228 ἐγώ
1454 2159 1531 2227 δέ,
1565 2161 1616 2212 εἰ
1643 2157 1745 2227 μὲν
1773 2154 1922 2227 γυνή
1962 2194 1971 2223 .

227 2261 323 2311 μοι
343 2243 686 2311 διαφέρουσα
705 2250 788 2314 εἴη
809 2243 1032 2316 πλούτῳ
1051 2244 1142 2298 καὶ
1164 2239 1406 2296 θάπτειν
1435 2235 1612 2310 αὑτὴν
1634 2237 1921 2294 διακελεύ-

169 2335 204 2376 Ε
235 2341 350 2377 οιτο
379 2324 442 2377 έν
468 2327 549 2394 τῷ
566 2323 844 2394 ποιήματι,
874 2323 973 2379 τὸν
1001 2322 1426 2394 ὑπερβάλλοντα
1451 2317 1524 2376 ἂν
1552 2320 1735 2390 τάφον
1764 2321 1920 2374 ἐπαι-

224 2409 405 2476 νοίην,
427 2404 699 2481 φειδωλὸς
729 2403 779 2459 δ’
814 2399 888 2459 αὖ
917 2428 996 2469 τις
1027 2405 1119 2460 καὶ
1151 2407 1318 2474 πένης
1347 2399 1492 2472 άνὴρ
1521 2398 1623 2456 τὸν
1659 2403 1917 2470 καταδεᾶ,

227 2487 434 2588 μέτρον
462 2487 523 2543 δε
551 2484 744 2567 οὐσίας
775 2487 1107 2558 κεκτημένος
1132 2486 1225 2541 καὶ
1255 2488 1473 2560 μέτριος
1504 2480 1672 2547 αὐτὸς
1702 2504 1783 2536 ων
1817 2480 1919 2537 τὸν

226 2566 403 2625 αὐτὸν
441 2564 512 2625 ἂν
558 2572 850 2626 έπαινέσοι.
899 2569 986 2625 σοι
1023 2565 1075 2624 δ’
1121 2589 1224 2638 ονχ
1246 2565 1408 2623 οὕτω
1447 2567 1661 2637 ῥητέον,
1701 2562 1774 2629 ὠς
1809 2569 1919 2619 νῦν

227 2648 392 2720 εἶπες,
405 2653 636 2751 μέτριον
656 2651 847 2721 εἰπών,
870 2647 1012 2707 ἄλλα
1030 2652 1088 2706 τί
1100 2647 1162 2706 vd
1186 2649 1410 2721 μέτριον
1429 2648 1520 2704 καὶ
1552 2645 1784 2718 ὁπόσον,
1817 2649 1917 2717 ῥη-

224 2735 368 2804 τέον,
392 2729 430 2804 ἢ
457 2731 559 2789 τὸν
577 2739 834 2790 τοιοῦτον
862 2733 1035 2805 λόγον
1065 2731 1227 2805 μήπω
1253 2749 1340 2787 σοι
1373 2734 1605 2787 διανοοῦ
1622 2733 1916 2800 γίγνεσθαι
1949 2803 1956 2805 ξ

224 2813 420 2886 νόμον.
