1976 3172
241 131 310 182 90
835 133 1315 191 ΠΛΑΤΩΝΟΣ

237 265 426 334 ὀρθως
453 265 619 334 λέγοι,
649 265 743 319 καὶ
766 261 870 335 τὴν
895 288 996 336 μεν
1023 265 1461 338 προσαγορεύειν
1487 271 1792 337 μοναρχίαν
1819 266 1919 338 ὀρ-

234 343 367 415 θόν,
386 341 488 416 τὴν
508 341 562 400 δ’
584 366 657 400 av
677 348 1065 419 δημοκρατίαν·
1086 350 1179 403 καὶ
1197 354 1293 418 τῆς
1312 351 1415 418 μὲν
1431 347 1493 403 τὸ
1506 354 1743 418 Περσῶν
1759 352 1920 421 γένος

235 423 414 498 ἄκρον
431 429 590 497 ἔχειν,
616 431 713 498 τῆς
731 425 838 484 δὲ’
809 433 975 499 ημᾶς·
1007 433 1068 486 αἱ
1082 428 1135 485 δ’
1157 429 1318 486 α’λλαι
1336 428 1538 500 σχεδὸν
1564 430 1789 502 ἅπασαι,
1814 452 1919 487 κα-

233 506 421 578 θάπερ
440 505 613 577 εἶπον,
635 509 695 563 ἐκ
717 508 934 565 τούτων
954 513 1056 567 εἰσὶ
1071 514 1588 582 διαπεποικιλμέναι.
1626 516 1713 568 δεῖ
1724 511 1790 583 δὴ
1813 533 1919 567 ουν

233 591 326 644 καὶ
344 585 651 660 ἀναγκαῖον
668 596 996 662 μεταλαβεῖν
1014 589 1226 665 οἷμφοῖν
1244 592 1485 663 τούτοιν,
1515 601 1667 663 εἴπερ
1689 594 1918 649 ἐλευθε-

173 674 208 715 Ε
239 674 329 739 ρία
356 667 407 724 τ’
436 673 587 726 ἔσται
621 672 712 726 καὶ
749 677 905 742 φιλία
938 671 1073 743 μετὰ
1112 674 1459 746 φρονήσεως·
1493 674 1526 731 ὃ
1562 673 1629 746 δὴ
1661 674 1920 748 βούλεται

231 749 364 822 ἡμῖν
382 748 411 807 ὁ
431 751 597 821 λόγος
615 752 991 825 προστάττειν,
1011 756 1205 827 λέγων,
1229 752 1304 822 ὡς
1323 755 1428 812 οὐκ
1449 755 1521 812 ἄν
1549 775 1682 812 ποτε
1701 755 1918 811 τούτων

232 830 390 896 πόλις
409 830 637 902 ἄμοιρος
655 836 924 905 γενομένη
944 842 1342 907 πολιτευθῆναι
1361 834 1574 892 δύναιτ’
1597 829 1669 892 ἂν
1687 841 1882 899 καλῶς.
1919 904 1924 910 .

371 915 489 965 ΚΛ.
526 917 654 975 Πῶς
674 910 781 987 γὰρ
801 911 897 979 ἄνς

373 997 493 1047 ΑΘ.
525 989 595 1047 ‘H
617 993 721 1063 μὲν
748 998 942 1049 τοίνυν
974 993 1035 1049 τό
1071 995 1426 1067 μοναρχικόν,
1456 996 1491 1066 ἡ
1518 999 1578 1052 δὲ
1595 994 1657 1053 τὸ
1686 995 1920 1052 ἐλεύθε-

232 1094 336 1144 ρον
355 1070 687 1145 ἀγαπήσασα
715 1074 979 1145 μειζόνως
1008 1070 1045 1145 ἦ
1071 1078 1183 1130 ἔδει
1212 1076 1410 1146 μόνον,
1429 1075 1692 1147 οὐδετέρα
1720 1075 1786 1130 τὰ
1821 1078 1921 1145 μέ-

230 1175 352 1223 τρια
371 1157 623 1226 κέκτηται
642 1158 885 1211 τούτων·
923 1159 984 1212 αἱ
1009 1158 1068 1211 δὲ
1084 1153 1362 1228 ὑμέτεραι,
1381 1154 1419 1227 ἥ
1439 1178 1498 1212 τε
1514 1155 1809 1226 Λακωνικὴ
1829 1157 1921 1211 καὶ

229 1235 499 1308 Κρητική,
528 1242 760 1307 μᾶλλον,
802 1235 1088 1309 Ἀθηναῖοι
1118 1237 1178 1294 δὲ
1208 1239 1302 1294 καὶ
1331 1241 1545 1310 Πέρσαι
1577 1235 1639 1293 τὸ
1671 1236 1771 1308 μὲν
1809 1236 1921 1291 πά-
1974 1299 1976 1305 Α

117 1322 203 1369 694
231 1325 320 1402 λαι
350 1315 498 1373 οὕτω
527 1336 660 1388 πως,
682 1318 744 1374 τὸ
776 1324 886 1374 νῦν
917 1320 976 1375 δὲ
997 1311 1178 1390 ἦττον.
1215 1317 1285 1374 τοὶ
1315 1317 1368 1385 δ’
1402 1326 1548 1376 αἴτια
1583 1320 1916 1388 διέλθωμεν·

230 1402 264 1471 ἢ
295 1399 429 1470 70293

371 1485 490 1540 KA.
528 1479 780 1552 Πάντως,
802 1487 855 1537 εἴ
869 1483 933 1551 γέ
958 1500 1070 1537 που
1088 1483 1359 1552 μέλλομεν
1381 1477 1413 1535 ὃ
1431 1475 1799 1550 προύθέμεθα
1818 1496 1916 1532 πε-

232 1565 460 1665 ραίνειν.

333 1649 488 1698 ’.ΑΘ
522 1639 838 1714 Ἀκούωμεν
859 1643 944 1714 δή
983 1645 1198 1715 Πέρσαι
1223 1643 1352 1713 γάρ,
1372 1639 1464 1696 ότε
1488 1663 1593 1711 μεν
1610 1637 1671 1696 τὸ
1692 1642 1917 1711 μέτριον

229 1728 444 1794 μαλλον
464 1727 716 1791 δουλείας
733 1746 791 1781 τε
809 1726 902 1781 καὶ
919 1727 1240 1793 ἐλευθερίας
1265 1725 1406 1795 ἦγον
1425 1723 1512 1779 ἐπὶ
1527 1721 1741 1792 Κύρου,
1763 1740 1918 1794 πρω-

228 1824 328 1864 τον
347 1826 449 1874 μεν
468 1805 759 1874 ἐλεύθεροι
777 1809 1051 1877 ἐγένοντο,
1081 1808 1267 1861 ἔπειτα
1286 1804 1347 1860 δε
1376 1801 1564 1858 αλλων
1581 1807 1804 1857 πολλων
1824 1805 1915 1855 δε-

230 1886 442 1940 σπόται.
489 1888 808 1958 ἐλευθερίας
834 1909 943 1959 γαρ
983 1887 1244 1959 ἄρχοντες
1270 1882 1653 1957 μεταδιδόντες
1680 1879 1915 1953 ἀρχομέ-

228 1988 346 2031 νοις
366 1968 457 2023 καὶ
476 1969 565 2024 ἐπὶ
590 1967 651 2025 τό
673 1976 799 2025 ἴσον
828 1968 1056 2040 ἄγοντες
1075 1974 1292 2039 μᾶλλον
1321 1970 1474 2036 φίλοι
1491 1986 1549 2021 τε
1576 1958 1719 2036 ἦσαν
1748 1980 1916 2033 στρα-

169 2065 202 2105 Β
231 2071 422 2105 τιωται
445 2061 770 2154 στρατηγοῖς
787 2051 880 2106 καὶ
897 2050 1230 2122 προθύμους
1260 2046 1467 2112 αὐτους
1493 2049 1554 2102 ἐν
1579 2056 1693 2110 τοῖς
1721 2043 1918 2100 κινδύ-

230 2154 348 2197 νοις
367 2136 712 2203 παρείχοντο,
741 2133 834 2188 καὶ
862 2139 1017 2196 εἴτις
1044 2153 1116 2186 av
1143 2130 1416 2202 φρόνιμος
1434 2121 1503 2200 ἦν
1534 2130 1594 2183 ἐν
1620 2123 1807 2192 αὐτοῖς
1825 2128 1919 2182 καὶ

230 2211 524 2283 βουλεύειν
542 2213 796 2284 δυνατός,
818 2211 888 2269 ού
906 2217 1199 2316 φθονεροῦ
1227 2217 1330 2268 τοῦ
1342 2207 1651 2308 flaocado-09²
1632 2207 1810 2278 όντος,
1832 2211 1917 2262 δι-

232 2291 430 2356 δόντος
449 2291 510 2347 δὲ
526 2298 840 2369 παρρησίαν
861 2294 953 2348 καὶ
970 2312 1239 2362 τιμωντος
1258 2292 1388 2356 τούς
1409 2298 1486 2355 εἴς
1502 2312 1553 2345 τι
1573 2291 1917 2359 δυναμένους

233 2373 655 2446 συμβουλεύειν,
676 2372 872 2444 κοινὴν
898 2371 1001 2443 τὴν
1019 2378 1120 2427 τοῦ
1147 2382 1379 2442 φρονεῖν
1398 2375 1483 2438 εἰς
1499 2368 1560 2424 τὸ
1581 2372 1754 2440 μέσον
1771 2387 1916 2437 παρ-

231 2461 401 2528 είχετο
432 2454 687 2532 δύναμιν,
728 2455 821 2511 καὶ
859 2453 1039 2509 πάντα
1070 2450 1137 2523 δὴ
1167 2452 1288 2508 τότε
1318 2454 1592 2508 ἐπέδωκεν
1621 2446 1807 2513 αὐτοῖς
1838 2445 1911 2503 δι’

232 2541 563 2608 ἐλευθερίαν
581 2558 639 2593 τε
657 2538 750 2593 καὶ
769 2540 959 2607 φιλίαν
979 2535 1070 2591 καὶ
1085 2537 1192 2589 νοῦ
1210 2538 1522 2589 κοινωνίαν.

370 2627 490 2676 ΚΛ.
514 2619 694 2676 Ἕοικέ
711 2622 776 2690 γέ
791 2640 907 2684 πως
928 2616 995 2673 τὰ
1013 2616 1284 2688 λεγόμενα
1303 2613 1448 2670 οὕτω
1467 2614 1769 2684 γεγονέναι.

173 2708 205 2750 C
334 2766 346 2773 ⁵
375 2708 492 2758 ΛΘ.
527 2708 621 2776 Πῇ
640 2700 706 2773 δὴ
729 2694 834 2757 οὖν
854 2702 983 2755 ποτε
1005 2697 1252 2755 ἀπώλετο
1271 2699 1358 2752 ἐπὶ
1376 2691 1687 2767 Καμβύσου
1705 2694 1795 2750 καὶ
1815 2692 1925 2749 πά-
