1976 3172
265 87 370 141 388
881 87 1057 134 HAA
1075 84 1178 135 m
1191 48 1356 135 ΝοΣ

266 231 384 277 τοῖν
403 224 561 275 δυοῖν
581 225 694 274 ἴσαι
710 223 1028 289 γίγνωνται,
1049 224 1115 290 τῆ
1147 217 1338 290 ἀγαθῇ
1355 227 1520 293 μοίρᾳ
1546 222 1640 279 καὶ
1665 223 1801 295 τύχῃ
1831 228 1949 280 ε’πι-

267 306 588 371 τρέψαντας,
626 299 814 372 κλήρῳ
846 298 1129 364 διελόντας
1156 298 1257 356 τὸν
1287 308 1530 356 νικῶντα
1567 302 1659 358 καὶ
1688 303 1949 375 δεύτερον

265 384 355 438 καὶ
373 386 561 454 τρίτον
579 386 932 451 στεφανῶσαι
948 387 1146 454 θαλλῷ
1167 383 1259 436 καὶ
1277 380 1345 437 τά
1366 379 1611 452 ἀριστεῖα
1641 381 1951 450 ἀποδόντας

265 469 434 520 πᾶσιν
471 460 736 533 ἀνειπεῖν,
767 461 852 518 ὅτι
880 462 1205 534 Μαγνήτων
1237 461 1271 533 ἡ
1310 461 1449 519 κατά
1483 464 1627 520 θεὸν
1655 465 1823 522 πάλιν
1850 488 1951 522 τυ-

263 551 438 616 χοῦσα
470 548 740 615 σωτηρίας
769 543 946 615 πόλις,
976 542 1317 617 ἀποφήνασα
1344 543 1515 617 αὑτῆς
1545 543 1710 621 Ἡλίῳ
1742 547 1951 620 ἄνδρας

202 652 232 692 c
262 625 394 692 τούς
407 622 668 698 ἀρίστους
685 635 845 696 τρεῖς,
868 624 1196 697 ἀκροθίνιον
1231 624 1534 683 Ἀπόλλωνι
1561 627 1699 684 κατά
1718 627 1818 685 τὸν
1842 648 1950 685 πα-

266 708 426 764 λαιὸν
461 708 641 777 νόμον
678 705 976 778 ἀνατίθησι
1009 705 1205 764 κοινὸν
1239 710 1332 764 καὶ
1373 706 1554 783 Ἡλίῳ,
1595 708 1838 780 ὅσονπερ
1878 705 1951 765 ἄν

266 791 505 844 ἕπωνται
523 788 730 857 χρόνον
745 793 813 856 τῇ
830 794 1020 857 κρίσει.
1059 789 1292 854 τούτους
1323 789 1382 845 δὲ
1410 790 1608 863 πρώτω
1639 789 1743 861 μὲν
1761 793 1951 846 ἐνιαυ-

264 876 342 946 τῷ
361 869 573 927 δώδεκα
589 867 870 932 εὐθύνους
889 865 1185 938 ἀποδεῖξαι,
1199 871 1456 940 μέχριπερ
1472 868 1542 925 ἀν
1562 870 1770 945 ἑκάστῳ
1790 873 1950 926 πέντε

265 954 356 1010 καὶ
376 953 752 1025 ἑβδομήκοντα
772 953 863 1020 ἔτη
887 954 1068 1022 ξυμβῇ
1096 949 1386 1021 γενόμενα,
1407 948 1468 1006 τὸ
1501 951 1697 1007 λοιπὸν
1718 954 1776 1007 δὲ
1807 963 1952 1022 τρεῖς

264 1035 350 1092 ἀεὶ
388 1035 852 1104 προσγιγνέσθων
887 1030 1008 1087 κατ’
1047 1030 1330 1088 ἐνιαυτόν·
1366 1025 1521 1088 οὗτοι
1559 1032 1618 1089 δὲ
1652 1031 1750 1098 τὰς
1785 1031 1952 1104 ἀρχὰς

265 1118 445 1182 πάσας
465 1116 682 1172 δώδεκα
699 1117 835 1186 μέρη
857 1113 1167 1186 διελόμενοι
1184 1114 1385 1180 πάσαις
1395 1114 1660 1187 βασάνοις
1679 1112 1952 1186 χρεόμενοι

265 1202 584 1270 ἐλευθέραις
622 1197 975 1269 ἐλεγχόντων.
1026 1197 1337 1254 οἰκούντων
1374 1201 1451 1270 δέ,
1491 1196 1629 1254 ὅσον
1667 1195 1738 1254 ἀν
1774 1195 1952 1255 εὐθύ-

208 1299 242 1339 D
270 1298 406 1338 νωσι
426 1281 649 1354 χρόνον,
668 1282 729 1337 έν
756 1287 836 1355 τῷ
855 1287 957 1336 τοῦ
989 1278 1334 1345 Ἀπόλλωνός
1364 1302 1422 1336 τε
1451 1283 1543 1337 καὶ
1569 1279 1763 1338 Ἡλίου
1793 1284 1951 1353 τεμέ-

265 1386 367 1436 νει,
389 1366 451 1421 ἐν
481 1357 630 1439 ᾦπερ
661 1366 991 1435 ἐκρίθησαν·
1030 1364 1121 1419 καὶ
1149 1361 1217 1417 τά
1246 1361 1348 1433 μὲν
1381 1367 1493 1434 ἰδία
1520 1365 1763 1434 ἕκαστος,
1791 1362 1857 1419 τὰ
1891 1363 1951 1418 δὲ

266 1451 356 1503 καὶ
375 1454 537 1519 κοινῇ
548 1446 668 1517 μετ’
689 1444 944 1516 ἀλλήλων
966 1442 1254 1515 κρίναντες
1273 1444 1402 1510 τοὺς
1423 1443 1692 1516 ἄρξαντας
1710 1451 1776 1518 τῇ
1795 1445 1950 1502 πόλει

267 1528 696 1601 ἀποφηνάντων,
721 1533 796 1594 εἰς
814 1527 913 1599 τὴν
939 1527 1151 1599 ἀγοράν
1170 1528 1464 1599 γράμματα
1482 1530 1815 1592 καταθέντες
1827 1531 1951 1597 περὶ

246 1612 495 1683 ,ἑκάστης
518 1609 704 1682 ἀρχῆς,
726 1611 759 1666 ὅ
777 1633 829 1666 τι
850 1609 951 1682 χρὴ
975 1618 1181 1666 παθεῖν
1197 1607 1234 1681 ἢ
1256 1608 1543 1666 ἀποτίνειν
1560 1608 1700 1666 κατά
1718 1608 1820 1682 τὴν
1836 1615 1950 1666 τῶν

265 1692 528 1749 εὐθύνων
542 1691 786 1763 γνώμην.
825 1689 945 1763 ἥτις
975 1689 1026 1747 δ’
1050 1688 1122 1747 ἀν
1139 1698 1253 1747 τῶν
1282 1689 1466 1763 ἀρχῶν
1494 1690 1567 1764 μὴ
1595 1689 1840 1764 ὁμολογῇ
1857 1713 1949 1748 κε·-

264 1779 491 1844 κρίσθαι
530 1777 772 1843 δικαίως,
807 1777 883 1838 εἰς
919 1773 1055 1838 τούς
1084 1771 1375 1839 ἐκλεκτοὺς
1407 1773 1665 1839 δικαστάς
1690 1773 1948 1843 εἰσαγέτω

262 1854 393 1920 τούς
429 1852 732 1923 εὐθύνους,
763 1857 856 1910 καὶ
888 1853 988 1911 ε’ἀν
1015 1855 1115 1926 μὲν
1154 1852 1421 1926 ἀποφύγῃ
1449 1876 1530 1919 τις
1546 1852 1652 1918 ,τάς
1681 1852 1947 1923 εὐθύνας,

264 1935 451 1993 αὐτῶν
486 1942 601 1991 τῶν
643 1933 908 1992 εὐθύνων
950 1941 1335 2007 κατηγορείτω,
1377 1934 1476 1991 ε’ἀν
1509 1937 1676 2008 ἐθέλῃ
1754 1932 1853 1991 ε’ἀν
1889 1935 1948 1991 δὲ

211 2030 240 2069 Ε
271 2017 402 2093 ἁλῷ,
425 2017 524 2074 ἐὰν
547 2012 707 2090 μὲνξ
668 2039 702 2091 ῃ
728 2039 803 2092 τςο
821 2018 1080 2075 θανάτου
1101 2019 1460 2089 τετιμημένον
1487 2015 1595 2072 ὑπὸ
1627 2022 1740 2073 τῶν
1770 2014 1949 2073 εὐθύ-

264 2121 397 2170 νων,
421 2097 605 2169 ω’σπερ
627 2098 860 2171 ἀνάγκη,
880 2097 1066 2167 ἁπλως
1096 2103 1405 2172 θνησκέτω,
1434 2121 1548 2154 των
1578 2096 1629 2153 δ’
1662 2097 1846 2154 ἀλλων
1865 2119 1948 2154 τι·

264 2180 529 2282 μημάτων
567 2203 645 2237 ων
681 2179 753 2238 ἀν
778 2181 1021 2239 δυνατὸν
1049 2205 1085 2255 ῃ
1117 2187 1318 2253 διπλῆν
1345 2193 1506 2250 τῖσαι,
1546 2184 1840 2236 διπλασίαν
1865 2201 1947 2235 τι·-

263 2264 416 2317 νέτω.
456 2263 552 2327 τὰς
583 2263 635 2317 δ’
669 2262 917 2330 εὐθύνας
948 2263 1134 2320 αὐτῶν
1167 2264 1384 2337 τούτων
1419 2261 1650 2318 ἀκούειν
1673 2261 1775 2333 χρὴ
1806 2266 1947 2325 τίνες

264 2348 481 2400 ἔσονται
511 2346 602 2400 καὶ
628 2349 751 2400 τίνα
775 2342 998 2416 τρόπον.
1039 2351 1167 2411 ζῶσι
1185 2349 1287 2416 μὲν
1310 2338 1414 2400 οὖν
1433 2343 1648 2407 τούτοις
1665 2354 1778 2407 τοῖς
1796 2340 1944 2410 παρὰ

146 2436 232 2485 947
262 2426 441 2496 πάσης
461 2429 558 2496 τῆς
577 2424 786 2491 πόλεως
818 2424 1106 2497 ἀριστείων
1134 2423 1454 2495 ἠξιωμένοις
1483 2426 1770 2496 προεδρίαι
1799 2420 1851 2482 v',
1883 2425 1944 2478 ἐν

263 2518 379 2572 ταῖς
396 2505 740 2577 πανηγύρεσι
758 2508 958 2572 πάσαις
979 2511 1239 2577 ἔστωσαν,
1262 2510 1339 2562 ἔτι
1359 2504 1419 2561 δὲ
1437 2510 1550 2560 τῶν
1572 2503 1793 2570 εἰςτούς
1815 2502 1943 2560 Ἕλ-

263 2596 433 2659 ληνας
458 2594 625 2662 κοινῇ
642 2594 863 2646 θυσιῶν
882 2591 974 2646 καὶ
991 2595 1246 2660 θεωριῶν
1263 2589 1354 2644 καὶ
1374 2585 1523 2642 ὅσων
1545 2583 1616 2642 ἀν
1637 2587 1800 2659 ἑτέρῳ
1823 2606 1942 2641 κοι-

263 2677 521 2726 νωνωσιν
550 2674 732 2741 ἱερῶν,
761 2676 822 2728 ἐκ
857 2671 1071 2727 τούτων
1107 2668 1238 2735 τούς
1270 2667 1536 2742 ἄρχοντας
1571 2675 1668 2740 τῆς
1702 2671 1941 2736 θεωρίας

265 2750 495 2823 ἑκάστης
514 2755 825 2824 ἐκπέμπειν,
853 2755 945 2811 καὶ
973 2749 1204 2819 τούτους
1222 2752 1430 2838 μόνους
1450 2750 1664 2823 δάφνης
1685 2750 1938 2822 στεφάνῳ
1971 2825 1976 2827 Β
