1976 3172
261 126 364 179 172
848 124 1338 178 ‘HAATRNOZ

258 263 444 315 ἵππων
474 259 606 325 τοὺς
638 259 861 330 αὐτούς,
889 255 1154 332 μουσικῆς
1185 259 1244 315 δὲ
1274 262 1491 329 ἑτέρους
1521 260 1623 331 μὲν
1649 260 1781 327 τοὺς
1807 265 1930 330 περὶ

258 344 540 414 μονῳδίαν
567 362 627 397 τε
647 343 740 397 καὶ
767 343 1078 413 μιμητικήν,
1109 337 1232 396 οἷον
1256 342 1535 414 ῥαψῳδῶν
1562 346 1655 399 καὶ
1681 350 1932 416 κιθαρῳ-

196 428 228 468 Ε
261 424 377 477 δῶν
404 423 496 477 καὶ
523 420 778 493 αὐλητῶν
809 424 902 478 καὶ
929 422 1159 478 πάντων
1184 427 1298 477 τῶν
1325 422 1596 479 τοιούτων
1620 422 1932 487 ἀθλοθέτας

258 503 478 573 ἑτέρους
494 505 708 574 πρέπον
725 500 797 559 ἀν
826 512 910 574 εἴη
936 508 1244 574 γίγνεσθαι,
1272 507 1389 558 τῶν
1418 503 1477 558 δὲ
1513 505 1638 573 περὶ
1659 508 1933 578 χορῳδίαν

258 581 478 647 ἄλλους.
515 591 737 656 πρῶτον
755 584 822 655 δὴ
842 587 967 655 περὶ
990 582 1094 654 τὴν
1121 589 1234 638 τῶν
1262 588 1446 653 χορῶν
1475 582 1702 640 παιδιὰν
1720 587 1934 640 παίδων

255 684 314 718 τε
333 666 424 719 καὶ
441 663 665 737 ἀνδρῶν
683 668 775 720 καὶ
793 671 1039 736 θηλειῶν
1056 670 1241 734 κορῶν
1257 666 1319 720 ἐν
1338 662 1595 736 ὀρχήσεσι
1606 667 1696 721 καὶ
1707 671 1773 735 τῇ
1785 664 1934 730 τάξει

254 749 322 813 τῇ
357 741 544 815 ἁπάσῃ
572 747 874 816 γιγνομένῃ
910 750 1155 815 μουσικῇ
1175 742 1308 808 τοὺς
1346 744 1616 815 ἄρχοντας
1656 749 1938 815 αἱρεῖσθαί

255 823 579 893 που,χρεω’ν·
601 825 792 890 ἱκανὸς
809 825 870 879 δὲ
888 821 962 888 εἷς
981 825 1166 894 ἅρχων
1186 823 1389 893 αὐτοῖς,
1410 825 1482 894 μὴ
1504 830 1730 880 ἔλαττον
1746 844 1935 880 τεττα-

140 919 225 968 765
256 904 499 976 ράκοντα
516 903 762 974 γεγονώς
778 907 937 975 ἐτῶν,
963 902 1156 969 ἱκανὸς
1177 907 1237 959 δὲ
1266 906 1358 960 καὶ
1387 907 1511 973 περὶ
1537 910 1822 979 μονῳδίαν
1839 902 1932 976 εἷς,

258 984 332 1057 μὴ
354 990 580 1041 ἔλαττον
598 979 634 1055 ἢ
654 986 949 1055 τριάκοντα
975 982 1220 1056 γεγονώς
1247 987 1403 1055 ἐτῶν,
1423 987 1755 1056 εἰσαγωγεύς
1778 1008 1836 1042 τε
1857 984 1935 1041 εῖ-

256 1087 350 1120 ναι
359 1068 572 1130 καὶτοῖς
587 1063 986 1137 ἁμιλλωμένοις
996 1063 1100 1136 τὴν
1112 1064 1386 1136 διάκρισιν
1405 1069 1608 1131 ἱκανῶς
1617 1065 1931 1130 ἀποδιδούς.

253 1144 356 1201 τόν
374 1145 442 1217 δὴ
460 1151 647 1218 χορῶν
666 1145 907 1218 ἄρχοντα
931 1148 1024 1203 καὶ
1053 1149 1356 1219 διαθετῆρα
1384 1150 1664 1217 αἱρεῖσθαι
1689 1145 1793 1218 χρὴ
1819 1169 1935 1202 τον-

255 1227 388 1283 όνδε
405 1226 527 1291 τινὰ
546 1229 758 1300 τρόπον
772 1251 783 1261 ·
806 1227 929 1285 ὅσοι
951 1230 1052 1300 μὲν
1073 1229 1432 1300 φιλοφρόνως
1450 1229 1708 1300 ἐσχήκασι
1725 1228 1934 1298 περὶτὰ

253 1315 499 1381 τοιαῦτα,
522 1314 598 1375 εἰς
614 1310 714 1366 τὸν
731 1310 1000 1381 ξύλλογον
1019 1319 1240 1379 ἴτωσαν,
1270 1310 1536 1387 ἐπιζήμιοι
1564 1309 1665 1366 ἐὰν
1689 1311 1762 1382 μὴ
1785 1318 1933 1366 ἴωσι·

252 1390 456 1446 τούτου
474 1390 534 1446 δὲ
554 1394 612 1446 οἰ
629 1392 1017 1462 νομοφύλακες
1042 1396 1226 1461 κριταί
1237 1412 1249 1423 ·
1281 1403 1395 1456 τοῖς
1425 1390 1478 1446 δ’
1500 1390 1704 1460 ἄλλοις,
1733 1389 1831 1447 ε’ἀν
1859 1390 1932 1461 μὴ

195 1485 229 1525 Β
259 1471 589 1544 βούλωνται,
608 1473 782 1543 μηδὲν
798 1473 1103 1543 ἐπάναγκες
1128 1476 1265 1528 ἔστω
1279 1493 1290 1504 ·
1326 1475 1417 1528 καὶ
1438 1471 1540 1543 τὴν
1563 1472 1844 1543 προβολὴν
1866 1468 1934 1540 δὴ

254 1544 358 1610 τόν
376 1553 713 1625 αἰρούμενον
730 1557 792 1610 ἐκ
812 1561 929 1611 τῶν
946 1559 1219 1626 ἐμπείρων
1237 1558 1511 1625 ποιητέον,
1528 1557 1589 1609 ἔν
1606 1575 1665 1608 τε
1693 1558 1762 1625 τῇ
1781 1556 1936 1608 δοκι-

255 1638 426 1707 μασίᾳ
444 1635 803 1705 κατηγόρημα
822 1633 1049 1691 ἓντοῠτ’
1070 1639 1208 1691 ἔστω
1226 1637 1316 1691 καὶ
1335 1632 1683 1708 ἀπηγόρημα,
1701 1638 1817 1689 τῶν
1834 1631 1935 1704 μὲν

258 1713 333 1779 ῶς
351 1714 577 1785 ἄπειρος
595 1713 624 1769 ὁ
648 1716 852 1786 λαχών,
873 1722 988 1771 τῶν
1008 1714 1061 1771 δ’
1085 1715 1160 1781 ὡς
1179 1720 1454 1787 ἔμπειρος·
1491 1712 1552 1779 ὃς
1580 1712 1635 1770 δ’
1671 1711 1744 1770 ἀν
1771 1710 1847 1779 εἷς
1874 1715 1934 1769 ἐκ

254 1797 872 1868 προχειροτονηθέντων
896 1799 1028 1852 δέκα
1046 1797 1202 1868 λάχῃ,
1236 1797 1592 1866 δοκιμασθεὶς
1617 1794 1719 1851 τὸν
1747 1799 1935 1851 ἐνιαυ-

253 1876 354 1932 τὸν
373 1881 488 1931 τῶν
504 1883 688 1947 χορῶν
715 1875 921 1948 ἀρχέτω
941 1876 1081 1934 κατὰ
1113 1877 1303 1948 νόμον.
1336 1875 1475 1932 κατὰ
1508 1875 1679 1931 ταύτὰ
1712 1878 1772 1931 δὲ
1799 1876 1934 1931 τού-

253 1977 368 2020 τοις
392 1956 674 2029 καὶταύτῃ
694 1955 723 2012 ὁ
750 1957 933 2028 λαχών
950 1958 1051 2015 τὸν
1071 1956 1331 2014 ἐνιαυτὸν
1348 1960 1562 2014 ἐκεῖνον
1589 1964 1702 2013 τῶν
1729 1955 1934 2026 ἀφικο-

254 2042 440 2110 μένων
459 2045 535 2106 εἰς
553 2046 738 2111 κρίσιν
755 2044 1049 2114 μονῳδιῶν
1065 2062 1123 2096 τε
1150 2042 1242 2097 καὶ
1261 2045 1579 2096 συναυλιῶν
1609 2037 1832 2110 ἀρχέτω,
1859 2042 1934 2103 εἰς

201 2133 232 2176 O
258 2119 388 2184 τοὺς
406 2121 595 2190 κριτάς
612 2120 951 2186 ἀποδιδούςὸ
975 2122 1160 2193 λαχών
1176 2121 1280 2193 τὴν
1296 2125 1493 2193 κρίσιν.
1527 2119 1661 2192 μετὰ
1683 2122 1743 2176 δὲ·
1761 2125 1934 2175 ταῦτα

255 2198 434 2270 χρεῶν
452 2200 692 2270 ἀγωνίας
714 2201 1027 2268 ἀθλοθέτας
1047 2207 1325 2274 αἱρεῖσθαι
1349 2210 1443 2274 τῆς
1458 2203 1593 2274 ’περὶ
1616 2200 1683 2258 τὰ
1713 2201 1933 2272 γυμνά-

257 2297 351 2336 σια
367 2284 553 2337 ἵππων
571 2304 629 2338 τε
649 2287 740 2339 καὶ
767 2283 1090 2354 ἀνθρώπων
1110 2288 1170 2341 ἐκ
1189 2290 1304 2340 τῶν
1319 2282 1520 2355 τρίτων
1537 2305 1596 2340 τε
1613 2284 1705 2339 καὶ
1725 2287 1804 2339 ἔτι
1821 2289 1934 2338 τῶν

259 2363 535 2434 δευτέρων
553 2364 897 2434 τιμημάτων·
937 2370 1012 2428 εἰς
1041 2365 1101 2419 δὲ
1129 2364 1232 2434 τὴν
1262 2367 1476 2434 αἵρεσιν
1503 2367 1641 2418 ἔστω
1668 2364 1770 2431 μὲν
1797 2362 1933 2417 ἐπά-

182 2470 186 2472 ·
257 2465 458 2514 ναγκες
487 2455 600 2509 τοῖς
625 2443 1140 2516 τρισὶ·πορευέσθαι
1166 2442 1444 2513 τιμήμασι,
1475 2440 1537 2497 τὸ
1566 2440 1933 2513 σμικρότατον

259 2526 321 2582 δὲ
339 2524 570 2597 ἀζήμιον
589 2524 861 2598 ἀφείσθω.
899 2536 1040 2595 τρεῖς
1059 2522 1111 2580 δ’
1135 2529 1380 2580 ἔστωσαν
1401 2527 1457 2579 οἰ
1476 2522 1750 2594 λαχόντες,
1780 2528 1931 2592 [τῶν]

257 2611 876 2679 προχειροτονηθέντων
894 2607 996 2678 μὲν
1022 2614 1213 2678 εἴκοσι,
1242 2605 1527 2677 λαχόντων
1547 2606 1606 2661 δὲ
1635 2608 1696 2661 ἐκ
1720 2611 1834 2660 τῶν
1853 2613 1955 2661 εἴ-.

258 2704 384 2744 κοσι
399 2696 586 2759 τριῶν,
609 2688 707 2755 οὓς
726 2686 798 2745 ἀν
818 2691 909 2745 καὶ
927 2693 1111 2760 ψῆφος
1135 2686 1170 2759 ἡ
1199 2693 1314 2743 τῶν
1341 2686 1748 2758 δοκιμαζόντων
1779 2690 1933 2742 δοκι-
1954 2762 1959 2767 .

194 2787 230 2828 D
261 2769 435 2842 μάσῃ·
475 2770 575 2827 ἐὰν
611 2773 674 2827 δέ
705 2793 786 2836 τις
814 2768 1238 2842 ἀποδοκιμασθῇ
1269 2768 1405 2825 καθ’
1436 2767 1739 2841 ἡντιναοῦν
1766 2766 1933 2840 ἀρχῆς
