1976 3172
262 78 368 132 334
519 89 522 92 ·
619 40 621 42 ’
871 79 1355 130 ΠΛΑΤΩΝΟΣ

203 228 238 268 Β
367 248 375 249 ff
411 218 530 269 KA.
566 218 699 283 Ναί,
728 213 829 269 τόν
855 216 924 284 γε’
943 233 1054 269 που
1081 214 1155 285 μὴ
1178 215 1265 270 ἐπὶ
1295 213 1355 270 τὸ
1392 220 1622 285 ἔσχατον
1651 215 1961 287 ἀφιγμένον

263 293 468 361 ἆνοίας.
1363 325 1370 328 ·

403 383 522 433 ΑΘ.
548 376 803 448 ’Ἀστρων
823 376 882 433 δὲ
901 377 968 448 δή
993 382 1119 449 πέρι
1147 376 1376 433 πάντων
1401 379 1493 434 καὶ
1517 378 1752 450 σελήνης
1770 383 1961 435 ἐνιαυ-

261 466 376 516 τῶν
393 481 452 515 τε
471 462 561 515 καὶ
581 461 777 531 μηνῶν
794 460 887 515 καὶ
905 466 1102 516 πασῶν
1123 457 1287 532 ῶρῶν
1304 463 1430 531 πέρι
1452 464 1575 516 τίνα
1595 459 1769 517 ἄλλον
1787 460 1962 531 λόγον

262 545 502 614 ἐροῦμεν
519 538 555 613 ἦ
573 541 674 597 τὸν
693 539 869 597 αὐτὸν
887 547 1108 614 τοῦτον,
1129 539 1201 607 ὡς
1227 541 1411 613 ἐπειδὴ
1435 540 1580 614 ψυχὴ
1601 542 1704 613 μὲν
1721 539 1758 614 ἢ
1787 543 1959 613 ψυχαὶ

262 626 493 682 πάντων
517 624 734 681 τούτων
766 631 934 681 αἴτιαι
961 625 1267 697 ἐφάνησαν,
1294 624 1504 696 ἀγαθαὶ
1525 625 1585 682 δὲ
1613 632 1801 682 πᾶσαν
1827 624 1960 696 ἀρε-

261 708 383 779 τήν,
403 706 578 772 θεοὺς
597 705 769 771 αὐτάς
790 705 931 763 εἶναι
952 707 1223 779 φήσομεν,
1243 715 1351 764 εἴτε
1370 709 1432 763 ἐν
1445 707 1692 778 στόμασιν
1712 710 1961 780 ἐνοῦσαι,

263 794 374 855 ζῶα
395 787 550 856 ὄντα,
571 794 844 858 κοσμοῦσι
862 789 1043 842 πάντα
1063 788 1315 857 οὐρανὸν
1333 797 1440 846 εἴτε
1460 789 1572 862 ὅπῃ
1593 812 1651 846 τε
1669 792 1760 846 καὶ
1781 788 1956 855 ὅπωςς

262 868 389 926 ἔσθ’
412 866 563 934 ὅστις
581 874 757 924 ταῦτα
770 866 1062 940 ὁμολογῶν
1073 867 1346 939 ὑπομενεῖ·
1356 868 1428 940 μὴ
1442 876 1599 925 θεῶν
1618 869 1760 925 εἶναι
1778 871 1960 942 πλήρη

261 953 476 1018 πάντας

198 1052 230 1095 c
399 1039 521 1090 KA.
562 1031 684 1090 Οὐκ
705 1036 855 1089 ἔστιν
878 1033 1072 1106 οὕτως,
1096 1027 1142 1090 ῶ
1161 1036 1299 1106 ξένε,
1320 1038 1706 1106 παραφρονῶν
1726 1031 1924 1100 οὐδείς.

403 1123 522 1175 ΑΘ.
558 1122 650 1190 Τῷ
669 1115 772 1187 μὲν
788 1121 984 1174 τοίνυν
1012 1117 1087 1189 μὴ
1115 1121 1394 1189 νομίζοντι
1422 1115 1595 1181 θεοὺς
1623 1118 1687 1173 ἐν
1710 1122 1787 1190 τῷ
1817 1116 1961 1190 πρό-

261 1205 404 1254 σθεν
431 1198 635 1273 χρόνςο,
659 1191 707 1254 ὦ
750 1200 1001 1271 Μέγιλλέ
1026 1222 1085 1256 τε
1118 1202 1211 1256 καὶ
1237 1205 1486 1272 Κλεινία,
1513 1199 1764 1265 εἰπόντες
1792 1199 1961 1274 ὅρους

261 1277 757 1353 ἀπαλλαττώμεθα.

405 1367 526 1418 ΚΛ.
573 1368 765 1428 Τίνας;

403 1450 523 1499 ΑΘ.
550 1440 630 1499 'H
648 1443 933 1499 διδάσκειν
951 1441 1114 1514 ἡμᾶς,
1138 1440 1210 1509 ῶς
1229 1442 1333 1500 οὐκ
1353 1441 1542 1514 ὀρθῶς
1562 1448 1796 1516 λέγομεν
1814 1450 1956 1501 τιθέ-

262 1547 419 1599 μενοι
451 1524 636 1597 ,ψυχὴν
668 1529 891 1596 γένεσιν
928 1525 1197 1582 ἁπάντων
1235 1525 1378 1582 εἶναι
1405 1526 1631 1598 πρώτην
1666 1530 1759 1584 καὶ
1785 1522 1958 1584 τᾶλλα

262 1606 443 1664 ὁπόσα
462 1608 642 1681 τούτῳ
664 1607 1011 1679 ξυνεπόμενα
1036 1615 1280 1678 εἴπομεν,
1309 1604 1348 1678 ἢ
1377 1606 1450 1679 μὴ
1483 1607 1803 1680 δυνάμενον
1828 1613 1957 1681 βέλ-

260 1713 382 1748 τιον
399 1693 582 1762 λέγειν
599 1689 762 1762 ἡμῶν
780 1690 913 1762 ἡμῖν
932 1695 1235 1747 πείθεσθαι
1262 1692 1354 1747 καὶ
1385 1695 1482 1763 ζῇν
1510 1689 1685 1756 θεοὺς
1713 1689 1956 1764 ἡγούμε-

200 1788 236 1829 D
264 1797 370 1830 νον
389 1782 466 1838 εἰς
492 1773 594 1830 τὸν
613 1775 901 1830 ἐπίλοιπον
919 1779 1060 1845 βίον.
1100 1772 1322 1845 ὁρῶμεν
1341 1767 1464 1846 οὖν,
1485 1781 1593 1830 εἴτε
1621 1777 1827 1839 ἱκανῶς
1848 1773 1956 1846 ἤδη

260 1855 373 1921 τεῆς
402 1855 503 1927 ούχ
527 1854 860 1928 ἡγουμένοις
888 1855 1062 1921 θεοὺς
1094 1857 1410 1928 εἰρήκαμεν,
1443 1853 1516 1922 ῶς
1542 1859 1646 1913 εἰσὶ
1674 1861 1818 1928 θεοί,
1849 1865 1957 1914 εἴτε

259 1941 503 2003 ἐπιδεῶς.

401 2026 522 2076 ΚΛ.
546 2019 780 2077 ἽΙκιστά
797 2041 878 2093 γε,
902 2014 949 2077 ῶ
968 2022 1106 2091 ξένε,
1128 2020 1357 2076 πάντων
1375 2023 1619 2085 ἐπιδεῶς.

400 2108 459 2158 Χ.
507 2109 625 2159 ΑΘ.
676 2102 908 2168 Τούτοις
944 2101 1046 2174 μὲν
1082 2107 1277 2159 τοίνυν
1312 2101 1445 2174 ἡμῖν
1481 2101 1543 2159 τὸ
1581 2102 1768 2173 λόγων
1802 2101 1958 2168 τέλος

260 2186 446 2254 ἐχέτω·
484 2187 585 2241 τὸν
602 2187 661 2242 δὲ
682 2183 999 2257 ἡγούμενον
1018 2183 1120 2257 μὲν
1148 2184 1320 2250 θεοὺς
1350 2184 1508 2256 εἶναι,
1538 2184 1611 2257 μὴ
1644 2189 1958 2255 φροντίζειν

262 2264 322 2320 δὲ
342 2264 548 2331 αὐτοὺς
565 2275 679 2323 τῶν
708 2266 1090 2339 ἀνθρωπίνων
1110 2267 1470 2339 πραγμάτων,
1502 2270 1952 2338 παραμυθητέον.

262 2339 309 2401 ῶ
327 2344 516 2418 ἄριστε
536 2346 602 2418 δὴ
627 2354 839 2418 φῶμεν,
855 2347 939 2402 ὅτι
950 2349 1054 2418 μὲν
1071 2347 1198 2418 ἡγεῖ
1208 2348 1398 2417 θεούς,
1413 2347 1707 2416 συγγένειά
1725 2367 1805 2410 τις
1824 2354 1957 2411 ἴσως

263 2445 324 2484 σε
343 2436 472 2486 θεία
492 2429 630 2498 πρὸς
657 2429 718 2485 τὸ
745 2429 1038 2501 ξύμφυτον
1056 2428 1179 2499 ἄγει
1208 2432 1376 2500 τιμᾷν
1405 2429 1498 2482 καὶ
1524 2432 1766 2498 νομίζειν
1786 2427 1953 2483 εἶναι·

197 2536 231 2576 Ε
262 2517 454 2568 κακῶν
476 2511 535 2567 δὲ
553 2509 880 2583 ἀνθρώπων
898 2513 989 2567 καὶ
1008 2507 1218 2566 ἀδίκων
1244 2509 1405 2580 τύχαι
1437 2513 1548 2582 ἰδία
1577 2506 1669 2565 καὶ
1699 2513 1955 2583 δημοσίᾳ,

261 2594 499 2668 ἀληθείᾳ
518 2594 620 2665 μὲν
638 2592 743 2662 οὐκ
775 2591 1119 2666 εὐδαίμονες,
1142 2592 1326 2659 δόξαις
1355 2597 1415 2649 δὲ
1445 2592 1957 2665 εὐδαιμονιζόμεναι

263 2679 482 2748 σφόδρα
502 2674 625 2733 ἀλλ’
655 2676 760 2734 οὐκ
781 2680 1026 2750 ἐμμελῶς
1045 2675 1248 2748 ἄγουσί
1264 2692 1325 2732 σε
1345 2674 1485 2749 πρὸς
1514 2675 1790 2748 ἀσέβειαν,
1811 2679 1872 2732 ἔν
1896 2697 1954 2730 τε

261 2760 498 2832 μούσαις
516 2758 621 2816 οὐκ
642 2758 829 2832 ὀρθῶς
849 2760 1198 2833 ὑμνούμεναι
1220 2758 1336 2831 ἅμα
1355 2762 1446 2817 καὶ
1466 2763 1526 2816 ἐν
1555 2763 1834 2823 παντοίοις
1858 2758 1953 2813 λό-
