1976 3172
190 111 294 164 438
607 115 610 117 ·
808 89 1263 160 ΕΠΙΝΟΜῙΣ.

194 248 371 312 ψυχῆς
392 241 548 314 εἶναι,
571 242 672 313 τὴν
694 240 746 298 δ’
769 245 856 298 ἐπὶ
873 242 1203 319 τούναντίον
1223 246 1495 317 ἐναντίαν,
1527 253 1874 319 νενικηκέναι

192 329 276 379 δεῖ
291 326 381 378 καὶ
398 330 563 395 νικᾷν
582 322 648 379 τὰ
673 322 860 394 ἀγαθὰ
880 325 947 380 τοὶ
967 321 1040 396 μὴ
1061 331 1301 381 τοιαῦτα.

328 409 411 460 ΧΙ.
459 411 645 461 Ταῦτα
682 403 815 477 ἡμῖν
842 414 1052 477 εἴρηται
1081 408 1263 463 πάντα
1292 406 1431 463 κατὰ
1461 409 1564 480 τὴν
1594 414 1708 465 τῶν
1739 410 1875 466 ἀνο-

190 494 327 542 σίων
357 487 600 557 τιμωρὸν
630 491 816 558 δίκην·
857 491 981 558 περὶ
1016 488 1076 544 δὲ
1112 487 1178 558 δὴ
1208 488 1270 544 τὸ
1310 490 1746 562 δοκιμαζόμενον
1775 491 1882 562 οὐχ’

190 564 311 623 οἷόν
345 590 404 624 τε
438 568 571 639 ἡμῖν
606 566 874 639 ἀπιστεῖν,
912 567 984 636 ὥς
1021 568 1090 626 ού
1121 575 1207 626 δεῖ
1231 571 1331 627 τόν
1358 594 1421 642 γε
1449 571 1670 643 ἀγαθὸν
1692 572 1876 644 σοφὸν

74 661 159 706 989
186 647 328 720 ἡμᾶς
347 649 621 720 ἡγεῖσθαι,
641 649 744 721 τὴν
763 651 822 706 δὲ
838 656 1044 722 σοφίαν
1062 652 1286 723 ταύτην,
1307 652 1379 723 ἢν
1398 658 1668 725 ζητοῦμεν
1687 655 1876 725 πάλαι,

191 735 396 801 ἴδωμεν
417 731 490 785 ἄν
508 730 629 785 ποτ’
656 733 764 798 ἄρα
783 734 1163 804 ἐπινοήσωμεν
1182 731 1218 804 ἢ
1234 735 1374 789 κατὰ
1401 740 1655 791 παιδείαν
1683 733 1720 807 ἦ
1738 735 1876 791 κατὰ

191 814 403 911 τέχνην,
422 809 620 879 ἥντινα
639 816 742 865 τοῦ
765 812 1098 880 γιγνώσκειν
1118 815 1369 878 ἐνδεεῖς”
1337 836 1493 879 οντες
1515 822 1628 870 τῶν
1648 819 1878 871 δικαίων

143 910 150 922 ·
191 891 514 962 ἀγνώμονες
534 886 607 945 ἀν
621 888 785 988 εἶμεν.
820 890 976 957 ὄντες
994 900 1252 969 τοιοῦτοι,
1274 897 1550 964 δοκοῦμεν
1571 893 1638 964 δή
1657 917 1767 965 μοι,
1787 899 1876 951 καὶ

191 976 439 1029 λεκτέον·
476 971 592 1027 ἀνω
612 970 721 1043 γὰρ
749 975 841 1028 καὶ
866 973 1015 1028 κάτω
1043 966 1295 1044 ζητων,
1255 996 1290 1046 ῃ
1315 996 1408 1045 μοι
1435 973 1758 1046 καταφανὴς
1785 978 1877 1045 γε’-

191 1076 340 1125 γονε,
362 1054 693 1125 πειρασομαι
715 1052 944 1125 δήλην“
913 1066 1046 1126 υμῖν
1065 1054 1242 1126 αὐτὴν
1259 1055 1671 1112 ἀποτελεῖν.τό
1695 1055 1761 1127 δὴ
1783 1060 1880 1127 μέ-

191 1151 381 1205 γιστον
394 1133 591 1206 ἀρετῆς
612 1131 679 1189 ού
698 1140 880 1200 καλῶς
895 1136 1278 1207 πραττόμενον
1288 1133 1420 1207 ἡμῖν
1431 1139 1662 1207 γέγονεν
1681 1145 1877 1206 αἴτιον,

196 1217 268 1282 ὡς
299 1216 423 1288 ἄρτι
451 1221 741 1288 σημαίνειν
777 1221 838 1273 ἐκ
872 1225 985 1273 τῶν
1013 1222 1319 1289 εἰρημένων
1342 1240 1436 1290 μοι
1466 1219 1686 1290 σφόδρα
1713 1224 1878 1275 δοκεῖ.

135 1309 169 1349 Β
196 1304 377 1370 μεῖζον
397 1300 499 1370 μὲν
520 1301 627 1370 γὰρ
648 1299 842 1372 ἀρετῆς
859 1302 1048 1372 μηδεὶς
1071 1299 1216 1372 ἡμᾶς
1245 1301 1377 1356 ποτὲ
1401 1295 1571 1373 πείθῃ
1597 1309 1694 1372 τῆς
1722 1301 1882 1357 εὐσε-

193 1388 343 1454 βείας
360 1383 498 1439 εἶναι
515 1388 591 1455 τῷ
612 1388 808 1454 θνητῷ
826 1385 973 1452 γένει
989 1405 999 1414 ·
1035 1389 1200 1437 τοῦτο
1220 1381 1275 1438 δ’
1297 1381 1382 1437 ὅτι
1411 1382 1484 1438 δι’
1509 1383 1758 1453 ἀμαθίαν
1777 1383 1879 1453 τὴν

193 1469 454 1534 μεγίστην
490 1468 550 1519 ἐν
581 1475 697 1527 ταῖς
733 1462 978 1534 ἀρίσταις
1012 1463 1250 1533 φύσεσιν
1284 1460 1352 1518 ού
1385 1468 1599 1533 γέγονε,
1638 1464 1876 1519 λεκτέον.

193 1543 411 1614 ἄρισται
445 1543 499 1599 δ’
531 1545 670 1599 εἰσὶν
699 1548 761 1599 αἱ
783 1545 1140 1614 χαλεπώτατα
1168 1545 1271 1613 μὲν
1300 1541 1372 1598 ἀν
1389 1543 1704 1613 γενόμεναι,
1726 1547 1880 1614 μέγι-

193 1641 326 1680 στον
346 1625 405 1679 δὲ
429 1625 648 1694 ὄφελος,
669 1620 740 1679 ἂν
758 1630 1058 1694 γίγνωνται
1073 1646 1085 1658 ·
1124 1622 1191 1679 τά
1210 1645 1269 1680 τε
1286 1621 1395 1695 γὰρ
1423 1630 1520 1695 τῆς
1537 1627 1796 1696 βραδείας
1821 1646 1880 1681 τε

192 1708 285 1781 καὶ
311 1713 404 1776 τῆς
436 1708 687 1770 ἐναντίας
713 1705 935 1776 φύσεως
961 1711 1192 1778 μετρίως
1216 1703 1590 1777 ἀποδεχομένη
1622 1707 1767 1777 ψυχὴ
1789 1707 1881 1763 καὶ

193 1786 382 1883 πράως
402 1783 634 1851 εύκολος
652 1782 726 1841 ἂν
746 1794 848 1858 εἴη,
868 1786 975 1857 τήν
989 1809 1048 1842 τε
1066 1786 1377 1858 ἀνδρείαν’
1347 1791 1610 1859 αγαμένη,
1632 1786 1878 1858 καὶπρὸς

193 1868 253 1923 τὸ
272 1879 588 1939 σωφρονεῖν
606 1866 886 1939 εὐπειθής,
899 1870 990 1924 καὶ
1007 1869 1070 1924 τό
1090 1891 1151 1939 γε
1171 1871 1428 1940 μέγιστον
1441 1872 1504 1925 ἐν
1509 1869 1747 1954 ταύταις
1763 1878 1880 1931 ταῖς

133 1964 164 2007 C
198 1949 400 2021 φύσεσι
429 1951 709 2021 δυναμένη
737 1951 1054 2021 μανθάνειν
1077 1952 1171 2006 καὶ
1198 1951 1433 2022 μνήμων
1461 1944 1604 2006 οὖσα
1636 1944 1703 2005 εὖ
1734 1949 1882 2020 μάλα

191 2038 401 2105 χαίρειν
418 2032 636 2098 τούτοις
656 2028 841 2099 αὐτοῖς
859 2031 1075 2089 δύναιτ’
1109 2031 1181 2088 ἀν’
1211 2033 1530 2103 φιλομαθης
1562 2029 1692 2087 ω’στ’
1724 2030 1879 2085 εἶναι.

192 2122 366 2170 ταῦτα
385 2113 491 2186 γάρ
512 2113 640 2171 ούτε
670 2115 838 2188 ῥᾴδια
867 2115 1135 2186 φύεσθαι,
1163 2114 1436 2186 γενόμενά
1465 2135 1523 2170 τε
1551 2116 1643 2170 καὶ
1672 2118 1882 2184 τροφῆς

194 2199 286 2251 καὶ
305 2201 552 2261 παιδείας
579 2196 834 2267 τυχόντα,
868 2198 934 2268 ἦς
963 2200 1062 2267 δεῖ,
1091 2196 1223 2261 τούς
1259 2201 1548 2261 πλείστους
1573 2194 1759 2250 αὐτῶν
1787 2194 1880 2248 καὶ

192 2281 409 2374 χείρους
444 2282 689 2347 κατέχειν
724 2275 1004 2347 ὀρθότατα
1041 2275 1258 2333 δύναιτ’
1297 2273 1370 2334 ἂν
1408 2284 1486 2351 τώ
1522 2287 1754 2348 φρονεῖν
1788 2275 1881 2328 καὶ

193 2377 455 2428 πραττειν
474 2359 561 2410 καὶ
582 2360 761 2425 λέγειν
780 2361 906 2428 περὶ
923 2356 1095 2422 θεοὺς
1124 2359 1344 2427 ἕκαστα,
1377 2379 1448 2421 ως
1478 2360 1564 2412 δεῖ
1581 2377 1640 2410 τε
1667 2356 1759 2409 καὶ
1789 2353 1881 2407 ὅτε

197 2442 295 2507 δεῖ,
316 2439 442 2506 περὶ
458 2442 661 2500 θυσίας
679 2457 737 2491 τε
755 2439 846 2490 καὶ
863 2437 1191 2506 καθαρμούς
1208 2458 1321 2490 των
1349 2437 1475 2504 περὶ
1501 2433 1673 2497 θεούς
1702 2454 1761 2487 τε
1789 2434 1882 2487 καὶ

135 2533 170 2574 Ι)
203 2518 558 2590 ἀνθρώπους,
595 2517 665 2573 οὐ
698 2517 933 2588 σχήμασι
960 2518 1347 2588 τεχνάζοντας,
1365 2514 1503 2571 ἀλλὰ
1534 2513 1770 2587 ἀληθεία
1797 2510 1903 2569 τι-’

196 2608 414 2673 μῶντας
439 2597 661 2671 ἀρετήν,
683 2597 710 2654 ὁ
703 2597 796 2669 δὴ
818 2601 908 2654 καὶ
937 2598 1195 2669 μέγιστόν
1225 2599 1337 2652 ἐστι
1367 2595 1703 2667 ξυμπαντων
1732 2594 1881 2665 πάσῃ

196 2689 263 2755 τῇ
290 2681 460 2738 πόλει.
499 2688 665 2737 τοῦτο
698 2678 765 2751 δὴ
797 2674 902 2735 οὖν
931 2678 993 2736 τὸ
1018 2682 1182 2750 μέρος
1202 2676 1343 2744 εἶναι’
1361 2699 1544 2749 φαμεν
1577 2677 1747 2747 φύσει
1775 2697 1879 2750 κυ-

166 2765 467 2836 ριώτατον
501 2766 591 2821 καὶ
625 2763 868 2819 δυνατὸν
904 2785 976 2828 ως
1012 2756 1133 2817 οἶόν
1167 2782 1225 2817 τε
1261 2760 1523 2819 κάλλιστα
1555 2761 1647 2815 καὶ
1686 2756 1880 2831 ἄριστα
