<?xml version="1.0" encoding="UTF-8"?>
<!DOCTYPE html PUBLIC "-//W3C//DTD XHTML 1.0 Transitional//EN"
    "http://www.w3.org/TR/xhtml1/DTD/xhtml1-transitional.dtd">
<html xmlns="http://www.w3.org/1999/xhtml" xml:lang="en" lang="en">
 <head>
  <title>
</title>
<meta http-equiv="Content-Type" content="text/html;charset=utf-8" />
  <meta name='ocr-system' content='tesseract 3.04.00' />
  <meta name='ocr-capabilities' content='ocr_page ocr_carea ocr_par ocr_line ocrx_word'/>
</head>
<body>
  <div class='ocr_page' id='page_1' title='image "./dialogisecumdumt05platuoft_0465.png"; bbox 0 0 1976 3172; ppageno 0'>
   <div class='ocr_carea' id='block_1_1' title="bbox 628 109 1712 163">
    <p class='ocr_par' dir='ltr' id='par_1_1' title="bbox 628 109 1712 163">
     <span class='ocr_line' id='line_1_1' title="bbox 628 109 1712 163; baseline -0.009 0"><span class='ocrx_word' id='word_1_1' title='bbox 628 114 1090 163; x_wconf 82' lang='grc' dir='ltr'><strong><em>ΕΠΙΝΟΜΙΣ.</em></strong></span> <span class='ocrx_word' id='word_1_2' title='bbox 1606 109 1712 163; x_wconf 82' lang='grc'><strong><em>433</em></strong></span> 
     </span>
    </p>
   </div>
   <div class='ocr_carea' id='block_1_2' title="bbox 20 244 1826 2763">
    <p class='ocr_par' dir='ltr' id='par_1_2' title="bbox 20 244 1826 1621">
     <span class='ocr_line' id='line_1_2' title="bbox 163 244 1714 327; baseline -0.004 -20"><span class='ocrx_word' id='word_1_3' title='bbox 163 254 293 306; x_wconf 86' lang='lat' dir='ltr'>VIII.</span> <span class='ocrx_word' id='word_1_4' title='bbox 319 247 496 314; x_wconf 57' lang='lat' dir='ltr'><em>osnig</em></span> <span class='ocrx_word' id='word_1_5' title='bbox 514 249 618 327; x_wconf 76' lang='grc' dir='ltr'><strong><em>μὲν</em></strong></span> <span class='ocrx_word' id='word_1_6' title='bbox 636 249 723 319; x_wconf 76' lang='grc' dir='ltr'><strong><em>δη,</em></strong></span> <span class='ocrx_word' id='word_1_7' title='bbox 734 254 847 303; x_wconf 90' lang='grc' dir='ltr'><strong><em>Δία</em></strong></span> <span class='ocrx_word' id='word_1_8' title='bbox 865 267 923 302; x_wconf 88' lang='grc' dir='ltr'><strong><em>τε</em></strong></span> <span class='ocrx_word' id='word_1_9' title='bbox 944 248 1036 302; x_wconf 77' lang='grc' dir='ltr'><strong><em>καὶ</em></strong></span> <span class='ocrx_word' id='word_1_10' title='bbox 1049 245 1233 319; x_wconf 67' lang='grc' dir='ltr'><strong><em>’Ἠραν</em></strong></span> <span class='ocrx_word' id='word_1_11' title='bbox 1252 248 1343 302; x_wconf 79' lang='grc' dir='ltr'><strong><em>καὶ</em></strong></span> <span class='ocrx_word' id='word_1_12' title='bbox 1360 244 1492 312; x_wconf 79' lang='grc' dir='ltr'><strong><em>τοὺς</em></strong></span> <span class='ocrx_word' id='word_1_13' title='bbox 1510 245 1714 311; x_wconf 79' lang='grc' dir='ltr'><strong><em>ἄλλους</em></strong></span> 
     </span>
     <span class='ocr_line' id='line_1_3' title="bbox 22 325 1713 405; baseline -0.005 -14"><span class='ocrx_word' id='word_1_14' title='bbox 22 336 252 404; x_wconf 89' lang='grc' dir='ltr'><strong><em>πάντας,</em></strong></span> <span class='ocrx_word' id='word_1_15' title='bbox 291 332 404 405; x_wconf 78' lang='grc' dir='ltr'><strong><em>ὅπῃ</em></strong></span> <span class='ocrx_word' id='word_1_16' title='bbox 429 353 511 396; x_wconf 86' lang='grc' dir='ltr'><strong><em>τις</em></strong></span> <span class='ocrx_word' id='word_1_17' title='bbox 536 333 736 398; x_wconf 78' lang='grc' dir='ltr'><strong><em>ἐθέλει,</em></strong></span> <span class='ocrx_word' id='word_1_18' title='bbox 764 328 940 400; x_wconf 83' lang='grc' dir='ltr'><strong><em>ταύτῃ</em></strong></span> <span class='ocrx_word' id='word_1_19' title='bbox 967 328 1106 384; x_wconf 81' lang='grc' dir='ltr'><strong><em>κατὰ</em></strong></span> <span class='ocrx_word' id='word_1_20' title='bbox 1132 325 1234 385; x_wconf 81' lang='grc' dir='ltr'><strong><em>τὸν</em></strong></span> <span class='ocrx_word' id='word_1_21' title='bbox 1259 325 1434 384; x_wconf 79' lang='grc' dir='ltr'><strong><em>αὐτὸν</em></strong></span> <span class='ocrx_word' id='word_1_22' title='bbox 1462 331 1713 383; x_wconf 70' lang='grc' dir='ltr'><strong><em>τιθέσθω</em></strong></span> 
     </span>
     <span class='ocr_line' id='line_1_4' title="bbox 25 407 1715 487; baseline -0.005 -15"><span class='ocrx_word' id='word_1_23' title='bbox 25 417 203 487; x_wconf 89' lang='grc' dir='ltr'><strong><em>νόμον</em></strong></span> <span class='ocrx_word' id='word_1_24' title='bbox 219 418 313 471; x_wconf 80' lang='grc' dir='ltr'><strong><em>καὶ</em></strong></span> <span class='ocrx_word' id='word_1_25' title='bbox 337 414 544 484; x_wconf 89' lang='grc' dir='ltr'><strong><em>πάγιον</em></strong></span> <span class='ocrx_word' id='word_1_26' title='bbox 570 414 730 483; x_wconf 80' lang='grc' dir='ltr'><strong><em>ἐχέτω</em></strong></span> <span class='ocrx_word' id='word_1_27' title='bbox 758 416 961 466; x_wconf 85' lang='grc' dir='ltr'><strong><em>τοῦτον</em></strong></span> <span class='ocrx_word' id='word_1_28' title='bbox 985 408 1087 466; x_wconf 88' lang='grc' dir='ltr'><strong><em>τὸν</em></strong></span> <span class='ocrx_word' id='word_1_29' title='bbox 1115 410 1311 481; x_wconf 90' lang='grc' dir='ltr'><strong><em>λόγον·</em></strong></span> <span class='ocrx_word' id='word_1_30' title='bbox 1345 407 1520 474; x_wconf 79' lang='grc' dir='ltr'><strong><em>θεοὺς</em></strong></span> <span class='ocrx_word' id='word_1_31' title='bbox 1550 409 1611 466; x_wconf 77' lang='grc' dir='ltr'><strong><em>δὲ</em></strong></span> <span class='ocrx_word' id='word_1_32' title='bbox 1645 408 1715 479; x_wconf 76' lang='grc' dir='ltr'><strong><em>δὴ</em></strong></span> 
     </span>
     <span class='ocr_line' id='line_1_5' title="bbox 21 488 1715 567; baseline -0.005 -14"><span class='ocrx_word' id='word_1_33' title='bbox 21 496 153 562; x_wconf 82' lang='grc' dir='ltr'><strong><em>τούς</em></strong></span> <span class='ocrx_word' id='word_1_34' title='bbox 186 494 439 567; x_wconf 77' lang='grc' dir='ltr'><strong><em>ὁρατούς,</em></strong></span> <span class='ocrx_word' id='word_1_35' title='bbox 476 499 768 566; x_wconf 76' lang='grc' dir='ltr'><strong><em>μεγίστους</em></strong></span> <span class='ocrx_word' id='word_1_36' title='bbox 803 494 896 548; x_wconf 82' lang='grc' dir='ltr'><strong><em>καὶ</em></strong></span> <span class='ocrx_word' id='word_1_37' title='bbox 925 492 1286 563; x_wconf 81' lang='grc' dir='ltr'><strong><em>τιμιωτάτους</em></strong></span> <span class='ocrx_word' id='word_1_38' title='bbox 1319 492 1412 548; x_wconf 84' lang='grc' dir='ltr'><strong><em>καὶ</em></strong></span> <span class='ocrx_word' id='word_1_39' title='bbox 1447 488 1715 556; x_wconf 84' lang='grc' dir='ltr'><strong><em>ὀξύτατον</em></strong></span> 
     </span>
     <span class='ocr_line' id='line_1_6' title="bbox 21 569 1716 648; baseline -0.006 -13"><span class='ocrx_word' id='word_1_40' title='bbox 21 576 271 647; x_wconf 72' lang='grc' dir='ltr'><strong><em>ὁρῶντας</em></strong></span> <span class='ocrx_word' id='word_1_41' title='bbox 304 578 503 648; x_wconf 84' lang='grc' dir='ltr'><strong><em>πάντη,</em></strong></span> <span class='ocrx_word' id='word_1_42' title='bbox 535 573 668 640; x_wconf 84' lang='grc' dir='ltr'><strong><em>τοὺς</em></strong></span> <span class='ocrx_word' id='word_1_43' title='bbox 705 572 961 645; x_wconf 89' lang='grc' dir='ltr'><strong><em>πρώτους</em></strong></span> <span class='ocrx_word' id='word_1_44' title='bbox 995 573 1098 644; x_wconf 82' lang='grc' dir='ltr'><strong><em>τὴν</em></strong></span> <span class='ocrx_word' id='word_1_45' title='bbox 1129 580 1249 629; x_wconf 73' lang='grc' dir='ltr'><strong><em>ταῖν</em></strong></span> <span class='ocrx_word' id='word_1_46' title='bbox 1284 571 1506 641; x_wconf 74' lang='grc' dir='ltr'><strong><em>ἄστρων</em></strong></span> <span class='ocrx_word' id='word_1_47' title='bbox 1539 569 1716 638; x_wconf 86' lang='grc' dir='ltr'><strong><em>φύσιν</em></strong></span> 
     </span>
     <span class='ocr_line' id='line_1_7' title="bbox 21 652 1713 728; baseline -0.005 -13"><span class='ocrx_word' id='word_1_48' title='bbox 21 664 246 715; x_wconf 75' lang='grc' dir='ltr'><strong><em>λεκτέον</em></strong></span> <span class='ocrx_word' id='word_1_49' title='bbox 271 662 363 715; x_wconf 82' lang='grc' dir='ltr'><strong><em>καὶ</em></strong></span> <span class='ocrx_word' id='word_1_50' title='bbox 401 657 506 713; x_wconf 81' lang='grc' dir='ltr'><strong><em>ὅσα</em></strong></span> <span class='ocrx_word' id='word_1_51' title='bbox 550 656 686 728; x_wconf 75' lang='grc' dir='ltr'><strong><em>μετὰ</em></strong></span> <span class='ocrx_word' id='word_1_52' title='bbox 726 653 944 710; x_wconf 82' lang='grc' dir='ltr'><strong><em>τούτων</em></strong></span> <span class='ocrx_word' id='word_1_53' title='bbox 990 653 1383 724; x_wconf 78' lang='grc' dir='ltr'><strong><em>αἰσθανόμεθα</em></strong></span> <span class='ocrx_word' id='word_1_54' title='bbox 1423 652 1713 722; x_wconf 76' lang='grc' dir='ltr'><strong><em>γεγονότα,</em></strong></span> 
     </span>
     <span class='ocr_line' id='line_1_8' title="bbox 20 733 1779 810; baseline 0 -15"><span class='ocrx_word' id='word_1_55' title='bbox 20 739 156 810; x_wconf 81' lang='grc' dir='ltr'><strong><em>μετὰ</em></strong></span> <span class='ocrx_word' id='word_1_56' title='bbox 177 740 239 795; x_wconf 69' lang='grc' dir='ltr'><strong><em>δὲ</em></strong></span> <span class='ocrx_word' id='word_1_57' title='bbox 262 740 498 804; x_wconf 83' lang='grc' dir='ltr'><strong><em>τούτους</em></strong></span> <span class='ocrx_word' id='word_1_58' title='bbox 516 739 609 794; x_wconf 77' lang='grc' dir='ltr'><strong><em>καὶ</em></strong></span> <span class='ocrx_word' id='word_1_59' title='bbox 630 734 742 791; x_wconf 82' lang='grc' dir='ltr'><strong><em>ὑπὸ</em></strong></span> <span class='ocrx_word' id='word_1_60' title='bbox 762 735 982 800; x_wconf 83' lang='grc' dir='ltr'><strong><em>τούτοις</em></strong></span> <span class='ocrx_word' id='word_1_61' title='bbox 1000 736 1120 807; x_wconf 81' lang='grc' dir='ltr'><strong><em>ἑξῆς</em></strong></span> <span class='ocrx_word' id='word_1_62' title='bbox 1139 740 1423 806; x_wconf 80' lang='grc' dir='ltr'><strong><em>δαίμονας,</em></strong></span> <span class='ocrx_word' id='word_1_63' title='bbox 1445 733 1635 803; x_wconf 86' lang='grc' dir='ltr'><strong><em>ἀέριον</em></strong></span> <span class='ocrx_word' id='word_1_64' title='bbox 1655 737 1715 791; x_wconf 77' lang='grc' dir='ltr'><strong><em>δὲ</em></strong></span> <span class='ocrx_word' id='word_1_65' title='bbox 1745 750 1779 795; x_wconf 81' lang='grc' dir='ltr'>Ε</span> 
     </span>
     <span class='ocr_line' id='line_1_9' title="bbox 20 818 1713 917; baseline -0.002 -41"><span class='ocrx_word' id='word_1_66' title='bbox 20 823 198 890; x_wconf 87' lang='grc' dir='ltr'><strong><em>γένος,</em></strong></span> <span class='ocrx_word' id='word_1_67' title='bbox 216 824 342 891; x_wconf 82' lang='grc' dir='ltr'><strong><em>ἔχον</em></strong></span> <span class='ocrx_word' id='word_1_68' title='bbox 361 821 531 891; x_wconf 81' lang='grc' dir='ltr'><strong><em>εδραν</em></strong></span> <span class='ocrx_word' id='word_1_69' title='bbox 548 823 739 917; x_wconf 80' lang='grc' dir='ltr'><strong><em>τρίτην</em></strong></span> <span class='ocrx_word' id='word_1_70' title='bbox 761 819 854 873; x_wconf 84' lang='grc' dir='ltr'><strong><em>καὶ</em></strong></span> <span class='ocrx_word' id='word_1_71' title='bbox 871 822 1063 887; x_wconf 82' lang='grc' dir='ltr'><strong><em>μέσην,</em></strong></span> <span class='ocrx_word' id='word_1_72' title='bbox 1082 823 1179 887; x_wconf 86' lang='grc' dir='ltr'><strong><em>τῆς</em></strong></span> <span class='ocrx_word' id='word_1_73' title='bbox 1207 818 1499 887; x_wconf 81' lang='grc' dir='ltr'><strong><em>ἑρμηνείας</em></strong></span> <span class='ocrx_word' id='word_1_74' title='bbox 1517 824 1713 888; x_wconf 73' lang='grc' dir='ltr'><strong><em>αἴτιον,</em></strong></span> 
     </span>
     <span class='ocr_line' id='line_1_10' title="bbox 22 897 1709 998; baseline 0 -41"><span class='ocrx_word' id='word_1_75' title='bbox 22 900 207 972; x_wconf 78' lang='grc' dir='ltr'><strong><em>εὐχαῖς</em></strong></span> <span class='ocrx_word' id='word_1_76' title='bbox 223 923 392 975; x_wconf 86' lang='grc' dir='ltr'><strong><em>τιμαν</em></strong></span> <span class='ocrx_word' id='word_1_77' title='bbox 409 902 558 998; x_wconf 81' lang='grc' dir='ltr'><strong><em>μάλα</em></strong></span> <span class='ocrx_word' id='word_1_78' title='bbox 585 901 765 971; x_wconf 78' lang='grc' dir='ltr'><strong><em>χρεῶν</em></strong></span> <span class='ocrx_word' id='word_1_79' title='bbox 790 900 954 970; x_wconf 82' lang='grc' dir='ltr'><strong><em>χάριν</em></strong></span> <span class='ocrx_word' id='word_1_80' title='bbox 969 905 1065 971; x_wconf 85' lang='grc' dir='ltr'><strong><em>τῆς</em></strong></span> <span class='ocrx_word' id='word_1_81' title='bbox 1090 897 1350 970; x_wconf 81' lang='grc' dir='ltr'><strong><em>εὐφήμου</em></strong></span> <span class='ocrx_word' id='word_1_82' title='bbox 1378 903 1709 972; x_wconf 81' lang='grc' dir='ltr'><strong><em>διαπορείας.</em></strong></span> 
     </span>
     <span class='ocr_line' id='line_1_11' title="bbox 22 979 1712 1054; baseline 0.001 -16"><span class='ocrx_word' id='word_1_83' title='bbox 22 990 135 1039; x_wconf 80' lang='grc' dir='ltr'><strong><em>τών</em></strong></span> <span class='ocrx_word' id='word_1_84' title='bbox 168 982 229 1039; x_wconf 74' lang='grc' dir='ltr'><strong><em>δὲ</em></strong></span> <span class='ocrx_word' id='word_1_85' title='bbox 256 983 360 1039; x_wconf 77' lang='grc' dir='ltr'><strong><em>δύο</em></strong></span> <span class='ocrx_word' id='word_1_86' title='bbox 396 983 614 1039; x_wconf 80' lang='grc' dir='ltr'><strong><em>τούτων</em></strong></span> <span class='ocrx_word' id='word_1_87' title='bbox 640 982 815 1052; x_wconf 75' lang='grc' dir='ltr'><strong><em>ζώων,</em></strong></span> <span class='ocrx_word' id='word_1_88' title='bbox 852 987 955 1037; x_wconf 88' lang='grc' dir='ltr'><strong><em>τοῦ</em></strong></span> <span class='ocrx_word' id='word_1_89' title='bbox 991 979 1043 1036; x_wconf 89' lang='grc' dir='ltr'><strong><em>τ’</em></strong></span> <span class='ocrx_word' id='word_1_90' title='bbox 1082 983 1136 1047; x_wconf 84' lang='grc' dir='ltr'><strong><em>ἐξ</em></strong></span> <span class='ocrx_word' id='word_1_91' title='bbox 1167 984 1394 1053; x_wconf 80' lang='grc' dir='ltr'><strong><em>αἰθέρος</em></strong></span> <span class='ocrx_word' id='word_1_92' title='bbox 1430 985 1628 1054; x_wconf 79' lang='grc' dir='ltr'><strong><em>ἐφεξῆς</em></strong></span> <span class='ocrx_word' id='word_1_93' title='bbox 1652 1005 1712 1039; x_wconf 88' lang='grc' dir='ltr'><strong><em>τε</em></strong></span> 
     </span>
     <span class='ocr_line' id='line_1_12' title="bbox 22 1060 1712 1135; baseline 0 -16"><span class='ocrx_word' id='word_1_94' title='bbox 22 1063 202 1133; x_wconf 80' lang='grc' dir='ltr'><strong><em>ἀέρος,</em></strong></span> <span class='ocrx_word' id='word_1_95' title='bbox 221 1061 347 1119; x_wconf 78' lang='grc' dir='ltr'><strong><em>οὐδ’</em></strong></span> <span class='ocrx_word' id='word_1_96' title='bbox 371 1061 663 1135; x_wconf 84' lang='grc' dir='ltr'><strong><em>ὁρώμενον</em></strong></span> <span class='ocrx_word' id='word_1_97' title='bbox 682 1061 821 1118; x_wconf 83' lang='grc' dir='ltr'><strong><em>ὅλον</em></strong></span> <span class='ocrx_word' id='word_1_98' title='bbox 838 1060 1027 1117; x_wconf 71' lang='grc' dir='ltr'><strong><em>αὐτῶν</em></strong></span> <span class='ocrx_word' id='word_1_99' title='bbox 1046 1060 1310 1133; x_wconf 85' lang='grc' dir='ltr'><strong><em>εκάτερον</em></strong></span> <span class='ocrx_word' id='word_1_100' title='bbox 1328 1061 1494 1118; x_wconf 86' lang='grc' dir='ltr'><strong><em>εἶναι</em></strong></span> <span class='ocrx_word' id='word_1_101' title='bbox 1529 1062 1712 1134; x_wconf 82' lang='grc' dir='ltr'><strong><em>παρὸν</em></strong></span> 
     </span>
     <span class='ocr_line' id='line_1_13' title="bbox 24 1140 1714 1217; baseline 0 -17"><span class='ocrx_word' id='word_1_102' title='bbox 24 1143 92 1216; x_wconf 82' lang='grc' dir='ltr'><strong><em>δὴ</em></strong></span> <span class='ocrx_word' id='word_1_103' title='bbox 121 1149 357 1217; x_wconf 77' lang='grc' dir='ltr'><strong><em>πλησίον</em></strong></span> <span class='ocrx_word' id='word_1_104' title='bbox 385 1141 457 1200; x_wconf 86' lang='grc' dir='ltr'><strong><em>ού</em></strong></span> <span class='ocrx_word' id='word_1_105' title='bbox 487 1143 805 1216; x_wconf 77' lang='grc' dir='ltr'><strong><em>κατάδηλον</em></strong></span> <span class='ocrx_word' id='word_1_106' title='bbox 827 1140 961 1214; x_wconf 79' lang='grc' dir='ltr'><strong><em>ἡμῖν</em></strong></span> <span class='ocrx_word' id='word_1_107' title='bbox 987 1147 1300 1213; x_wconf 57' lang='grc' dir='ltr'><strong><em>γφνεσθαι,</em></strong></span> <span class='ocrx_word' id='word_1_108' title='bbox 1331 1145 1626 1214; x_wconf 86' lang='grc' dir='ltr'><strong><em>μετέχοντα</em></strong></span> <span class='ocrx_word' id='word_1_109' title='bbox 1654 1143 1714 1200; x_wconf 80' lang='grc' dir='ltr'><strong><em>δε</em></strong></span> 
     </span>
     <span class='ocr_line' id='line_1_14' title="bbox 24 1222 1826 1298; baseline -0.003 -16"><span class='ocrx_word' id='word_1_110' title='bbox 24 1227 349 1297; x_wconf 67' lang='grc' dir='ltr'><strong><em>φρονήσεως</em></strong></span> <span class='ocrx_word' id='word_1_111' title='bbox 365 1233 711 1298; x_wconf 79' lang='grc' dir='ltr'><strong><em>θαυμαστῆς,</em></strong></span> <span class='ocrx_word' id='word_1_112' title='bbox 731 1224 827 1281; x_wconf 84' lang='grc' dir='ltr'><strong><em>ἅτε</em></strong></span> <span class='ocrx_word' id='word_1_113' title='bbox 845 1229 1044 1296; x_wconf 89' lang='grc' dir='ltr'><strong><em>γένους</em></strong></span> <span class='ocrx_word' id='word_1_114' title='bbox 1071 1222 1210 1281; x_wconf 81' lang='grc' dir='ltr'><strong><em>ὅντα</em></strong></span> <span class='ocrx_word' id='word_1_115' title='bbox 1236 1222 1525 1295; x_wconf 82' lang='grc' dir='ltr'><strong><em>εύμαθοῦς</em></strong></span> <span class='ocrx_word' id='word_1_116' title='bbox 1542 1246 1599 1281; x_wconf 87' lang='grc' dir='ltr'><strong><em>τε</em></strong></span> <span class='ocrx_word' id='word_1_117' title='bbox 1623 1226 1715 1282; x_wconf 81' lang='grc' dir='ltr'><strong><em>καὶ</em></strong></span> <span class='ocrx_word' id='word_1_118' title='bbox 1741 1231 1826 1279; x_wconf 78' lang='lat'><strong><em>985</em></strong></span> 
     </span>
     <span class='ocr_line' id='line_1_15' title="bbox 22 1304 1713 1379; baseline -0.001 -15"><span class='ocrx_word' id='word_1_119' title='bbox 22 1309 324 1379; x_wconf 82' lang='grc' dir='ltr'><strong><em>μνήμονος,</em></strong></span> <span class='ocrx_word' id='word_1_120' title='bbox 341 1308 677 1378; x_wconf 75' lang='grc' dir='ltr'><strong><em>γιγνώσκειν</em></strong></span> <span class='ocrx_word' id='word_1_121' title='bbox 696 1308 800 1379; x_wconf 73' lang='grc' dir='ltr'><strong><em>μὲν</em></strong></span> <span class='ocrx_word' id='word_1_122' title='bbox 818 1306 1112 1378; x_wconf 81' lang='grc' dir='ltr'><strong><em>ξύμπασαν</em></strong></span> <span class='ocrx_word' id='word_1_123' title='bbox 1139 1306 1243 1376; x_wconf 82' lang='grc' dir='ltr'><strong><em>τήν</em></strong></span> <span class='ocrx_word' id='word_1_124' title='bbox 1270 1304 1542 1377; x_wconf 83' lang='grc' dir='ltr'><strong><em>ἡμετέραν</em></strong></span> <span class='ocrx_word' id='word_1_125' title='bbox 1571 1304 1713 1362; x_wconf 84' lang='grc' dir='ltr'><strong><em>αύτά</em></strong></span> 
     </span>
     <span class='ocr_line' id='line_1_16' title="bbox 24 1385 1715 1459; baseline -0.001 -16"><span class='ocrx_word' id='word_1_126' title='bbox 24 1389 280 1443; x_wconf 77' lang='grc' dir='ltr'><strong><em>διάνοιαν</em></strong></span> <span class='ocrx_word' id='word_1_127' title='bbox 299 1391 563 1459; x_wconf 80' lang='grc' dir='ltr'><strong><em>λέγωμεν,</em></strong></span> <span class='ocrx_word' id='word_1_128' title='bbox 575 1390 669 1443; x_wconf 81' lang='grc' dir='ltr'><strong><em>καὶ</em></strong></span> <span class='ocrx_word' id='word_1_129' title='bbox 687 1388 787 1443; x_wconf 89' lang='grc' dir='ltr'><strong><em>τόν</em></strong></span> <span class='ocrx_word' id='word_1_130' title='bbox 797 1409 856 1443; x_wconf 90' lang='grc' dir='ltr'><strong><em>τε</em></strong></span> <span class='ocrx_word' id='word_1_131' title='bbox 875 1387 1050 1443; x_wconf 82' lang='grc' dir='ltr'><strong><em>καλὸν</em></strong></span> <span class='ocrx_word' id='word_1_132' title='bbox 1067 1385 1226 1457; x_wconf 70' lang='grc' dir='ltr'><strong><em>ἡμῶν</em></strong></span> <span class='ocrx_word' id='word_1_133' title='bbox 1246 1390 1337 1442; x_wconf 85' lang='grc' dir='ltr'><strong><em>καὶ</em></strong></span> <span class='ocrx_word' id='word_1_134' title='bbox 1357 1385 1626 1456; x_wconf 77' lang='grc' dir='ltr'><strong><em>ἀγαθὸν“’</em></strong></span> <span class='ocrx_word' id='word_1_135' title='bbox 1601 1387 1715 1459; x_wconf 86' lang='grc' dir='ltr'><strong><em>άμα</em></strong></span> 
     </span>
     <span class='ocr_line' id='line_1_17' title="bbox 22 1466 1716 1540; baseline 0.001 -17"><span class='ocrx_word' id='word_1_136' title='bbox 22 1474 363 1539; x_wconf 78' lang='grc' dir='ltr'><strong><em>θαυμαστῶς</em></strong></span> <span class='ocrx_word' id='word_1_137' title='bbox 379 1467 726 1536; x_wconf 74' lang='grc' dir='ltr'><strong><em>ἀσπάζεσθαι</em></strong></span> <span class='ocrx_word' id='word_1_138' title='bbox 743 1469 835 1523; x_wconf 78' lang='grc' dir='ltr'><strong><em>καὶ</em></strong></span> <span class='ocrx_word' id='word_1_139' title='bbox 852 1467 952 1523; x_wconf 86' lang='grc' dir='ltr'><strong><em>τὸν</em></strong></span> <span class='ocrx_word' id='word_1_140' title='bbox 964 1467 1186 1537; x_wconf 78' lang='grc' dir='ltr'><strong><em>σφόδρα</em></strong></span> <span class='ocrx_word' id='word_1_141' title='bbox 1203 1466 1382 1523; x_wconf 82' lang='grc' dir='ltr'><strong><em>κακὸν</em></strong></span> <span class='ocrx_word' id='word_1_142' title='bbox 1398 1480 1597 1540; x_wconf 81' lang='grc' dir='ltr'><strong><em>μισεῖν,</em></strong></span> <span class='ocrx_word' id='word_1_143' title='bbox 1618 1490 1716 1524; x_wconf 91' lang='grc' dir='ltr'><strong><em>ατε</em></strong></span> 
     </span>
     <span class='ocr_line' id='line_1_18' title="bbox 24 1532 1714 1621; baseline 0.001 -16"><span class='ocrx_word' id='word_1_144' title='bbox 24 1550 204 1620; x_wconf 87' lang='grc' dir='ltr'><strong><em>λύπης</em></strong></span> <span class='ocrx_word' id='word_1_145' title='bbox 220 1532 661 1621; x_wconf 48' lang='grc' dir='ltr'><strong><em>μετέχοντῆᾶη·</em></strong></span> <span class='ocrx_word' id='word_1_146' title='bbox 696 1549 837 1606; x_wconf 79' lang='grc' dir='ltr'><strong><em>θεὸν</em></strong></span> <span class='ocrx_word' id='word_1_147' title='bbox 858 1570 962 1619; x_wconf 91' lang='grc' dir='ltr'><strong><em>μεν</em></strong></span> <span class='ocrx_word' id='word_1_148' title='bbox 976 1546 1087 1618; x_wconf 79' lang='grc' dir='ltr'><strong><em>γὰρ</em></strong></span> <span class='ocrx_word' id='word_1_149' title='bbox 1119 1546 1186 1619; x_wconf 81' lang='grc' dir='ltr'><strong><em>δὴ</em></strong></span> <span class='ocrx_word' id='word_1_150' title='bbox 1205 1547 1307 1605; x_wconf 86' lang='grc' dir='ltr'><strong><em>τὸν</em></strong></span> <span class='ocrx_word' id='word_1_151' title='bbox 1336 1550 1492 1616; x_wconf 83' lang='grc' dir='ltr'><strong><em>τέλος</em></strong></span> <span class='ocrx_word' id='word_1_152' title='bbox 1519 1554 1714 1621; x_wconf 82' lang='grc' dir='ltr'><strong><em>ἔχοντα</em></strong></span> 
     </span>
    </p>

    <p class='ocr_par' dir='ltr' id='par_1_3' title="bbox 22 1627 1781 2763">
     <span class='ocr_line' id='line_1_19' title="bbox 23 1627 1713 1703; baseline 0 -17"><span class='ocrx_word' id='word_1_153' title='bbox 23 1638 121 1701; x_wconf 84' lang='grc' dir='ltr'><strong><em>τῆς</em></strong></span> <span class='ocrx_word' id='word_1_154' title='bbox 140 1635 301 1696; x_wconf 83' lang='grc' dir='ltr'><strong><em>θείας</em></strong></span> <span class='ocrx_word' id='word_1_155' title='bbox 318 1639 514 1703; x_wconf 83' lang='grc' dir='ltr'><strong><em>μοίρας</em></strong></span> <span class='ocrx_word' id='word_1_156' title='bbox 530 1635 632 1697; x_wconf 76' lang='grc' dir='ltr'><strong><em>ἔξω</em></strong></span> <span class='ocrx_word' id='word_1_157' title='bbox 659 1629 878 1686; x_wconf 85' lang='grc' dir='ltr'><strong><em>τούτων</em></strong></span> <span class='ocrx_word' id='word_1_158' title='bbox 902 1627 1059 1699; x_wconf 79' lang='grc' dir='ltr'><strong><em>εἶναι,</em></strong></span> <span class='ocrx_word' id='word_1_159' title='bbox 1090 1628 1268 1699; x_wconf 84' lang='grc' dir='ltr'><strong><em>λύπης</em></strong></span> <span class='ocrx_word' id='word_1_160' title='bbox 1287 1650 1346 1685; x_wconf 90' lang='grc' dir='ltr'><strong><em>τε</em></strong></span> <span class='ocrx_word' id='word_1_161' title='bbox 1365 1631 1459 1686; x_wconf 83' lang='grc' dir='ltr'><strong><em>καὶ</em></strong></span> <span class='ocrx_word' id='word_1_162' title='bbox 1487 1628 1713 1702; x_wconf 80' lang='grc' dir='ltr'><strong><em>ἡδονῆς,</em></strong></span> 
     </span>
     <span class='ocr_line' id='line_1_20' title="bbox 22 1707 1716 1784; baseline 0.001 -18"><span class='ocrx_word' id='word_1_163' title='bbox 22 1718 126 1767; x_wconf 86' lang='grc' dir='ltr'><strong><em>τοῦ</em></strong></span> <span class='ocrx_word' id='word_1_164' title='bbox 148 1711 209 1768; x_wconf 74' lang='grc' dir='ltr'><strong><em>δὲ</em></strong></span> <span class='ocrx_word' id='word_1_165' title='bbox 230 1724 464 1782; x_wconf 78' lang='grc' dir='ltr'><strong><em>φρονεῖν</em></strong></span> <span class='ocrx_word' id='word_1_166' title='bbox 482 1714 575 1767; x_wconf 80' lang='grc' dir='ltr'><strong><em>καὶ</em></strong></span> <span class='ocrx_word' id='word_1_167' title='bbox 593 1732 695 1766; x_wconf 91' lang='grc' dir='ltr'><strong><em>του</em></strong></span> <span class='ocrx_word' id='word_1_168' title='bbox 724 1708 1054 1781; x_wconf 69' lang='grc' dir='ltr'><strong><em>γιγνώσκειν</em></strong></span> <span class='ocrx_word' id='word_1_169' title='bbox 1082 1707 1222 1765; x_wconf 77' lang='grc' dir='ltr'><strong><em>κατὰ</em></strong></span> <span class='ocrx_word' id='word_1_170' title='bbox 1252 1709 1436 1766; x_wconf 89' lang='grc' dir='ltr'><strong><em>πάντα</em></strong></span> <span class='ocrx_word' id='word_1_171' title='bbox 1463 1718 1716 1784; x_wconf 84' lang='grc' dir='ltr'><strong><em>μετειλη-</em></strong></span> 
     </span>
     <span class='ocr_line' id='line_1_21' title="bbox 24 1790 1772 1865; baseline 0.002 -18"><span class='ocrx_word' id='word_1_172' title='bbox 24 1797 206 1863; x_wconf 86' lang='grc' dir='ltr'><strong><em>φέναι.</em></strong></span> <span class='ocrx_word' id='word_1_173' title='bbox 240 1794 333 1848; x_wconf 74' lang='grc' dir='ltr'><strong><em>παὶ</em></strong></span> <span class='ocrx_word' id='word_1_174' title='bbox 359 1794 718 1865; x_wconf 78' lang='grc' dir='ltr'><strong><em>ξυμπλήρους</em></strong></span> <span class='ocrx_word' id='word_1_175' title='bbox 742 1791 810 1863; x_wconf 80' lang='grc' dir='ltr'><strong><em>δὴ</em></strong></span> <span class='ocrx_word' id='word_1_176' title='bbox 837 1792 991 1859; x_wconf 77' lang='grc' dir='ltr'><strong><em>ζώων</em></strong></span> <span class='ocrx_word' id='word_1_177' title='bbox 1020 1790 1272 1861; x_wconf 84' lang='grc' dir='ltr'><strong><em>ούρανοῦ</em></strong></span> <span class='ocrx_word' id='word_1_178' title='bbox 1298 1792 1595 1861; x_wconf 88' lang='grc' dir='ltr'><strong><em>γεγονότος</em></strong></span> <span class='ocrx_word' id='word_1_179' title='bbox 1617 1793 1710 1865; x_wconf 78' lang='grc' dir='ltr'><strong><em>ἑρ-</em></strong></span> <span class='ocrx_word' id='word_1_180' title='bbox 1741 1809 1772 1849; x_wconf 87' lang='grc' dir='ltr'>Β</span> 
     </span>
     <span class='ocr_line' id='line_1_22' title="bbox 23 1871 1716 1946; baseline 0.001 -17"><span class='ocrx_word' id='word_1_181' title='bbox 23 1873 371 1944; x_wconf 81' lang='grc' dir='ltr'><strong><em>μηνεύεσθαι</em></strong></span> <span class='ocrx_word' id='word_1_182' title='bbox 388 1873 527 1945; x_wconf 86' lang='grc' dir='ltr'><strong><em>πρὸς</em></strong></span> <span class='ocrx_word' id='word_1_183' title='bbox 544 1871 819 1946; x_wconf 80' lang='grc' dir='ltr'><strong><em>ἀλλήλους</em></strong></span> <span class='ocrx_word' id='word_1_184' title='bbox 837 1895 894 1929; x_wconf 80' lang='grc' dir='ltr'><strong><em>τε</em></strong></span> <span class='ocrx_word' id='word_1_185' title='bbox 913 1875 1004 1929; x_wconf 82' lang='grc' dir='ltr'><strong><em>καὶ</em></strong></span> <span class='ocrx_word' id='word_1_186' title='bbox 1024 1871 1156 1938; x_wconf 82' lang='grc' dir='ltr'><strong><em>τούς</em></strong></span> <span class='ocrx_word' id='word_1_187' title='bbox 1174 1871 1516 1942; x_wconf 85' lang='grc' dir='ltr'><strong><em>ἀκροτάτους</em></strong></span> <span class='ocrx_word' id='word_1_188' title='bbox 1540 1872 1716 1940; x_wconf 77' lang='grc' dir='ltr'><strong><em>θεοὺς</em></strong></span> 
     </span>
     <span class='ocr_line' id='line_1_23' title="bbox 24 1952 1716 2027; baseline 0.002 -19"><span class='ocrx_word' id='word_1_189' title='bbox 24 1954 236 2021; x_wconf 85' lang='grc' dir='ltr'><strong><em>πάντας</em></strong></span> <span class='ocrx_word' id='word_1_190' title='bbox 252 1976 311 2011; x_wconf 87' lang='grc' dir='ltr'><strong><em>τε</em></strong></span> <span class='ocrx_word' id='word_1_191' title='bbox 333 1958 425 2012; x_wconf 77' lang='grc' dir='ltr'><strong><em>καὶ</em></strong></span> <span class='ocrx_word' id='word_1_192' title='bbox 443 1956 646 2026; x_wconf 88' lang='grc' dir='ltr'><strong><em>πάντα,</em></strong></span> <span class='ocrx_word' id='word_1_193' title='bbox 669 1954 760 2011; x_wconf 79' lang='grc' dir='ltr'><strong><em>διά</em></strong></span> <span class='ocrx_word' id='word_1_194' title='bbox 779 1954 842 2011; x_wconf 84' lang='grc' dir='ltr'><strong><em>τὸ</em></strong></span> <span class='ocrx_word' id='word_1_195' title='bbox 863 1957 1140 2027; x_wconf 77' lang='grc' dir='ltr'><strong><em>φέρεσθαι</em></strong></span> <span class='ocrx_word' id='word_1_196' title='bbox 1156 1952 1225 2010; x_wconf 85' lang='grc' dir='ltr'><strong><em>τά</em></strong></span> <span class='ocrx_word' id='word_1_197' title='bbox 1255 1957 1394 2025; x_wconf 87' lang='grc' dir='ltr'><strong><em>μέσα</em></strong></span> <span class='ocrx_word' id='word_1_198' title='bbox 1417 1960 1532 2012; x_wconf 83' lang='grc' dir='ltr'><strong><em>τών</em></strong></span> <span class='ocrx_word' id='word_1_199' title='bbox 1561 1955 1716 2022; x_wconf 77' lang='grc' dir='ltr'><strong><em>ζώων</em></strong></span> 
     </span>
     <span class='ocr_line' id='line_1_24' title="bbox 24 2034 1714 2111; baseline 0.001 -20"><span class='ocrx_word' id='word_1_200' title='bbox 24 2038 118 2091; x_wconf 77' lang='grc' dir='ltr'><strong><em>ἐπί</em></strong></span> <span class='ocrx_word' id='word_1_201' title='bbox 148 2058 207 2092; x_wconf 89' lang='grc' dir='ltr'><strong><em>τε</em></strong></span> <span class='ocrx_word' id='word_1_202' title='bbox 239 2043 350 2108; x_wconf 85' lang='grc' dir='ltr'><strong><em>γῆν</em></strong></span> <span class='ocrx_word' id='word_1_203' title='bbox 386 2038 478 2094; x_wconf 82' lang='grc' dir='ltr'><strong><em>καὶ</em></strong></span> <span class='ocrx_word' id='word_1_204' title='bbox 505 2039 595 2094; x_wconf 78' lang='grc' dir='ltr'><strong><em>ἐπὶ</em></strong></span> <span class='ocrx_word' id='word_1_205' title='bbox 622 2036 724 2094; x_wconf 85' lang='grc' dir='ltr'><strong><em>τὸν</em></strong></span> <span class='ocrx_word' id='word_1_206' title='bbox 753 2035 890 2094; x_wconf 85' lang='grc' dir='ltr'><strong><em>ὅλον</em></strong></span> <span class='ocrx_word' id='word_1_207' title='bbox 909 2034 1160 2108; x_wconf 81' lang='grc' dir='ltr'><strong><em>οὐρανὸν</em></strong></span> <span class='ocrx_word' id='word_1_208' title='bbox 1186 2038 1403 2111; x_wconf 80' lang='grc' dir='ltr'><strong><em>ἐλαφρᾷ</em></strong></span> <span class='ocrx_word' id='word_1_209' title='bbox 1431 2037 1714 2109; x_wconf 85' lang='grc' dir='ltr'><strong><em>φερόμενα</em></strong></span> 
     </span>
     <span class='ocr_line' id='line_1_25' title="bbox 23 2116 1781 2191; baseline 0.001 -17"><span class='ocrx_word' id='word_1_210' title='bbox 23 2118 190 2190; x_wconf 74' lang='grc' dir='ltr'><strong><em>ῥύμῃ.</em></strong></span> <span class='ocrx_word' id='word_1_211' title='bbox 225 2117 286 2175; x_wconf 88' lang='grc' dir='ltr'><strong><em>τὸ</em></strong></span> <span class='ocrx_word' id='word_1_212' title='bbox 308 2119 368 2175; x_wconf 73' lang='grc' dir='ltr'><strong><em>δὲ</em></strong></span> <span class='ocrx_word' id='word_1_213' title='bbox 388 2117 591 2185; x_wconf 79' lang='grc' dir='ltr'><strong><em>ὕδατος</em></strong></span> <span class='ocrx_word' id='word_1_214' title='bbox 610 2125 860 2190; x_wconf 88' lang='grc' dir='ltr'><strong><em>πέμπτον</em></strong></span> <span class='ocrx_word' id='word_1_215' title='bbox 879 2116 948 2175; x_wconf 87' lang='grc' dir='ltr'><strong><em>ὂν</em></strong></span> <span class='ocrx_word' id='word_1_216' title='bbox 966 2117 1204 2191; x_wconf 77' lang='grc' dir='ltr'><strong><em>ἡμίθεον</em></strong></span> <span class='ocrx_word' id='word_1_217' title='bbox 1231 2120 1334 2190; x_wconf 77' lang='grc' dir='ltr'><strong><em>μὲν</em></strong></span> <span class='ocrx_word' id='word_1_218' title='bbox 1364 2117 1714 2176; x_wconf 84' lang='grc' dir='ltr'><strong><em>ἀπεικάσειεν</em></strong></span> <span class='ocrx_word' id='word_1_219' title='bbox 1778 2139 1781 2142; x_wconf 93' lang='grc'><strong><em>·</em></strong></span> 
     </span>
     <span class='ocr_line' id='line_1_26' title="bbox 26 2197 1714 2271; baseline 0.001 -16"><span class='ocrx_word' id='word_1_220' title='bbox 26 2199 100 2255; x_wconf 79' lang='grc' dir='ltr'><strong><em>ἄν</em></strong></span> <span class='ocrx_word' id='word_1_221' title='bbox 117 2223 196 2266; x_wconf 88' lang='grc' dir='ltr'><strong><em>τις</em></strong></span> <span class='ocrx_word' id='word_1_222' title='bbox 219 2199 408 2271; x_wconf 80' lang='grc' dir='ltr'><strong><em>ὀρθῶς</em></strong></span> <span class='ocrx_word' id='word_1_223' title='bbox 427 2200 738 2268; x_wconf 79' lang='grc' dir='ltr'><strong><em>ἀπεικάζων</em></strong></span> <span class='ocrx_word' id='word_1_224' title='bbox 761 2204 815 2267; x_wconf 81' lang='grc' dir='ltr'><strong><em>έξ</em></strong></span> <span class='ocrx_word' id='word_1_225' title='bbox 835 2197 1011 2256; x_wconf 87' lang='grc' dir='ltr'><strong><em>αὐτοῦ</em></strong></span> <span class='ocrx_word' id='word_1_226' title='bbox 1030 2203 1337 2271; x_wconf 87' lang='grc' dir='ltr'><strong><em>γεγονέναι,</em></strong></span> <span class='ocrx_word' id='word_1_227' title='bbox 1357 2202 1450 2257; x_wconf 83' lang='grc' dir='ltr'><strong><em>καὶ</em></strong></span> <span class='ocrx_word' id='word_1_228' title='bbox 1467 2198 1611 2256; x_wconf 86' lang='grc' dir='ltr'><strong><em>τοῦτ’</em></strong></span> <span class='ocrx_word' id='word_1_229' title='bbox 1634 2198 1714 2256; x_wconf 81' lang='grc' dir='ltr'><strong><em>εἶ-</em></strong></span> 
     </span>
     <span class='ocr_line' id='line_1_27' title="bbox 27 2278 1712 2353; baseline 0.001 -18"><span class='ocrx_word' id='word_1_230' title='bbox 27 2303 122 2336; x_wconf 87' lang='grc' dir='ltr'><strong><em>ναι</em></strong></span> <span class='ocrx_word' id='word_1_231' title='bbox 145 2284 265 2337; x_wconf 81' lang='grc' dir='ltr'><strong><em>τοτὲ</em></strong></span> <span class='ocrx_word' id='word_1_232' title='bbox 298 2280 451 2352; x_wconf 59' lang='grc' dir='ltr'><strong><em>μὲν*</em></strong></span> <span class='ocrx_word' id='word_1_233' title='bbox 426 2282 733 2353; x_wconf 85' lang='grc' dir='ltr'><strong><em>ορώμενον,</em></strong></span> <span class='ocrx_word' id='word_1_234' title='bbox 768 2280 964 2340; x_wconf 75' lang='grc' dir='ltr'><strong><em>ἄλλοτε</em></strong></span> <span class='ocrx_word' id='word_1_235' title='bbox 997 2280 1058 2338; x_wconf 73' lang='grc' dir='ltr'><strong><em>δὲ</em></strong></span> <span class='ocrx_word' id='word_1_236' title='bbox 1094 2278 1468 2352; x_wconf 56' lang='grc' dir='ltr'><strong><em>ἀποκρυφθέν</em></strong></span> <span class='ocrx_word' id='word_1_237' title='bbox 1504 2280 1712 2352; x_wconf 79' lang='grc' dir='ltr'><strong><em>ἄδηλον</em></strong></span> 
     </span>
     <span class='ocr_line' id='line_1_28' title="bbox 24 2359 1711 2461; baseline -0.001 -42"><span class='ocrx_word' id='word_1_238' title='bbox 24 2365 375 2435; x_wconf 78' lang='grc' dir='ltr'><strong><em>γιγνόμενον,</em></strong></span> <span class='ocrx_word' id='word_1_239' title='bbox 394 2371 591 2436; x_wconf 76' lang='grc' dir='ltr'><strong><em>θαῦμα</em></strong></span> <span class='ocrx_word' id='word_1_240' title='bbox 608 2362 723 2421; x_wconf 83' lang='grc' dir='ltr'><strong><em>κατ’</em></strong></span> <span class='ocrx_word' id='word_1_241' title='bbox 745 2360 1005 2435; x_wconf 78' lang='grc' dir='ltr'><strong><em>ἀμυδρὰν</em></strong></span> <span class='ocrx_word' id='word_1_242' title='bbox 1023 2359 1157 2429; x_wconf 77' lang='grc' dir='ltr'><strong><em>ὄψιν</em></strong></span> <span class='ocrx_word' id='word_1_243' title='bbox 1164 2361 1569 2461; x_wconf 78' lang='grc' dir='ltr'><strong><em>παρεχόμενον.</em></strong></span> <span class='ocrx_word' id='word_1_244' title='bbox 1589 2362 1711 2417; x_wconf 93' lang='grc' dir='ltr'><strong><em>τού-</em></strong></span> 
     </span>
     <span class='ocr_line' id='line_1_29' title="bbox 26 2442 1775 2517; baseline -0.004 -16"><span class='ocrx_word' id='word_1_245' title='bbox 26 2466 139 2501; x_wconf 69' lang='grc' dir='ltr'><strong><em>των</em></strong></span> <span class='ocrx_word' id='word_1_246' title='bbox 156 2443 224 2515; x_wconf 74' lang='grc' dir='ltr'><strong><em>δὴ</em></strong></span> <span class='ocrx_word' id='word_1_247' title='bbox 244 2452 358 2502; x_wconf 76' lang='grc' dir='ltr'><strong><em>τῶν</em></strong></span> <span class='ocrx_word' id='word_1_248' title='bbox 375 2445 591 2503; x_wconf 74' lang='grc' dir='ltr'><strong><em>πέντε”</em></strong></span> <span class='ocrx_word' id='word_1_249' title='bbox 557 2466 735 2512; x_wconf 85' lang='grc' dir='ltr'><strong><em>ουτως</em></strong></span> <span class='ocrx_word' id='word_1_250' title='bbox 756 2443 939 2502; x_wconf 80' lang='grc' dir='ltr'><strong><em>ὄντων</em></strong></span> <span class='ocrx_word' id='word_1_251' title='bbox 966 2442 1179 2514; x_wconf 80' lang='grc' dir='ltr'><strong><em>ζώων,</em></strong></span> <span class='ocrx_word' id='word_1_252' title='bbox 1159 2442 1270 2517; x_wconf 80' lang='grc' dir='ltr'><strong><em>όπῃ</em></strong></span> <span class='ocrx_word' id='word_1_253' title='bbox 1287 2442 1431 2508; x_wconf 76' lang='grc' dir='ltr'><strong><em>τινὲς</em></strong></span> <span class='ocrx_word' id='word_1_254' title='bbox 1454 2445 1714 2514; x_wconf 81' lang='grc' dir='ltr'><strong><em>ἐνέτυχον</em></strong></span> <span class='ocrx_word' id='word_1_255' title='bbox 1744 2450 1775 2494; x_wconf 88' lang='lat' dir='ltr'><strong>c</strong></span> 
     </span>
     <span class='ocr_line' id='line_1_30' title="bbox 26 2522 1713 2599; baseline -0.002 -17"><span class='ocrx_word' id='word_1_256' title='bbox 26 2525 213 2598; x_wconf 72' lang='grc' dir='ltr'><strong><em>ἡμῶν,</em></strong></span> <span class='ocrx_word' id='word_1_257' title='bbox 249 2523 287 2598; x_wconf 80' lang='grc' dir='ltr'><strong><em>ἦ</em></strong></span> <span class='ocrx_word' id='word_1_258' title='bbox 322 2524 459 2583; x_wconf 66' lang='grc' dir='ltr'><strong><em>καθ’</em></strong></span> <span class='ocrx_word' id='word_1_259' title='bbox 497 2547 684 2584; x_wconf 89' lang='grc' dir='ltr'><strong><em>υπνον</em></strong></span> <span class='ocrx_word' id='word_1_260' title='bbox 721 2529 782 2584; x_wconf 83' lang='grc' dir='ltr'><strong><em>έν</em></strong></span> <span class='ocrx_word' id='word_1_261' title='bbox 822 2524 1175 2599; x_wconf 85' lang='grc' dir='ltr'><strong><em>ὀνειροπολία</em></strong></span> <span class='ocrx_word' id='word_1_262' title='bbox 1213 2522 1635 2594; x_wconf 85' lang='grc' dir='ltr'><strong><em>προστυχόντες,</em></strong></span> <span class='ocrx_word' id='word_1_263' title='bbox 1677 2546 1713 2595; x_wconf 91' lang='grc' dir='ltr'><strong><em>η</em></strong></span> 
     </span>
     <span class='ocr_line' id='line_1_31' title="bbox 28 2601 1712 2680; baseline -0.002 -15"><span class='ocrx_word' id='word_1_264' title='bbox 28 2608 166 2665; x_wconf 76' lang='grc' dir='ltr'><strong><em>κατὰ</em></strong></span> <span class='ocrx_word' id='word_1_265' title='bbox 185 2606 374 2679; x_wconf 83' lang='grc' dir='ltr'><strong><em>φήμας</em></strong></span> <span class='ocrx_word' id='word_1_266' title='bbox 389 2628 446 2664; x_wconf 88' lang='grc' dir='ltr'><strong><em>τε</em></strong></span> <span class='ocrx_word' id='word_1_267' title='bbox 462 2610 556 2665; x_wconf 78' lang='grc' dir='ltr'><strong><em>καὶ</em></strong></span> <span class='ocrx_word' id='word_1_268' title='bbox 572 2614 831 2680; x_wconf 85' lang='grc' dir='ltr'><strong><em>μαντείας</em></strong></span> <span class='ocrx_word' id='word_1_269' title='bbox 850 2610 1050 2679; x_wconf 77' lang='grc' dir='ltr'><strong><em>λεχθέν</em></strong></span> <span class='ocrx_word' id='word_1_270' title='bbox 1072 2621 1215 2662; x_wconf 89' lang='grc' dir='ltr'><strong><em>τισιν</em></strong></span> <span class='ocrx_word' id='word_1_271' title='bbox 1238 2607 1302 2662; x_wconf 81' lang='grc' dir='ltr'><strong><em>έν</em></strong></span> <span class='ocrx_word' id='word_1_272' title='bbox 1319 2602 1512 2669; x_wconf 76' lang='grc' dir='ltr'><strong><em>ἀκοαῖς</em></strong></span> <span class='ocrx_word' id='word_1_273' title='bbox 1529 2601 1712 2675; x_wconf 90' lang='grc' dir='ltr'><strong><em>υγιαί-</em></strong></span> 
     </span>
     <span class='ocr_line' id='line_1_32' title="bbox 27 2685 1713 2763; baseline -0.003 -17"><span class='ocrx_word' id='word_1_274' title='bbox 27 2706 225 2746; x_wconf 88' lang='grc' dir='ltr'><strong><em>νουσιν</em></strong></span> <span class='ocrx_word' id='word_1_275' title='bbox 249 2685 285 2761; x_wconf 83' lang='grc' dir='ltr'><strong><em>ἦ</em></strong></span> <span class='ocrx_word' id='word_1_276' title='bbox 312 2692 404 2746; x_wconf 78' lang='grc' dir='ltr'><strong><em>καὶ</em></strong></span> <span class='ocrx_word' id='word_1_277' title='bbox 431 2690 763 2763; x_wconf 79' lang='grc' dir='ltr'><strong><em>κάμνουσιν,</em></strong></span> <span class='ocrx_word' id='word_1_278' title='bbox 794 2686 830 2762; x_wconf 81' lang='grc' dir='ltr'><strong><em>ἦ</em></strong></span> <span class='ocrx_word' id='word_1_279' title='bbox 858 2691 951 2747; x_wconf 83' lang='grc' dir='ltr'><strong><em>καὶ</em></strong></span> <span class='ocrx_word' id='word_1_280' title='bbox 971 2692 1198 2759; x_wconf 78' lang='grc' dir='ltr'><strong><em>τελευτῇ</em></strong></span> <span class='ocrx_word' id='word_1_281' title='bbox 1226 2692 1375 2758; x_wconf 86' lang='grc' dir='ltr'><strong><em>βίου</em></strong></span> <span class='ocrx_word' id='word_1_282' title='bbox 1372 2688 1713 2757; x_wconf 83' lang='grc' dir='ltr'><strong><em>προστυχέσι</em></strong></span> 
     </span>
    </p>
   </div>
   <div class='ocr_carea' id='block_1_3' title="bbox 26 2769 1710 2897">
    <p class='ocr_par' dir='ltr' id='par_1_4' title="bbox 26 2769 1710 2897">
     <span class='ocr_line' id='line_1_33' title="bbox 26 2769 1710 2897; baseline -0.003 -68"><span class='ocrx_word' id='word_1_283' title='bbox 26 2775 402 2897; x_wconf 56' lang='grc' dir='ltr'><strong><em>γενομῐι)εἰιοις,ν</em></strong></span> <span class='ocrx_word' id='word_1_284' title='bbox 407 2776 519 2829; x_wconf 79' lang='grc' dir='ltr'><strong><em>ἰδία</em></strong></span> <span class='ocrx_word' id='word_1_285' title='bbox 554 2795 612 2831; x_wconf 77' lang='grc' dir='ltr'><strong><em>τε</em></strong></span> <span class='ocrx_word' id='word_1_286' title='bbox 647 2777 739 2832; x_wconf 81' lang='grc' dir='ltr'><strong><em>καὶ</em></strong></span> <span class='ocrx_word' id='word_1_287' title='bbox 776 2777 1009 2847; x_wconf 80' lang='grc' dir='ltr'><strong><em>δημοσίᾳ</em></strong></span> <span class='ocrx_word' id='word_1_288' title='bbox 1049 2769 1212 2837; x_wconf 76' lang='grc' dir='ltr'><strong><em>δόξας</em></strong></span> <span class='ocrx_word' id='word_1_289' title='bbox 1242 2771 1710 2840; x_wconf 83' lang='grc' dir='ltr'><strong><em>παραγενομένας,</em></strong></span> 
     </span>
     <span class='ocr_line' id='line_1_34' title="bbox 207 2866 416 2897; baseline -0.005 0"><span class='ocrx_word' id='word_1_290' title='bbox 207 2866 309 2897; x_wconf 69' lang='lat' dir='ltr'><strong><em>LAT(</em></strong></span> <span class='ocrx_word' id='word_1_291' title='bbox 406 2887 416 2896; x_wconf 84' lang='lat'>.</span> 
     </span>
    </p>
   </div>
  </div>
 </body>
</html>
