1976 3172
196 96 206 99 ⁴
249 113 351 166 298
879 108 1350 166 HAATszzvoz'
1427 153 1430 158 .

246 250 450 317 μένους
479 253 766 318 λωβῶνται
797 249 887 303 καὶ
914 248 1161 313 ἑαυτούς.
1199 247 1261 304 τὸ
1291 250 1397 321 γὰρ
1429 249 1631 322 ἀληθὲς
1664 253 1924 321 λέγεσθαι

245 330 368 399 περὶ
388 334 492 383 τοῦ
511 331 758 386 πλούτου
783 328 920 385 κατὰ
938 329 1126 394 πόλεις
1154 329 1349 400 πάσας,
1381 332 1604 388 πάντων
1629 332 1924 388 κάλλιστον

243 412 336 465 καὶ
378 408 624 483 ἄριστον,
664 409 739 476 ὡς
775 413 938 467 ἕνεκα
977 411 1228 482 σώματός
1262 415 1390 484 ἐστι,
1428 414 1520 468 καὶ
1554 419 1711 485 σῶμα
1746 421 1924 485 ψυχῆς

242 491 404 547 ἕνεκα
417 513 429 527 ·
467 489 704 562 ἀγαθοῖν
719 491 822 563 μὲν
841 486 947 548 οὖν
965 490 1164 562 ὄντων,
1185 487 1268 548 ὦν
1285 487 1447 550 ἕνεκα
1465 493 1493 550 ὁ
1526 502 1765 560 πλοῦτος
1785 494 1923 552 εἶναι

241 575 474 642 πέφυκε,
509 578 694 641 τρίτον
722 569 794 628 ἀν
823 581 905 644 εἴη
931 574 1066 643 μετὰ
1096 574 1345 644 σώματος
1377 573 1578 646 ἀρετὴν
1608 578 1699 632 καὶ
1729 583 1920 647 ψυχῆς.

239 654 571 721 διδάσκαλος
607 650 714 712 οὖν
738 653 810 712 ἂν
846 654 875 711 ὁ
913 657 1078 727 λόγος
1112 651 1275 723 οὗτος
1308 665 1570 730 γίγνοιτο,
1609 658 1682 725 ὡς
1719 658 1787 716 οὐ
1819 659 1918 731 χρὴ

238 742 499 792 πλουτεῖν
528 742 706 808 ζητεῖν
734 736 835 793 τὸν
866 735 1168 809 εὐδαίμονα
1206 739 1491 812 ἐσόμενον,
1522 740 1660 796 ἀλλά
1700 745 1921 805 δικαίως

166 827 207 873 ,Ο
238 825 499 872 πλουτεῖν
535 819 628 872 καὶ
671 818 1001 887 σωφρόνως·
1041 823 1132 874 καὶ
1167 821 1335 890 φόνοι
1370 821 1548 887 οὕτως
1584 819 1688 878 οὐκ
1727 819 1798 878 ἀν
1833 828 1920 893 γί-

236 918 459 968 γνοιντο
481 897 540 951 ἐν
561 896 753 952 πόλεσι
772 897 967 967 φόνοις
987 899 1242 971 δεόμενοι
1269 907 1660 971 καθαίρεσθαι.
1712 909 1821 958 νῦν
1841 906 1918 970 δέ,

237 977 375 1049 ὅπερ
396 976 692 1049 ἀρχόμενοι
716 978 932 1033 τούτων
951 986 1195 1051 εἴπομεν,
1218 983 1282 1036 ἓν
1300 982 1402 1051 μὲν
1421 981 1564 1037 τοῦτ’
1587 986 1698 1038 ἐστὶ
1715 987 1806 1039 καὶ
1824 988 1920 1053 με’-

234 1076 443 1130 γιστον,
466 1058 498 1116 ὃ
525 1071 673 1116 ποιεῖ
692 1060 877 1131 φόνου
901 1061 1161 1117 ἑκουσίου
1179 1062 1276 1127 τὰς
1295 1069 1551 1134 μεγίστας
1572 1068 1748 1129 δίκας·
1789 1066 1920 1120 δεύ-

233 1163 398 1213 τερον
418 1141 477 1197 δὲ
495 1148 788 1213 φιλοτίμου
807 1150 982 1214 ψυχῆς
1001 1146 1122 1215 ἕξις,
1145 1145 1403 1215 φθόνους
1422 1149 1742 1202 ἐντίκτουσα
1758 1153 1920 1218 χαλε-

231 1222 374 1288 πούς
393 1229 686 1290 ξυνοίκους
696 1225 932 1296 μάλιστα
951 1225 1053 1297 μὲν
1065 1223 1216 1300 αὐτῷ
1234 1233 1315 1301 τῷ
1325 1229 1638 1300 κεκτημένῳ
1651 1226 1751 1283 τὸν
1764 1227 1919 1299 φθό-

229 1327 351 1376 νον,
371 1309 647 1376 δευτέροις
667 1309 727 1362 δὲ
744 1319 857 1372 τοῖς
874 1305 1117 1377 ἀρίστοις
1136 1314 1249 1363 τῶν
1278 1309 1339 1363 ἐν
1356 1315 1422 1380 τῇ
1443 1309 1614 1366 πόλει.
1653 1315 1839 1381 τρίτον
1860 1310 1917 1365 δὲ

230 1390 288 1442 οἰ
303 1389 470 1445 δειλοὶ
490 1390 579 1443 καὶ
599 1387 782 1443 ἄδικοι
802 1389 972 1459 φόβοι
992 1387 1235 1453 πολλοὺς
1255 1391 1320 1459 δὴ
1343 1389 1557 1461 φόνρυς
1577 1392 1716 1446 εἰσὶν
1745 1394 1916 1460 ἐξειρ-

165 1484 200 1524 D
233 1469 514 1539 γασμένοι,
537 1466 674 1523 ὅταν
693 1463 731 1539 ᾗ
748 1489 823 1542 τῳ
844 1470 1192 1540 πραττόμενα
1212 1466 1247 1540 ἢ
1268 1475 1640 1542 πεπραγμένα,
1655 1468 1689 1525 ἂ
1707 1475 1916 1542 μηδένα

227 1550 533 1622 βούλονταί
548 1565 705 1619 σφισι
725 1553 1030 1615 ξυνειδέναι
1059 1552 1363 1622 γιγνόμενα
1390 1549 1427 1622 ἢ
1451 1552 1746 1622 γεγονότα·
1784 1551 1915 1621 τοὺς

229 1626 337 1687 οὖν
356 1631 574 1686 τούτων
592 1630 839 1701 μηνυτὰς
856 1629 1150 1703 ἀναιροῦσι
1168 1632 1451 1702 θανάτοις,
1473 1631 1610 1689 ὅταν
1630 1633 1778 1708 ἄλλῳ
1809 1657 1916 1706 μη-

228 1713 347 1768 δενὶ
367 1711 646 1768 δύνωνται
666 1711 881 1786 τρόπῳ·
920 1713 1136 1768 τούτων
1155 1714 1221 1784 δὴ
1241 1714 1471 1770 πάντων
1498 1718 1624 1785 πέρι
1652 1720 1913 1786 προοίμια

227 1794 330 1865 μὲν
347 1796 606 1865 εἰρημένα
623 1792 779 1849 ταῦτ’
803 1798 958 1864 ἔστω,
981 1797 1071 1850 καὶ
1095 1794 1234 1865 πρὸς
1258 1796 1475 1865 τούτοις
1506 1793 1574 1852 ὃν
1599 1797 1692 1851 καὶ
1720 1798 1913 1852 πολλοὶ

225 1875 398 1945 λόγον
415 1881 528 1930 τῶν
547 1878 608 1931 ἐν
624 1886 741 1940 ταῖς
759 1882 997 1940 τελεταῖς
1015 1879 1136 1946 περὶ
1155 1875 1221 1932 τά
1240 1876 1467 1933 τοιαῦτα
1486 1876 1911 1932 ἐσπουδακότων

225 1955 528 2021 ἀκούοντες
558 1958 778 2028 σφόδρα
808 1963 1116 2029 πείθονται,
1145 1957 1205 2013 τὸ
1235 1964 1350 2014 τῶν
1383 1958 1653 2014 τοιούτων
1679 1963 1822 2014 τίσιν
1850 1961 1911 2014 ἐν

161 2054 194 2095 Ε
212 2036 404 2094 Ἅιδου
423 2044 717 2109 γίγνεσθαι
739 2039 830 2094 καὶ
851 2040 1019 2094 πάλιν
1038 2037 1396 2111 ἀφικομένοις
1416 2044 1582 2111 δεῦρο
1604 2038 1909 2110 ἀναγκαῖον

225 2119 367 2175 εἶναι
400 2118 504 2192 τὴν
540 2118 680 2176 κατὰ
711 2121 887 2192 φύσιν
918 2125 1078 2193 δίκην
1116 2124 1338 2194 ἐκτῖσαι,
1359 2122 1462 2193 τὴν
1491 2130 1595 2178 τοῦ
1625 2123 1910 2189 παθόντος

224 2200 364 2272 ἅπερ
386 2201 553 2266 αὐτὸς
572 2206 823 2273 ἔδρασεν,
845 2201 945 2259 ὑπ’
967 2203 1141 2260 ἄλλου
1157 2203 1385 2277 τοιαύτῃ
1405 2209 1570 2280 μοίρᾳ
1589 2202 1908 2276 τελευτῆσαι

222 2280 324 2338 τὸν
339 2282 461 2338 τότε
481 2289 621 2354 βίον.

348 2368 445 2418 'XL
484 2368 813 2438 Πειθομένςο
829 2366 930 2435 μὲν
943 2366 1007 2437 δὴ
1026 2371 1117 2423 καὶ
1135 2369 1355 2432 πάντως
1373 2370 1705 2439 φοβουμένῳ
1726 2370 1780 2431 ἐξ
1800 2364 1905 2421 αὐ-

220 2451 321 2501 τοῦ
341 2452 444 2501 τοῦ
463 2449 757 2516 προοιμίου
775 2445 880 2515 τὴν
906 2445 1169 2516 τοιαύτην
1199 2451 1359 2517 δίκην
1385 2444 1555 2500 οῦδὲν
1585 2449 1673 2501 δεῖ
1689 2446 1791 2501 τὸν
1817 2449 1904 2502 ἐπὶ

105 2547 191 2594 871
220 2528 398 2602 τούτῳ
414 2527 590 2599 νόμον
607 2526 821 2599 ὑμνεῖν,
836 2526 1166 2594 ἀπειθοῦντι
1188 2532 1246 2585 δὲ
1265 2529 1436 2600 νόμος
1455 2529 1549 2584 ὅδε
1570 2529 1816 2600 εἰρήσθω
1836 2537 1905 2600 τῇ

219 2617 408 2682 γραφῇ
425 2632 435 2642 ·
477 2609 538 2674 ὂς
560 2607 632 2664 ἀν
657 2612 718 2665 ἐκ
747 2615 1011 2680 προνοίας
1028 2632 1086 2666 τε
1114 2611 1205 2666 καὶ
1234 2609 1434 2676 ἀδίκως
1464 2609 1763 2666 ὁντιναοῦν
1790 2618 1902 2666 τῶν

219 2687 504 2763 ἐμφυλίων
523 2689 777 2762 αὐτόχειρ
797 2698 998 2765 κτείνῃ,
1019 2698 1244 2763 πρῶτον
1263 2695 1363 2764 μὲν
1381 2700 1495 2748 τῶν
1518 2697 1768 2764 νομίμων
1787 2696 1900 2760 εἰρὲ-

217 2779 423 2846 γέσθω,
444 2772 576 2847 μήτε
598 2774 715 2846 ἱεροὶ
748 2775 884 2847 μήτε
915 2774 1126 2848 ἀγορὰν
1155 2775 1290 2847 μήτε
1319 2777 1540 2847 λιμένας
1565 2773 1699 2846 μήτε
1728 2772 1900 2829 ἄλλον
