1976 3172
253 105 358 158 340
845 102 1331 150 ΠΛΑΤῼΝΟΣ

371 243 512 299 ΚΑ.
545 239 752 303 Ποίων,
774 256 817 290 ω
845 231 1034 304 ’γαθές
1971 230 1976 343 i

395 321 502 374 XII.
540 322 658 372 ΑΘ.
696 319 995 385 Πείθωμεν
1014 313 1113 369 τὸν
1132 319 1360 370 νεανίαν
1388 325 1502 380 τοῖς
1529 315 1729 387 λόγοις,
1762 338 1835 380 ως
1863 323 1940 388 τῷ
1972 351 1976 408 l

254 405 357 456 τοῦ
376 397 581 463 παντὸς
599 399 1006 469 ἐπιμελουμένῳ
1026 396 1162 467 πρὸς
1181 395 1285 468 τὴν
1312 401 1590 468 σωτηρίαν
1619 400 1710 454 καὶ
1740 395 1976 467 α’ρετὴν

254 489 357 538 τοῦ
381 482 518 539 ὅλου
547 478 712 536 πάντ’
749 481 863 535 ἐστὶ
886 484 1309 551 συντεταγμένα,
1342 473 1423 536 ὧν
1451 483 1542 537 καὶ
1573 479 1633 538 τὸ
1666 485 1831 552 μέρος
1867 487 1943 547 εἰς
1974 511 1976 537 ;

257 562 497 633 δύναμιν
515 563 749 617 ἕκαστον
765 559 826 616 τὸ
848 567 1133 632 προσῆκον
1152 562 1345 632 πάσχει
1363 563 1454 617 καὶ
1473 572 1628 618 ποιεῖ.
1661 561 1876 628 τούτοις
1897 564 1939 618 δ’
1974 559 1976 561 ’

255 648 393 701 εἰσὶν
411 644 674 716 ἄρχοντες
692 646 1156 714 προστεταγμένοι
1174 643 1433 712 ἑκάστοις·
1453 646 1541 700 ἐπὶ
1558 643 1619 700 vd
1641 645 1944 716 σμικρότα-
1973 657 1976 706 -ζ

253 746 352 797 τον
372 723 458 780 ἀεὶ
476 724 663 794 πάθης
683 725 775 779 καὶ
798 724 1063 795 πράξεως,
1092 729 1168 789 εἰς
1196 724 1468 796 μερισμὸν
1486 724 1586 781 τὸν
1606 729 1835 796 ἔσχατον
1853 729 1942 782 τέ·
1973 718 1976 724 ’

199 828 231 870 0
256 812 350 870 λος
368 803 823 874 ἀπειργασμένοι·
860 797 943 858 ὦν
962 807 1025 859 ἓν
1053 808 1146 859 καὶ
1167 804 1230 860 τὸ
1263 807 1384 877 σόν,
1419 799 1464 861 ὦ
1489 810 1711 878 σχέτλιε,
1742 807 1942 877 μόριον

255 890 332 951 είς
348 887 410 941 τὸ
432 890 546 940 πᾶν
563 889 831 950 ξυντείνει
851 886 1058 956 βλέπον
1078 882 1180 954 άεί,
1193 890 1390 956 καίπερ
1408 887 1756 959 πάνσμικρον
1776 887 1861 959 ὅν,
1883 887 1942 944 σὲ

257 970 317 1023 δὲ
335 970 536 1038 λέληθε
557 968 682 1037 περὶ
709 971 877 1022 τοῦτο
906 963 1042 1021 αὐτὸ
1074 964 1147 1030 ὥς
1176 967 1389 1036 γένεσις
1418 969 1580 1024 ἕνεκα
1611 971 1826 1024 ἐκείνου
1857 973 1946 1040 γί-

254 1069 444 1119 γνεται
462 1054 629 1124 πᾶσα,
657 1046 807 1113 ὅπως
827 1041 905 1120 *ᾖ
918 1052 943 1082 *
966 1045 999 1119 ἡ
1030 1053 1106 1118 τῷ
1132 1054 1235 1103 τοῦ
1263 1046 1470 1113 παντὸς
1497 1053 1599 1124 βίῳ
1619 1046 1944 1121 ὑπάρχουσα

256 1128 537 1200 εὐδαίμων
577 1125 756 1201 οὐσία,
788 1126 888 1200 οὐχ
925 1130 1088 1185 ἕνεκα
1123 1135 1230 1185 σοῦ
1259 1134 1577 1203 γιγνομένη,
1608 1131 1680 1187 σὺ
1705 1132 1766 1188 δὲ
1784 1132 1944 1187 ἕνεκα

255 1214 487 1268 ἐκείνου.
544 1217 652 1277 πᾶς
685 1209 795 1282 γὰρ
832 1209 1018 1284 ἰατρὸς
1051 1213 1144 1267 καὶ
1178 1217 1285 1277 πᾶς
1322 1216 1571 1284 ἔντεχνος
1609 1212 1945 1286 δημιουργὸς

255 1292 462 1358 παντὸς
486 1293 589 1364 μὲν
607 1294 771 1349 ἕνεκα
791 1294 974 1348 πάντα
994 1294 1290 1364 ἐργάζεται,
1310 1292 1450 1364 πρὸς
1469 1296 1530 1351 τὸ
1551 1301 1710 1368 κοινῇ
1733 1299 1945 1361 ξυντεί-

255 1397 373 1431 νων
402 1378 703 1445 βέλτιστον,
736 1376 900 1445 μέρος
938 1373 1050 1444 μὴν
1080 1375 1243 1430 ἕνεκα
1273 1374 1412 1431 ὅλου
1432 1377 1526 1439 καὶ
1553 1374 1656 1445 οὐχ
1683 1373 1818 1431 ὅλον
1846 1377 1945 1445 με’-

128 1508 131 1510 ,
197 1472 230 1511 D
257 1476 391 1526 ρους
409 1456 573 1510 ἕνεκα
602 1453 986 1524 ἀπεργάζεται·
1026 1453 1096 1508 σὺ
1129 1454 1189 1510 δὲ
1218 1453 1541 1524 ἀγανακτεῖς
1569 1455 1811 1525 ἀγνοῶν,
1834 1454 1944 1526 ὅπῃ

254 1535 314 1592 τὰ
337 1539 462 1607 περὶ
481 1536 543 1592 σὲ
562 1534 790 1608 ἄριστον
819 1542 896 1608 τῷ
925 1537 1089 1591 παντὶ
1117 1539 1405 1608 ξυμβαίνει
1433 1538 1526 1592 καὶ
1554 1537 1641 1591 σοὶ
1670 1535 1809 1591 κατὰ
1842 1534 1945 1590 δύ’

256 1639 424 1688 ναμιν
442 1615 545 1689 τὴν
563 1622 659 1689 τῆς
680 1622 873 1688 κοινῆς
904 1618 1183 1686 γενέσεως.
1220 1619 1336 1674 ἐπεὶ
1364 1617 1424 1674 δὲ
1455 1616 1540 1674 ἀεὶ
1566 1614 1712 1689 ψυχὴ
1745 1633 1944 1673 συντε-

253 1700 494 1769 ταγμένη
518 1700 731 1769 σώματι
749 1700 870 1754 τοτὲ
888 1698 989 1770 μὲν
1009 1697 1174 1771 ἄλλῳ,
1187 1698 1309 1755 τοτὲ
1337 1702 1398 1755 δὲ
1426 1697 1597 1774 ὅξλλςο,
1618 1698 1943 1770 μεταβάλλει

254 1785 519 1843 παντοίας
538 1779 845 1851 μεταβολὰς
865 1778 940 1836 δι’
963 1779 1165 1852 ἑαυτὴν
1182 1778 1221 1853 η’
1245 1780 1318 1837 δι’
1341 1783 1532 1852 ἑτέραν
1550 1781 1753 1852 ψυχήν,
1778 1777 1945 1836 οὐδὲν

254 1859 391 1915 ἄλλο
412 1863 579 1932 ἔργον
597 1865 674 1933 τῷ
695 1868 960 1932 πεττευτῇ
978 1867 1217 1918 λείπεται
1238 1861 1383 1934 πλὴν
1399 1863 1751 1933 μετατιθέναι
1761 1858 1829 1921 ,τὸ
1842 1860 1941 1931 μὲν

255 1939 484 2012 ἄμεινον
505 1941 844 2012 γιγνόμενον
861 1935 1005 2014 ἦθος
1031 1947 1106 2007 εἰς
1135 1949 1330 2015 βελτίω
1362 1942 1551 2014 τόπον,
1584 1951 1769 2012 χεῖρον
1791 1943 1850 1997 δὲ
1870 1946 1943 2006 εἰς

253 2020 355 2079 τὸν
373 2030 612 2121 χείρονα,
625 2023 765 2079 κατὰ
781 2023 844 2079 τὸ
865 2027 1080 2095 πρέπον
1091 2024 1279 2082 αὐτῶν
1298 2027 1548 2095 ἕκαστον,
1560 2029 1654 2082 ἵνα
1665 2032 1760 2097 τῆς
1774 2043 1939 2095 προς-

187 2123 219 2162 Ε
254 2104 498 2176 ηκούσης
517 2110 712 2175 μοίρας
732 2106 994 2178 λαγχάνῃ.

166 2196 174 2197 ’
395 2191 512 2243 ΚΛ.
553 2191 647 2258 Πῇ
666 2190 864 2257 λέγεις;
891 2226 895 2229 -

354 2273 509 2322 ΛΘ
541 2260 734 2337 Ηιπερ
759 2265 833 2324 ὄίν
861 2272 974 2339 ἔχοι
996 2270 1165 2341 λόγον
1185 2244 1441 2343 ῥᾳστώνη
1468 2273 1770 2340 ἐπιμελείας
1789 2277 1940 2332 θεοῖς

253 2367 368 2402 των
397 2347 642 2417 πάντων,
672 2350 845 2421 ταύτῃ
875 2372 969 2420 μοι
1001 2354 1147 2406 δοκῶ
1179 2353 1422 2420 φράζειν.
1461 2355 1512 2405 εί
1534 2350 1637 2419 μὲν
1663 2351 1770 2417 γὰρ
1802 2348 1939 2416 πρὸς

253 2426 317 2484 τὰ
337 2426 472 2484 ὅλον
492 2426 574 2484 ἀει
557 2431 807 2500 βλέπων
819 2431 1047 2485 πλάττοι
1064 2453 1145 2496 τις
1159 2434 1634 2501 μετασχηματίζων
1652 2430 1719 2484 τὰ
1741 2430 1938 2498 πάντα,

257 2503 376 2564 οἷον
394 2513 455 2564 ἐκ
475 2508 654 2579 πυρὸς
674 2509 829 2579 ὕδωρ
850 2515 1117 2584 ἔμψυχον,
1138 2515 1229 2568 καὶ
1257 2510 1330 2583 μὴ
1363 2513 1646 2582 ξύμπολλα
1675 2513 1728 2577 ἐξ
1756 2508 1879 2576 ἑνὸς
1902 2508 1938 2582 ἢ

138 2604 226 2648 904
258 2592 316 2645 ἐκ
336 2596 558 2645 πολλῶν
582 2591 662 2662 ἓν,
689 2591 908 2663 πρώτης
935 2587 971 2663 ἢ
994 2587 1256 2664 ’δευτέρας
1280 2589 1317 2664 ἦ
1346 2596 1437 2649 καὶ
1461 2598 1644 2664 τρίτης
1671 2593 1936 2663 γενέσεως

255 2671 617 2742 μετειληφότα
649 2672 922 2744 πλήθεσιν
951 2673 1135 2747 ἄπειρ’
1171 2671 1242 2731 ἄν
1274 2682 1356 2746 εἴη
1386 2682 1480 2746 τῆς
1515 2678 1936 2746 μετατιθεμένης
