1976 3172
108 118 216 149 xxv:
414 96 418 99 ’
805 103 1201 149 PRAEFATIO.

102 221 182 261 hos
219 219 302 260 illis
336 217 480 270 libris,
512 219 665 269 quibus
695 217 741 259 id
773 225 1094 268 concesserunt,
1135 232 1238 260 mox
1267 233 1313 273 p.
1344 219 1431 262 958
1462 219 1496 261 G
1523 227 1611 262 tam
1639 210 1792 277 parum
1819 226 1895 266 tri-

100 278 262 324 buisse,
294 281 341 315 ut
369 288 422 316 ne
453 268 716 328 α’φαιρῆται
741 276 913 328 quidem
939 286 1017 328 pro
1038 268 1280 330 ἀφῃρῆται
1298 279 1488 344 recipere
1515 279 1735 330 auderent,
1773 283 1894 335 cujus

100 333 280 388 perfec-ti
310 333 514 374 rationem
539 332 735 386 equidem
764 345 848 373 non
873 334 1016 374 video.
1044 354 1101 362 —
1133 333 1180 377 P.
1208 333 1294 376 958
1321 334 1356 374 D
1384 347 1416 375 α
1443 329 1494 376 δὲ
1518 325 1549 388 ἢ
1575 331 1606 388 ἣ
1629 336 1688 389 Η,
1720 329 1752 377 ἃ
1778 332 1830 378 δὲ
1860 334 1892 390 ἦ

100 390 264 437 VBST;
297 390 573 431 sed·Ficinus
605 390 727 430 vertit
756 403 807 431 ac
837 392 875 431 si
908 390 1046 431 solum
1074 379 1106 442 ἣ
1137 384 1188 431 δὲ
1214 394 1416 445 scriptum
1449 400 1582 442 esset,
1621 395 1735 445 quod
1764 408 1895 446 quum

101 458 283 498 sequens
310 445 455 488 ταῦτα
484 460 568 490 non
595 447 812 497 admittat,
843 447 928 488 leni
958 448 1192 489 mutatione
1215 456 1410 490 neutrum
1436 463 1534 492 cum
1563 451 1768 492 feminino
1796 465 1895 492 con-

96 505 246 558 junxi,
280 503 372 546 fere
399 512 446 546 ut
475 505 549 546 IV.
578 517 622 558 p.
651 505 737 546 714
765 505 804 544 Α
830 505 1180 558 praecedentibus
1206 502 1249 545 εἰ
1279 499 1327 546 δ’
1360 498 1619 560 ἄνθρωπος
1646 503 1714 554 εἷς
1744 498 1775 560 ἢ
1799 502 1894 549 ὄλι-

98 559 271 615 γαρχία
307 551 339 614 ἢ
383 557 465 603 καὶ
502 559 795 615 δημοκρατία
830 563 1015 615 primum
1059 555 1252 613 ἔχουσα,
1294 576 1393 604 mox
1432 572 1575 610 autem
1613 550 1895 607 masculinum

99 612 434 671 καταπατήσας
467 620 670 672 sequitur.
699 641 758 649 —-
790 620 838 664 P.
871 619 958 661 959
986 619 1020 659 Β
1051 614 1173 660 εἶναι
1204 621 1483 673 nequicquam
1512 624 1564 663 ab
1597 625 1718 664 Astio
1748 624 1894 664 defen-

99 689 219 727 sum,
254 677 369 728 quod
407 677 525 718 haud
563 678 652 717 scio
682 688 736 716 an
776 690 831 717 ex
861 677 1077 730 superiore
1116 690 1243 718 versu
1280 679 1520 730 irrepserit,
1557 681 1892 733 circumscripsi;

101 735 307 775 debebam
335 734 518 775 fortasse
547 734 675 774 etiam
697 746 743 786 p.
767 732 852 775 959
876 733 907 774 C
932 723 992 779 ἄν
1013 740 1111 786 post
1137 727 1453 787 ἀτιμώρητος,
1485 736 1600 786 quod
1625 749 1710 776 non
1735 743 1894 776 temere

100 790 401 848 Stallbaumius
431 793 614 839 notavit3
641 803 686 844 p.
714 790 800 832 959
830 791 863 831 E
895 798 1033 831 autem
1065 805 1120 832 ex
1147 792 1178 832 P
1211 798 1251 832 et
1276 789 1321 832 ,Ω
1350 784 1572 846 ἐπιστατῇ
1600 806 1677 846 pro
1709 786 1894 834 ἐπιστα-

98 849 174 888 τεῖ
207 849 387 889 libenter
422 849 576 897 ascivi,
614 861 697 899 quo
738 847 850 888 facto
881 848 962 889 hoc
993 843 1162 899 quoque
1196 849 1340 903 legum
1375 850 1622 891 custodibus
1658 851 1892 902 curandum

24 938 30 951 .
99 906 332 954 mandatur,
361 911 422 956 ut,
455 906 570 958 quod
590 905 681 958 jam
699 905 868 946 Ficinus
895 906 1209 959 interpretando
1223 909 1459 960 expressit,
1491 909 1536 948 in
1558 909 1667 949 civis
1687 910 1892 959 cuiusque

100 964 276 1004 decessu
306 975 416 1004 unus
448 964 662 1017 ipsorum,
694 975 820 1014 quem
856 965 1008 1003 mortui
1034 963 1475 1006 hominis-necessarii
1506 965 1730 1019 elegerint,
1764 965 1892 1011 funus

97 1027 232 1061 totum
262 1020 471 1061 observet.
495 1045 554 1054 —
573 1020 621 1060 P.
647 1019 733 1062 960
758 1020 793 1060 D
825 1018 1031 1075 σωτηρίᾳ
1059 1019 1096 1059 H
1125 1033 1178 1061 ex
1207 1022 1383 1074 conJect.
1415 1021 1640 1063 Schmidtii
1666 1023 1888 1066 Emendat.

96 1090 139 1130 p·
167 1077 212 1132 9,
231 1074 296 1132 τῷ
319 1073 437 1129 πυρὶ
458 1078 568 1126 libri,
593 1088 699 1128 quos
721 1078 873 1117 misere
902 1083 1121 1129 corruptos
1151 1089 1245 1117 esse
1275 1086 1472 1131 apparet;
1504 1080 1647 1142 itaque
1671 1079 1891 1131 amplexus

97 1147 193 1175 sum
222 1135 337 1185 quod
365 1135 557 1186 proxime
589 1134 646 1173 ad
678 1132 822 1173 literas
854 1134 1054 1174 accedere
1084 1133 1322 1181 videretur,
1363 1144 1606 1185 quanquam
1635 1136 1691 1175 ad
1720 1146 1902 1176 sensum.

97 1191 279 1232 fortasse
315 1191 560 1243 praestabat
586 1189 746 1230 Baiteri
774 1183 977 1244 τολύπῃ,
1020 1202 1157 1240 neque
1189 1191 1233 1230 in
1261 1191 1435 1242 reliquis
1463 1190 1743 1232 Schmidtium
1772 1193 1894 1243 sequi

95 1254 313 1301 poteram,
345 1249 419 1299 qui
450 1248 579 1289 etiam
607 1240 847 1299 λαχόντων
871 1259 949 1300 pro
974 1240 1241 1298 λεχθέντων
1270 1248 1406 1288 voluit
1437 1255 1478 1288 et
1506 1249 1732 1301 participia
1761 1241 1893 1288 οἷπει-

94 1298 334 1357 κασμένην
376 1311 503 1356 atque
535 1296 911 1356 ἀπεργαζομένην
949 1303 1173 1343 scribendo
1209 1304 1267 1344 ad
1298 1305 1434 1345 solam
1473 1304 1683 1346 Lachesin
1723 1306 1891 1355 retulit;

96 1363 264 1404 suffecit
289 1375 386 1403 cum
406 1363 573 1403 Baitero
593 1353 978 1413 ἀπεργαζομένων
1003 1361 1049 1400 in
1070 1352 1415 1416 ἀπεργαζομένη
1438 1369 1643 1405 mutasse.
1662 1383 1718 1390 -
1734 1363 1782 1405 P.
1806 1361 1890 1402 961

94 1421 134 1461 Α
158 1414 376 1472 ἔγκαιρον
403 1419 460 1471 Η,
492 1412 548 1459 ἓν
575 1416 763 1471 καίριον
792 1416 921 1468 VBS,
949 1410 1186 1469 ἐγκαίριον
1217 1419 1276 1468 T,
1303 1420 1511 1460 sententia
1533 1420 1782 1466 verissima,
1815 1419 1895 1459 sed

97 1483 244 1519 contra
282 1477 489 1517 sermonis
521 1489 672 1526 usum,
717 1476 791 1527 qui
825 1476 936 1516 hanc
966 1476 1147 1516 formam
1178 1488 1264 1516 non
1296 1478 1515 1529 agnoscit;
1552 1475 1734 1530 praetuli
1762 1476 1893 1530 igitur

97 1547 191 1576 cum
215 1533 594 1583 Winckelmanno,
626 1534 742 1585 quod
769 1534 863 1585 ipse
890 1533 1008 1573 Plato
1037 1545 1167 1586 snpra
1192 1546 1238 1586 p.
1268 1534 1353 1575 717
1385 1540 1426 1574 et
1449 1533 1538 1575 928
1567 1534 1804 1587 usurpavit.
1833 1555 1893 1563 —

96 1594 145 1633 P.
178 1591 263 1634 961
297 1591 331 1631 D
362 1582 474 1644 ὄψις
503 1590 610 1632 VBS
647 1604 743 1631 cum
782 1590 926 1642 libris,
965 1582 1100 1642 ὄψεις
1134 1589 1167 1629 Τ
1201 1591 1318 1631 haud
1347 1592 1435 1631 scio
1467 1603 1519 1631 an
1554 1591 1799 1645 typothetae
1831 1603 1894 1630 er-

95 1661 208 1690 rore.
249 1671 308 1680 —
348 1649 396 1690 P.
423 1646 509 1690 963
539 1648 590 1688 Av
611 1645 690 1688 δεῖ
716 1646 845 1697 VBS,
888 1644 990 1687 δεῖν
1026 1648 1059 1687 Τ
1097 1660 1193 1688 cum
1224 1661 1329 1689 corr.
1362 1646 1430 1696 Ω,
1469 1661 1596 1699 quem
1625 1648 1695 1689 hic
1725 1659 1895 1699 quoque

95 1708 239 1760 specie
268 1707 408 1760 magis
437 1718 563 1758 quam
590 1718 635 1746 re
659 1706 832 1747 ductum
861 1717 955 1746 esse
982 1706 1177 1749 arbitror.
1203 1727 1260 1735 -—
1284 1707 1331 1749 P.
1361 1704 1450 1747 964
1477 1706 1511 1746 E
1536 1698 1895 1758 ἀπειλεγμένους

95 1766 127 1806 Ρ
159 1764 320 1816 aliique
347 1765 484 1805 bonae
515 1766 640 1803 norae
675 1762 797 1814 libri,
828 1756 1200 1815 ἀπειλημμένους
1230 1762 1399 1812 VBST,
1439 1764 1562 1815 quasi
1596 1762 1813 1804 interclusi
1851 1763 1896 1802 in

100 1834 197 1863 arce
224 1821 422 1862 custodes
449 1827 684 1869 teneantur,
715 1833 841 1871 quam
867 1821 1217 1874 significationem
1246 1820 1504 1861 delectorum
1531 1822 1648 1862 notio
1673 1821 1797 1873 longe
1823 1830 1895 1858 su-

93 1885 231 1933 perat.
269 1900 329 1911 --
367 1880 415 1922 Ρ.
446 1877 533 1920 965
562 1878 602 1918 Α
637 1869 669 1929 ἢ
702 1875 801 1924 πῶς
838 1891 916 1930 pro
953 1868 986 1929 ἥ
1022 1889 1122 1924 πως
1159 1883 1271 1917 recte
1312 1876 1461 1918 Stallb.
1494 1879 1698 1926 restitum
1743 1875 1896 1918 vellem

96 1937 223 1977 etiam
249 1948 351 1976 mox
376 1932 773 1997 διηκριβωμένους
802 1947 879 1988 pro
908 1929 1309 1990 διηκριβωμένως,
1339 1935 1454 1985 quod
1478 1947 1533 1974 ex
1561 1934 1770 1987 Stephani
1798 1946 1897 1974 con·

89 1995 254 2046 jectura
283 1992 347 2034 ST
374 1999 649 2046 receperunt,
679 1993 822 2033 nescio
853 2005 953 2041 cur,
984 1993 1233 2045 praesertim
1266 2005 1397 2044 quum
1434 1991 1677 2044 proximum
1703 1984 1896 2042 ὁμοίους

93 2052 299 2091 intactum
329 2050 589 2101 reliquerint.
617 2071 675 2079 ——
705 2051 751 2091 P.
788 2048 874 2090 965
905 2050 938 2089 Ε
971 2047 1091 2105 δρᾷν
1121 2043 1271 2102 χρεών
1299 2050 1360 2098 Η,
1385 2042 1535 2101 χρεών
1564 2049 1696 2096 VBT;
1729 2053 1772 2087 at
1797 2047 1897 2086 libri

95 2113 194 2163 post
225 2100 308 2162 ἐᾷν
340 2108 500 2147 addunt
531 2104 648 2159 δρηῖ
673 2106 741 2147 vel
771 2098 905 2158 ὄρηῖ,
938 2108 1051 2148 unde
1079 2106 1227 2151 Stallb,
1261 2099 1347 2158 δή,
1378 2119 1458 2159 ego
1487 2102 1608 2160 δρᾷν
1641 2107 1753 2152 erui,
1783 2103 1900 2154 quod

98 2171 142 2205 ut
180 2164 281 2205 alibi
305 2164 490 2211 ποιεῖν,
531 2164 819 2204 antecedentis
847 2164 966 2204 verbi
995 2159 1079 2219 έᾷν
1106 2165 1322 2205 notionem
1351 2164 1494 2205 iterat.
1524 2183 1583 2192 -—
1614 2162 1722 2203 Ibid.
1751 2171 1898 2213 μηχα-

99 2219 217 2278 νῷτο
255 2221 388 2270 VBS,
440 2216 764 2286 μηχανῄσαιτο
799 2221 834 2261 Τ
866 2233 963 2260 cum
993 2233 1077 2261 sec.
1120 2222 1151 2262 P
1186 2228 1228 2262 et
1263 2218 1308 2261 Ω
1339 2233 1489 2268 manu,
1528 2221 1671 2261 nescio
1712 2231 1799 2260 cur.
1839 2241 1899 2249 -

94 2279 143 2320 Ρ.
166 2277 254 2320 966
281 2279 322 2319 Α
345 2267 402 2317 ὂν
429 2283 528 2330 post
557 2288 707 2328 μονον
732 2289 827 2316 cum
848 2276 922 2316 VB
950 2277 1260 2330 abjeci,.quod
1290 2279 1370 2317 etsi
1393 2276 1542 2317 Stallb.
1564 2288 1733 2326 quoque
1763 2287 1899 2327 nuper

98 2337 286 2388 ascivit,
306 2341 449 2376 tamen
474 2347 553 2376 nec
580 2334 703 2377 codd.
733 2333 818 2373 fide
843 2339 1011 2385 praeter
1036 2347 1146 2374 corr.
1175 2332 1220 2373 Ω
1243 2334 1404 2377 nititur,
1442 2345 1521 2372 nec
1546 2333 1753 2372 sententia
1782 2344 1898 2371 com-

96 2394 342 2443 mendatur,
374 2394 412 2432 si
440 2393 611 2443 quidem
641 2384 791 2431 πολλὰ
821 2386 944 2432 εἶναι
973 2391 1088 2442 apud
1117 2391 1335 2431 Platonem
1365 2380 1422 2429 ὂν
1448 2383 1576 2429 εἶναι
1605 2401 1688 2428 non
1730 2394 1808 2428 est.
1838 2408 1898 2417 -

98 2452 145 2492 P.
182 2449 268 2492 966
293 2450 328 2490 D
360 2442 586 2503 ἐγκρίτων
613 2462 691 2503 pro
723 2443 937 2500 ἔγκριτον
966 2448 1235 2488 scribendum
1253 2455 1360 2488 'esse
1388 2459 1555 2486 mecum
1584 2446 1690 2486 vidit
1717 2444 1898 2485 Dindor-

95 2509 178 2549 fius
209 2507 339 2551 Thes.
374 2508 514 2548 Didot.
546 2507 594 2547 T.
626 2508 697 2548 111.
731 2519 777 2559 p.
813 2506 918 2553 1073
958 2507 1034 2545 vix
1065 2506 1178 2545 enim
1212 2498 1262 2544 οἰ
1301 2498 1420 2557 πρὸς
1456 2496 1629 2555 οἷρετὴν
1667 2502 1780 2543 nude
1811 2501 1899 2542 dici

101 2571 312 2619 poterant.
349 2586 409 2596 —
450 2564 496 2604 P.
531 2564 616 2607 967
653 2562 685 2604 C
715 2556 772 2603 τὰ
811 2556 899 2616 γὰρ
936 2555 995 2614 δὴ
1028 2574 1102 2614 pro
1135 2555 1192 2602 τὰ
1222 2557 1310 2615 γὰρ
1345 2575 1529 2614 moxque
1570 2554 1897 2613 ἐξειργασμένα

96 2636 175 2676 pro
209 2614 563 2676 ἔξεργαζόμενα,
607 2623 708 2662 item
744 2633 788 2673 Ρ.
827 2620 914 2663 968
950 2621 986 2661 D
1021 2615 1192 2661 ἕκαστα
1228 2633 1306 2674 pro
1349 2613 1544 2660 ἕκαστον
1585 2626 1626 2659 et
1656 2631 1700 2672 p.
1740 2616 1828 2659 969
1858 2618 1898 2657 A

99 2677 260 2720 δοκεῖν
287 2693 366 2733 pro
398 2673 533 2729 δόξαι
565 2692 661 2720 cum
682 2677 827 2723 Stallb.
860 2691 912 2719 ex
937 2679 1094 2733 optimo
1127 2678 1272 2719 codice
1302 2679 1501 2718 revocavi
1526 2677 1759 2727 eodemque
1786 2674 1895 2714 duce

132 2770 143 2781 .
175 2737 262 2779 968
299 2738 332 2778 Ε
365 2735 509 2777 ταῦτα
546 2750 623 2790 pro
661 2729 817 2776 πάντα
858 2732 1079 2787 ποιητέον
1119 2736 1293 2788 scripsi;
1337 2736 1451 2775 idem
1490 2741 1629 2776 tamen
1668 2746 1711 2787 p.
1746 2729 1831 2773 969
1862 2728 1893 2769 G

44 2799 47 2802 “
101 2793 355 2847 εκλεχθῶσι
388 2808 467 2848 pro
505 2791 826 2850 ξυμμιχθῶσι,
859 2793 974 2845 quod
1011 2806 1064 2834 ex
1096 2793 1205 2833 male
1234 2794 1414 2846 repetita
1449 2793 1667 2845 superiore
1696 2800 1797 2830 voce
1828 2799 1894 2826 or-

102 2858 194 2893 tum
227 2865 321 2893 esse
355 2854 547 2906 videtur,
591 2865 613 2893 e
654 2852 749 2896 cod.
783 2849 828 2891 Ω,
855 2852 1043 2904 recipere
1081 2862 1167 2892 non
1200 2850 1391 2892 dubitavi
1426 2861 1564 2901 neque
1603 2850 1648 2890 in
1677 2848 1771 2900 ipso
1802 2844 1901 2883 libri
1970 2862 1976 2866 .
