1976 3172
703 60 1020 113 ΝοΜῼΝ
1055 55 1115 124 β’.
1684 56 1754 109 45
1810 48 1815 55 '

70 157 96 169 κ

62 208 258 279 βαίνει.
295 208 351 258 τί
374 196 500 257 ποτ’
537 191 649 255 οὖν
675 194 809 267 ἡμῖν
838 194 906 249 τὰ
935 197 1046 248 νῦν
1082 185 1158 247 αὖ
1191 195 1640 262 διαπερανθέντα
1675 199 1755 267 τῷ

63 288 214 362 λόγω
233 287 523 357 σημαίνειν
539 279 830 353 βούλεται;
855 272 1150 332 σκοπεῖσθ’
1175 279 1226 330 εί
1242 273 1386 330 τόδε.

205 363 440 424 ΚΛ.Τό
472 373 662 428 ποῖον;

202 455 320 505 ΑΘ.
356 452 534 502 Δοκεῖ
551 463 647 515 μοι
666 436 908 512 τρίτον’“
870 461 906 511 η
936 439 1200 510 τέταρτον
1219 434 1248 492 ὁ
1269 436 1438 508 λόγος
1453 441 1531 502 είς
1547 434 1757 494 ταύτὸν

60 529 498 605 περιφερόμενος
510 525 688 598 ἥκειν,
710 521 786 590 ῶς
801 545 916 592 αρα
933 525 1155 578 παιδεία
1183 522 1288 592 μέν
1315 518 1440 577 ἐσθ’
1472 517 1508 592 ἡ
1537 524 1754 578 παίδων
1784 538 1818 579 D
1860 576 1862 579 .

24 650 27 666 .
59 613 197 685 ὁλκή
214 632 274 668 τε
290 612 384 667 καὶ
402 606 593 681 ἀγωγὴ
614 605 756 676 πρὸς
779 603 882 662 τὸν
900 601 1011 660 ὑπὸ
1035 609 1141 660 τοῦ
1159 602 1341 674 νόμου
1369 602 1540 674 λόγον
1570 600 1757 674 ὀρθὸν

60 695 352 779 εἰρημένον
376 694 470 749 καὶ
505 701 621 755 τοῖς
658 687 1083 751 ἐπιεικεστάτοις
1117 686 1210 742 καὶ
1244 684 1645 758 πρεσβυτάτοις
1678 683 1754 742 δι’

59 785 346 852 ἐμπειρίαν
369 777 813 846 ξυνδεδογμένον
830 770 906 838 ῶς
923 771 1101 837 ὅντως
1130 767 1308 842 ὀρθός
1335 771 1510 826 ἐστιν·
1540 767 1615 826 ἵν’
1649 763 1757 826 οὖν

57 859 95 934 ἡ
111 859 261 934 ψυχὴ
276 882 381 917 του
360 856 594 925 παιδὸς
614 854 687 929 μὴ
719 859 945 913 ἐναντία
962 858 1174 926 χαίρειν
1193 855 1286 925 καὶ
1314 859 1616 908 λυπεῖσθαι
1633 854 1755 908 ἐθί-

20 960 25 997 t
59 949 211 1015 ζηται
224 949 307 1017 τῶ
322 942 478 1015 νόμω
497 942 720 1005 καὶτοῖς
735 937 847 995 ὑπὸ
868 943 970 994 τοῦ
990 935 1174 1007 νόμου
1193 937 1594 1033 πεπεισμένοις,
1615 931 1755 990 αλλὰ

61 1027 357 1096 ξυνέπηται
373 1022 645 1094 χαίρουσά
660 1042 720 1078 τε
737 1022 831 1077 καὶ
849 1022 1172 1089 λυπουμένη
1200 1028 1316 1082 τοῖς
1333 1013 1522 1094 αυτοῖς
1536 1015 1768 1099 τούτοις

60 1102 322 1177 οἷσπερ
293 1128 324 1161 ο
364 1107 562 1176 γέρων,
599 1102 821 1158 τούτων
838 1101 1038 1174 ἕνεκα,
1074 1122 1141 1164 ας
1179 1095 1330 1173 uideas
1368 1084 1651 1169 καλοῦμεν
1690 1134 1752 1140 -

58 1186 235 1252 ὅντως
251 1189 356 1257 μὲν
375 1185 583 1258 έπωδαὶ
599 1194 718 1247 ταῖς
736 1192 938 1252 ψυχαῖς
955 1175 1121 1236 αὗται
1150 1187 1261 1235 νῦν
1290 1181 1597 1250 γεγονέναι,
1618 1182 1758 1250 πρὸς
1788 1189 1821 1229 Ε

17 1295 20 1304 «
56 1266 163 1338 τὴν
187 1265 454 1335 τοιαύτην
471 1261 546 1335 ἢν
565 1268 801 1334 λέγομεν
822 1267 1160 1333 συμφωνίαν
1177 1263 1642 1331 ἐσπουδασμέναι,
1663 1263 1756 1318 διὰ

18 1381 21 1390 ·
56 1347 117 1403 δὲ
137 1346 200 1402 τό
220 1344 477 1418 σπουδὴν
497 1344 571 1416 μὴ
591 1345 881 1401 δύνασθαι
905 1345 1102 1415 φέρειν
1130 1339 1230 1407 τὰς
1259 1347 1374 1397 τῶν
1401 1343 1549 1398 νέων
1577 1343 1757 1413 ψυχὰς

54 1431 276 1485 ’παιδιαί
286 1448 346 1484 τε
365 1427 458 1484 καὶ
475 1424 615 1503 ᾠδαὶ
632 1433 929 1483 καλεῖσθαι
945 1426 1039 1482 καὶ
1056 1423 1754 1497 πράττεσθαι-καθάπερ

53 1521 169 1575 τοῖς
185 1508 471 1581 κάμνουσί
481 1529 540 1565 τε
557 1509 651 1565 καὶ
671 1505 933 1575 ἀσθενῶς
951 1516 1168 1580 ἴσχουσι
1183 1504 1250 1564 τὰ
1272 1506 1500 1579 σώματα
1519 1509 1582 1564 ἐν
1598 1504 1754 1579 ἡδέσι

29 1594 161 1649 ‘cml
190 1596 383 1658 σιτίοις
410 1593 503 1648 καὶ
535 1591 759 1663 πῶμασι
793 1588 897 1662 τὴν
926 1589 1172 1662 χρηστὴν
1201 1596 1501 1663 πειρῶνται
1534 1587 1756 1662 τροφὴν
1784 1605 1871 1651 660

46 1674 398 1744 προσφέρειν
435 1669 518 1774 οἷς
542 1677 695 1745 μέλει
728 1673 968 1743 τούτων,
1006 1694 1112 1744 την
1147 1674 1208 1729 δὲ
1234 1678 1350 1728 τῶν
1385 1677 1658 1743 πονηρῶν
1694 1674 1757 1728 ἐν

31 1753 357 1829 ζᾶηδέσιν,”
330 1778 424 1812 ινα
452 1755 559 1829 τὴν
592 1759 696 1829 μὲν
724 1754 1094 1827 ἀσπάζωνται,
1125 1777 1228 1855 την
1258 1755 1318 1812 δὲ
1353 1767 1535 1827 μισεῖν
1562 1752 1757 1828 ὀρθῶς

32 1835 365 1909 mmmmm,
381 1835 593 1895 ταύτὸν
611 1837 678 1911 δὴ
698 1840 792 1895 καὶ
809 1837 914 1895 τὸν
932 1838 1224 1910 ποιητικὸν
1253 1835 1284 1895 ὁ
1312 1836 1490 1912 ὀρθὸς
1510 1842 1755 1910 νομοθέ-

31 1936 150 1991 ·της
160 1922 223 1977 ἐν
232 1931 347 1987 τοῖς
356 1927 547 1987 καλοῖς
558 1920 764 1994 ῥήμασι
774 1924 868 1978 καὶ
880 1923 1185 1986 ἐπαινετοῖς
1202 1927 1380 1977 πείσει
1397 1942 1456 1977 τε
1474 1922 1566 1977 καὶ
1585 1942 1749 1991 αναγ-

28 2000 214 2059 ἰκοίσει
232 2002 307 2075 μὴ
337 2008 573 2074 πείθων,
591 2026 662 2059 τα
690 2009 807 2060 τῶν
835 2003 1156 2075 σωφρόνων
1172 2023 1231 2058 τε
1251 2004 1344 2070 καὶ
1364 2000 1641 2075 ἀνδρείων
1659 2004 1752 2059 καὶ

32 2084 277 2151 ’πάντως
305 2081 545 2156 ἀγαθῶν
579 2083 808 2155 ἀνδρῶν
838 2090 902 2143 ἔν
928 2106 988 2141 τε
1016 2087 1258 2157 ῥυθμοῖς
1282 2085 1531 2157 σχήματα
1561 2087 1653 2141 καὶ
1689 2089 1751 2142 έν

53 2162 344 2237 ἁρμονίαις
361 2168 499 2238 μέλη
519 2172 792 2222 ποιοῦντα
810 2164 1003 2238 ὀρθῶς
1021 2178 1216 2223 ποιεῖν.

192 2252 313 2304 ΚΛ.
349 2252 483 2303 Νῦν
500 2242 608 2303 οὖν
627 2248 777 2304 οὕτω
797 2252 1034 2306 δοκοῦσί
1047 2267 1154 2320 σοι,
1173 2250 1316 2316 πρὸς
1343 2249 1500 2318 Διός,
1531 2244 1577 2306 ῶ
1605 2254 1742 2323 ξένε,
1774 2263 1806 2306 Β

9 2367 13 2376 ·
53 2329 117 2383 έν
131 2339 249 2395 ταῖς
263 2328 459 2395 ἄλλαις
476 2330 676 2387 πόλεσι
690 2342 905 2400 ποιεῖν;
929 2331 1036 2403 έγῶ
1056 2332 1159 2404 μὲν
1186 2342 1295 2405 γάρ
1326 2332 1465 2389 καθ’
1497 2330 1634 2390 ὅσον
1663 2338 1751 2389 αἰ-

0 2468 2 2475 ,
54 2406 355 2483 σθένομαι,
373 2410 522 2483 πλὴν
539 2410 674 2483 παρ’
694 2409 885 2486 ἡμῖνῆ
911 2414 1063 2484 παρὰ
1093 2418 1575 2487 Λακεδαιμονίοις,
1609 2412 1649 2473 ὃ
1678 2414 1750 2472 σὺ

55 2498 165 2547 νῦν
183 2494 375 2565 λέγεις,
396 2492 503 2551 οὐκ
534 2494 658 2552 οἶδα
687 2496 1062 2569 πραττόμενα,
1096 2496 1262 2554 καινοὶ
1295 2499 1356 2555 δὲ
1385 2497 1521 2555 ἅττα
1550 2496 1635 2556 ἀεὶ
1663 2521 1752 2570 γι-

16 2574 35 2605 “’
54 2574 305 2645 γνόμενα
326 2581 460 2650 περί
469 2599 529 2634 τε
547 2576 647 2645 τὰς
666 2576 917 2652 ὄρχησεις
935 2581 1028 2637 καὶ
1055 2583 1184 2652 περὶ
1211 2601 1316 2652 την
1344 2578 1524 2652 ἄλλην
1550 2597 1750 2652 μουσι-

53 2653 163 2727 κὴν
182 2655 494 2730 ξύμπασαν,
515 2681 619 2732 ουχ
638 2658 749 2717 ὑπὸ
781 2661 975 2734 νόμων
999 2662 1456 2735 μεταβαλλόμενα
1482 2660 1606 2719 ἀλλ’
1638 2660 1748 2718 ὑπό

54 2755 224 2792 τινων
236 2734 491 2795 ἀτάκτων
505 2736 746 2814 ἡδονῶν,
767 2750 982 2801 πολλοῦ
993 2748 1247 2802 δεουσῶν
1263 2750 1378 2802 τῶν
1399 2742 1589 2802 αὐτῶν
1606 2743 1748 2800 εἶναι
