1976 3172
228 136 335 188 254
832 136 1310 185 ΠΛΑΤΩΝΟΣ

227 292 324 335 τας
341 273 673 342 ἐσταλμένας
691 270 1033 340 καταβατέον
1058 271 1144 325 ἐπὶ
1171 267 1276 339 τὴν
1288 267 1526 340 ἅμιλλαν
1552 271 1771 328 τούτων
1795 280 1911 329 ταῖν

230 352 473 424 δρόμων.
503 354 596 409 καὶ
617 348 684 407 τὰ
706 349 810 422 μὲν
828 352 953 422 περὶ
975 350 1219 422 δρόμους
1238 348 1479 422 ἀνδράσι
1498 374 1557 408 τε
1574 355 1668 409 καὶ
1695 358 1916 424 γυναιξὶ

226 440 402 490 ταῦτα
429 438 591 490 ἔστω·
629 432 697 489 τὰ
728 433 788 489 δὲ
819 430 943 489 κατ’
974 433 1154 504 ἰσχύν,
1181 430 1304 489 ἀντὶ
1334 433 1438 503 μὲν
1468 433 1643 505 πάλης
1675 436 1768 491 καὶ
1800 442 1916 491 τῶν

224 515 512 587 τοιούτων,
540 514 608 571 τά
637 520 747 570 νῦν
775 513 879 570 ὅσα
909 516 1100 586 βαρέα,
1130 514 1234 585 τὴν
1259 516 1323 570 έν
1341 526 1455 580 τοῖς
1489 514 1679 581 ὅπλοις
1714 516 1915 587 μάχην,

166 611 200 651 Ε
227 599 326 653 ἕνα
350 619 409 653 τε
438 595 578 667 πρὸς
608 596 708 651 ἕνα
744 597 1178 667 διαμαχομένους
1212 596 1304 651 καὶ
1340 595 1445 651 δύο
1483 595 1622 667 πρὸς
1662 597 1787 668 δύο,
1822 598 1916 653 καὶ
1974 639 1976 658 ;

226 683 384 750 μέχρι
411 681 543 734 δέκα
562 678 700 749 πρὸς
721 679 852 732 δέκα
872 680 1343 748 διαμιλλωμένους
1359 675 1641 748 ἀλλήλοις·
1678 677 1716 734 δι’
1735 680 1795 735 δὲ
1814 677 1915 734 τὸν
1972 671 1976 698 ³

226 759 301 832 μὴ
323 760 584 814 παθόντα
606 759 643 828 ἢ
660 759 964 829 ποιήσαντα
986 763 1072 814 δεῖ
1086 766 1253 832 νικᾷν
1279 761 1372 815 καὶ
1400 764 1476 824 εἰς
1504 757 1700 830 ὁπόσα,
1729 759 1915 815 καθά-

228 861 332 911 περ
351 845 462 895 νῦν
479 841 541 894 έν
559 845 626 910 τῇ
645 839 796 910 πάλῃ
818 841 1354 910 διενομοθετήσαντο
1379 845 1436 896 οἱ
1451 843 1575 912 περὶ
1601 840 1704 913 τὴν
1730 841 1914 911 πάλην

227 920 422 993 αὐτήν,
441 925 499 976 τί
511 927 615 976 τοῦ
629 926 810 985 καλῶς
825 925 1155 985 παλαίοντος
1174 926 1342 991 ἔργον
1358 925 1451 978 καὶ
1470 921 1543 992 μὴ
1563 929 1761 994 καλῶς,
1780 920 1917 978 ταύ-

225 1003 327 1060 τόν
349 1002 416 1075 δὴ
436 1005 528 1059 καὶ
555 999 688 1068 τούς
706 1004 831 1072 περὶ
857 1000 1200 1074 ὁπλομαχίαν
1221 1002 1432 1073 ἄκρους
1456 1011 1915 1072 παρακαλοῦντας

225 1083 329 1157 χρὴ
359 1085 595 1150 τούτους
626 1091 1064 1154 συννομοθετεῖν
1093 1083 1359 1152 κελεύειν,
1389 1088 1471 1148 τίς
1503 1090 1666 1158 νικᾷν
1693 1083 1802 1152 ἀρα
1831 1088 1917 1140 δι’-

225 1189 383 1233 καιος
401 1167 526 1237 περὶ
545 1165 748 1231 ταύτας
767 1159 841 1221 αὖ
859 1163 956 1230 τὰς
978 1165 1168 1236 μάχας,
1190 1163 1224 1221 ὅ
1242 1187 1293 1221 τι
1313 1163 1388 1237 μὴ
1409 1164 1612 1222 παθών
1630 1162 1668 1237 ἢ
1690 1165 1917 1237 δράσας,

111 1260 198 1305 834
223 1251 315 1306 καὶ
344 1250 446 1305 τὸν
474 1247 798 1321 ἡττώμενον
819 1247 1082 1314 ὡσαύτως
1104 1247 1223 1319 ἥτις
1250 1251 1520 1319 διακρίνει
1541 1248 1703 1313 τάξις.
1739 1244 1914 1303 ταύτὰ

227 1331 395 1388 δὲκαὶ
413 1332 538 1399 περὶ
556 1335 670 1386 τῶν
689 1336 936 1402 θηλειῶν
964 1333 1103 1386 ἔστω
1131 1329 1592 1400 νομοθετούμενα
1620 1337 1734 1387 τῶν
1761 1332 1918 1401 μέχρι

225 1413 425 1485 γάμου.
462 1411 829 1483 πελταστικὴν
866 1412 927 1468 δὲ
963 1412 1103 1483 ὅλην
1133 1411 1564 1484 ἀντιστήσαντας
1595 1416 1689 1468 δεῖ
1717 1419 1785 1484 τῇ
1811 1419 1916 1468 τοῦ

226 1500 573 1568 παγκρατίου
602 1495 765 1567 μάχῃ,
786 1493 966 1560 τόξοις
1000 1496 1094 1550 καὶ
1109 1497 1347 1559 «πέλταις
1381 1495 1476 1550 καὶ
1514 1491 1793 1559 ἀκοντίοις
1821 1495 1916 1550 καὶ

226 1581 407 1632 λίθων
426 1581 568 1646 βολῇ
602 1578 663 1631 έκ
699 1575 884 1645 χειρός
905 1596 964 1631 τε
999 1577 1092 1631 καὶ
1129 1573 1464 1646 σφενδόναις
1494 1572 1914 1647 ἁμιλλωμένων,
1973 1638 1976 1643 ,

225 1661 592 1729 διαθεμένους
607 1649 681 1710 αὖ
709 1656 834 1726 περὶ
852 1654 1068 1711 τούτων
1086 1656 1311 1728 νόμους,
1331 1661 1410 1729 τῷ
1429 1654 1694 1712 κάλλιστα
1715 1653 1916 1711 ἀποδι-

226 1742 383 1797 δόντι
401 1739 468 1796 τὰ
487 1740 612 1807 περὶ
639 1744 813 1794 ταῦτα
833 1738 1040 1811 νόμιμα
1066 1737 1133 1795 τά
1153 1743 1288 1811 γέρα
1311 1742 1404 1795 καὶ
1431 1738 1530 1805 τὰς
1549 1743 1707 1804 νίκας
1726 1739 1914 1794 διανέ-

152 1839 186 1880 Β
223 1844 361 1895 μειν.
391 1822 454 1878 τό
476 1824 536 1879 δὲ
561 1820 698 1894 μετά
726 1829 902 1878 ταῦτα
934 1826 1121 1879 ἵππων
1152 1821 1221 1895 δὴ
1258 1824 1383 1896 περὶ
1419 1822 1639 1893 ἀγῶνος
1668 1827 1914 1891 γίγνοιτο

224 1906 344 1976 ἑξῆς
362 1900 434 1960 ἀν
453 1906 937 1977 νομοθετούμενα·
958 1909 1144 1961 ἵππων
1164 1906 1223 1962 δὲ
1242 1902 1375 1977 ἡμῖν
1392 1910 1547 1977 χρεία
1564 1904 1668 1976 μὲν
1686 1902 1815 1959 οὔτε
1833 1925 1915 1967 τις
1974 1931 1976 1969 ;

224 1995 448 2044 πολλῶν
468 1987 596 2044 οὔτε
615 1989 810 2060 πολλή,
832 1989 972 2045 κατά
999 2010 1063 2060 γε
1083 1987 1150 2060 δὴ
1170 1989 1416 2060 Κρήτην,
1439 1987 1579 2044 ὥστε
1607 1987 1916 2058 ἀναγκαῖον

223 2073 313 2127 καὶ
338 2069 436 2136 τὰς
452 2069 702 2136 σπουδάς
719 2071 978 2137 ἐλάττους
1005 2076 1300 2142 γίγνεσθαι
1327 2070 1427 2136 τάς
1453 2092 1510 2126 τε
1541 2073 1605 2128 έν
1633 2077 1702 2143 τῇ
1728 2076 1916 2142 τροφῇ

135 2156 138 2157 ’
223 2156 316 2210 καὶ
345 2152 442 2219 τὰς
475 2158 602 2223 περὶ
638 2153 885 2225 ἀγωνίαν
921 2151 1125 2210 αὐτῶν.
1170 2153 1414 2225 ἅρματος
1444 2153 1547 2224 μὲν
1577 2145 1684 2209 οὖν
1718 2155 1810 2208 καὶ
1847 2150 1910 2208 τὸ

223 2237 488 2308 παράπαν
506 2234 635 2292 οὔτε
654 2259 735 2301 τις
761 2234 1002 2307 τροφεὺς
1024 2233 1157 2308 ἡμῖν
1184 2238 1333 2291 ἐστὶν
1360 2234 1491 2291 οὔτε
1518 2257 1600 2301 τις
1625 2240 1911 2307 φιλοτιμία

221 2318 364 2391 πρὸς
380 2324 554 2373 ταῦτα
585 2317 772 2374 οὐδενὶ
799 2316 1034 2388 γίγνοιτ’
1062 2315 1136 2373 ἀν
1163 2318 1335 2388 λόγον
1357 2320 1577 2387 ἔχουσα,
1609 2315 1748 2372 ὥστε
1777 2317 1913 2372 τού-

220 2422 324 2458 του
359 2400 461 2472 μὲν
498 2398 807 2470 ἀγωνιστὰς
835 2400 939 2454 οὐκ
967 2399 1261 2468 ἐπιχώριον
1289 2404 1439 2453 ἔσται
1475 2401 1730 2460 τιθέντας
1765 2403 1910 2452 νοῦν

163 2499 194 2541 G
226 2484 362 2556 μήτε
381 2487 522 2554 ἔχειν
541 2480 676 2554 μήτε
697 2485 883 2538 δοκεῖν
900 2487 1205 2552 κεκτῆσθαι
1218 2501 1229 2512 ·
1265 2484 1561 2551 μονίπποις
1580 2481 1638 2535 δὲ
1657 2473 1806 2535 ἆθλα
1823 2500 1910 2535 τι-

221 2571 436 2639 θέντες,
463 2565 672 2632 πω’λοις
690 2587 749 2622 τε
767 2565 992 2638 ἀβόλοις
1008 2566 1100 2621 καὶ
1117 2569 1342 2620 τελείων
1358 2584 1417 2619 τε
1446 2563 1536 2618 καὶ
1555 2559 1778 2633 ἀβόλων
1795 2573 1910 2628 τοῖς
1965 2610 1968 2614 .

222 2654 411 2725 μέσοις
439 2652 531 2708 καὶ
568 2648 756 2715 αὐτοῖς
790 2646 857 2720 δὴ
878 2659 992 2714 τοῖς
1018 2650 1174 2712 τέλος
1200 2651 1405 2718 ἔχουσι,
1434 2645 1574 2701 κατὰ
1606 2647 1783 2716 φύσιν
1810 2652 1909 2716 τῆς

222 2734 406 2806 χώρας
440 2730 514 2789 ἄν
550 2731 656 2805 τὴν
698 2729 932 2803 ἱππικὴν
966 2727 1195 2785 παιδιὰν
1241 2727 1613 2799 ἀποδιδοῖμεν.
1662 2732 1800 2783 ἔστω
1836 2726 1905 2799 δὴ

221 2818 437 2874 τούτων
463 2836 523 2872 τε
551 2813 742 2871 αὐτῶν
771 2814 911 2872 κατὰ
939 2813 1116 2885 νόμον
1144 2810 1346 2883 ἅμιλλά
1365 2833 1425 2869 τε
1453 2815 1546 2868 καὶ
1573 2815 1906 2883 φιλονεικία,
1934 2861 1940 2868 .
1962 2879 1965 2881 ,
