1976 3172
689 130 1006 180 NOMszN
1036 126 1091 191 {³-
1393 101 1406 105 “
1625 133 1729 187 223

37 262 109 334 δὴ
120 263 295 335 ταύτῃ
312 267 743 336 κεκοσμημένοις
761 257 870 332 ἀρα
880 261 1048 319 οὐδὲν
1057 264 1389 337 λειπόμενόν
1400 269 1549 324 ἐστιν
1563 267 1727 341 ἀναγ-

36 346 205 405 καῖόν
238 367 298 402 τε
322 350 490 419 ἔργον
516 347 611 403 καὶ
630 344 949 403 παντάπασι
966 350 1272 419 προσῆκον,
1303 346 1427 404 ἀλλ’
1457 352 1517 405 ἐν
1534 351 1726 450 τρόπω

24 428 439 525 ἱβοσκήματος”
402 445 640 486 εκαστον
662 425 1030 498 πιαινόμενον
1047 426 1238 485 αὐτῶν
1257 433 1346 486 δεῖ
1357 433 1485 500 ζῇν;
1512 430 1727 489 ου’κουν

27 510 102 571 τό
118 531 184 580 γε
202 514 422 567 δίκαιον
447 513 634 582 φαμὲν
649 506 784 565 οὐδὲ
809 507 1003 580 καλόν,
1023 506 1148 565 οὐδ’
1179 506 1301 566 οἷόν
1333 531 1394 566 τε
1419 511 1520 567 τὸν
1548 517 1726 578 ζωντα

25 589 218 658 οὕτως
236 591 506 664 ἀτυχῆσαι
520 597 626 648 τοῦ·
650 590 1046 663 προσήκοντος,
1067 592 1336 664 προσήκει
1361 590 1484 648 δὲ’
1452 601 1609 669 αργςδ
1634 599 1726 652 καὶ

25 673 311 746 ῥᾳθύμως
334 675 828 746 καταπεπιασμένῳ
848 673 968 747 ζώω
996 672 1223 744 σχεδὸν
1227 670 1327 730 ὑπ’
1359 673 1537 731 ἄλλον
1566 679 1726 749 διαρα
1758 691 1789 731 Β

32 761 323 826 πασθῆναι
334 754 483 820 {aion
499 760 615 811 τῶν
631 753 855 826 σφόδρα
871 757 1304 828 τετρυχωμένων
1312 751 1446 828 μετά
1467 757 1728 831 ἀνδρείας

24 855 94 893 ιτε
113 834 227 908 ἅμα
245 837 340 893 καὶ
365 843 482 893 τῶν
506 837 720 894 πόνων.
757 842 934 894 ταῦτα
963 832 1071 894 οὖν
1096 836 1165 910 δὴ
1203 837 1282 895 δι’
1320 839 1602 911 ἀκριβείας
1624 839 1726 912 μὲν

26 920 258 989 ίκανῆς,
283 915 357 985 ὥς
371 922 468 976 καὶ
484 926 613 992 νῦν,
633 924 685 977 εί
697 925 950 993 ζητοῖμεν
967 918 1056 989 ἄν,
1077 928 1211 985 ἴσως
1230 918 1336 976 οὐκ
1366 920 1440 979 ἄν
1467 941 1603 978 ποτε
1629 925 1726 993 γέ-

24 1019 206 1069 )νοιτο,
224 1002 488 1072 μέχριπερ
500 997 575 1057 ἂν
588 1004 850 1072 γυναῖκές
867 1021 927 1057 τε
943 1003 1037 1057 καὶ
1053 1005 1245 1067 παῖδες
1254 1001 1496 1074 οἰκήσεις
1512 1024 1571 1059 τε
1591 1007 1727 1059 ἴδιαι

32 1080 126 1136 καὶ
146 1083 297 1147 ἰδίως
313 1080 513 1138 ἅπαντ’
537 1076 576 1154 ᾖ
593 1083 662 1138 τά
679 1089 908 1139 τοιαῦτα
925 1082 1173 1149 ἑκάστοις
1199 1081 1362 1155 ἡμῶν
1386 1100 1726 1141 κατεσκευα-

34 1162 235 1232 σμένα·
272 1162 341 1220 τά
362 1166 424 1220 δὲ
441 1163 563 1235 μετ’
588 1162 756 1222 ἐκεῖν’
786 1159 864 1221 αὖ
883 1166 1118 1236 δεύτερα
1146 1164 1214 1222 τὰ
1236 1172 1348 1222 νῦν
1369 1166 1646 1239 λεγόμενα
1679 1171 1729 1223 εί

67 1246 280 1314 ίγνοιτο
295 1243 445 1317 ἡμῖν,
463 1250 711 1316 γίγνοιτο
728 1243 804 1303 ἀν
819 1249 913 1303 καὶ
928 1246 1077 1318 μάλα
1093 1252 1350 1318 μετρίως·
1389 1252 1555 1319 ἔργον
1574 1249 1634 1306 δὲ
1651 1248 1720 1322 δὴ
1749 1266 1779 1308 c

97 1337 148 1391 ῖς
167 1325 316 1383 οὕτω
335 1331 470 1393 ζῶσί
486 1348 673 1398 φαμεν
692 1327 763 1384 οὐ
778 1329 840 1384 τὸ
861 1327 1230 1400 σμικρότατον
1249 1327 1382 1385 οὐδὲ
1408 1330 1471 1385 τὸ
1503 1332 1725 1401 φαυλό-

25 1419 199 1466 kracov
214 1411 524 1480 λείπεσθαι,
544 1411 804 1480 μέγιστον
823 1411 884 1466 δὲ
901 1410 1130 1466 πάντων
1147 1408 1289 1466 εἶναι
1315 1416 1725 1483 προστεταγμέ-

27 1509 138 1547 νον
154 1487 264 1547 ὑπὸ
285 1494 505 1547 δικαίου
521 1489 705 1563 νόμου
719 1512 731 1523 ·
762 1497 866 1548 τοῦ
890 1489 1000 1563 γὰρ
1022 1498 1211 1548 πᾶσαν
1228 1498 1343 1548 τῶν
1372 1491 1560 1550 ἄλλων
1579 1494 1725 1550 πάν-

65 1593 146 1629 ων
166 1576 347 1645 ἔργων
364 1578 494 1645 βίου
510 1571 776 1645 ἀσχολίαν
804 1573 1341 1647 παρασκευάζοντος,
1362 1581 1465 1632 τοῦ
1493 1576 1724 1633 Πυθιά-

26 1658 130 1720 oos-
164 1675 224 1711 τε
253 1655 349 1711 καὶ
381 1653 752 1727 Ὀλυμπιάδος
771 1661 940 1728 νίκης
972 1653 1330 1728 ὀρεγομένου,
1351 1660 1640 1724 διπλασίας
1666 1680 1724 1714 τε

104 1739 124 1793 2
141 1740 221 1793 ἔτι
237 1741 429 1812 πολλω
447 1739 683 1804 πλέονος
693 1736 953 1809 ἀσχολίας
970 1740 1080 1795 ἐστὶ
1100 1742 1288 1811 γέμων
1304 1736 1335 1795 6
1355 1742 1482 1811 περὶ
1500 1740 1604 1814 τὴν
1621 1747 1725 1798 τοῦ
1766 1796 1769 1797 ⁷

98 1817 284 1891 ’ματος
300 1817 526 1886 πάντως
540 1820 634 1876 καὶ
657 1825 838 1893 ψυχῆς
862 1825 940 1887 είς
957 1818 1157 1893 ἀρετῆς
1173 1824 1487 1894 ἐπιμέλειαν
1503 1827 1626 1894 βίος
1645 1827 1725 1880 εί-

25 1908 27 1915 *
102 1896 584 1974 Q6086ww.
620 1900 907 1974 πάρεργον
941 1902 1052 1974 γὰρ
1084 1900 1253 1960 οὐδὲν
1283 1907 1371 1960 δεῖ
1392 1910 1508 1960 τῶν
1537 1903 1724 1960 άλλων
1755 1922 1790 1962 D

130 2004 211 2039 ων
244 1981 568 2055 διακώλυμα
594 1987 894 2055 γίγνεσθαι
918 2007 1032 2042 των
1059 1992 1140 2059 τῷ
1163 1987 1377 2057 σώματι
1405 1984 1725 2058 προσηκόν-

64 2085 145 2120 ων
162 2067 239 2129 εἰς
254 2062 531 2121 ἀπόδοσιν
547 2066 746 2123 πόνων
763 2070 856 2124 καὶ
873 2075 1103 2139 τροφῆς,
1126 2066 1253 2124 οὐδ’
1279 2062 1354 2123 αὖ
1368 2073 1519 2140 ψυχῇ
1535 2075 1725 2140 μαθη-

94 2146 224 2202 ’των
238 2166 299 2202 τε
315 2145 409 2203 καὶ
424 2148 597 2219 ἐθῶν,
618 2153 768 2204 πᾶσα
788 2151 849 2206 δὲ
864 2149 968 2216 νύξ
986 2170 1057 2206 τε-
1074 2151 1167 2205 καὶ
1193 2145 1371 2221 ἡμέρα
1399 2149 1599 2220 σχεδὸν
1617 2146 1723 2204 οὐκ

27 2231 182 2286 Ξστιν
200 2226 361 2300 ἱκανὴ
380 2228 536 2285 τοῦτ’
555 2228 693 2287 αὐτὸ
713 2229 1011 2300 πράττοντι
1029 2229 1092 2287 τὸ
1110 2229 1301 2288 τέλεόν
1319 2251 1378 2288 τε
1402 2233 1495 2288 καὶ
1524 2228 1722 2287 ἰκανὸν

27 2306 222 2367 αὐτῶν
242 2309 638 2382 ἐκλαμβάνειν·
677 2310 826 2368 οὕτω
857 2310 926 2385 δὴ
954 2312 1174 2370 τούτων
1200 2312 1540 2384 πεφυκότων
1563 2310 1724 2380 τάξιν

29 2394 120 2449 δεῖ
130 2398 426 2463 γίγνεσθαι
443 2398 580 2450 πᾶσι
595 2405 710 2460 τὀτς
726 2396 1046 2463 ἐλευθέροις
1063 2401 1160 2466 τῆς
1179 2398 1462 2468 διατριβῆς
1480 2395 1606 2465 περὶ
1623 2393 1723 2451 τὸν

28 2473 235 2545 χρόνον
253 2473 491 2548 ἅπαντα,
512 2476 713 2549 σχεδὸν
730 2473 1048 2549 ἀρξάμενον
1065 2479 1119 2544 ἐξ
1146 2477 1219 2534 ἕω
1246 2480 1403 2549 μέχρι
1420 2484 1518 2549 τῆς
1537 2478 1722 2547 ἑτέρας
1752 2501 1785 2540 E

28 2554 118 2611 ἀεὶ
134 2558 372 2627 ξυνεχῶς
387 2559 461 2616 ἕω
478 2580 538 2616 τε
560 2563 654 2617 καὶ
669 2557 833 2633 ἡλίου
851 2558 1139 2632 ἀνατολῆς.
1178 2558 1357 2616 πολλὰ
1386 2560 1488 2630 μὲν
1508 2553 1614 2614 οὖν
1631 2560 1722 2614 καὶ

30 2634 220 2696 πυκνὰ
239 2641 333 2695 καὶ
357 2640 561 2713 σμικροὶ
578 2645 759 2716 λέγων
776 2642 851 2701 ἄν
871 2666 953 2710 τις
970 2645 1282 2716 νομοθέτης
1303 2639 1570 2713 ἀσχήμων
1589 2647 1721 2711 φαί-

29 2741 185 2779 νοιτο
210 2722 335 2791 περὶ
369 2727 484 2778 τῶν
517 2723 640 2781 κατ’
680 2730 863 2784 οἰκίαν
893 2725 1241 2798 διοικήσεων,
1270 2723 1337 2779 τά
1375 2745 1433 2779 τε
1462 2722 1604 2780 ἄλλα
1630 2722 1722 2777 καὶ

30 2801 140 2863 ὅσα
159 2805 379 2875 νύκτωρ
398 2802 637 2874 ἀῦπνίας
650 2810 777 2882 πέρι
793 2812 989 2879 πρέπει
1008 2819 1122 2874 τοῖς
1139 2810 1400 2879 μέλλουσι
1421 2803 1510 2861 διὰ
1532 2808 1722 2868 τέλους
