1976 3172
247 163 352 214 290
858 162 1343 211 ΠΛΑΤΩΝΟΣ

248 292 423 352 αὑτοῦ
440 296 711 367 βούλησιν
729 297 1115 366 ἐπισπώμενον
1134 296 1366 351 ἕκαστον
1395 301 1468 361 είς
1499 296 1761 354 τάναντία
1790 307 1926 364 πολ-4

249 378 408 442 λάκις
431 375 558 448 ἅμα.
851 442 854 447 ¹

386 465 505 515 KA.
545 458 871 523 Πλειστάκις
890 457 992 528 μὲν
1019 452 1140 513 οὗν.

387 545 504 594 ΑΘ.
543 545 674 594 Νῦν
710 538 778 610 δή
811 555 898 594 σοι
918 539 980 594 τό
1011 561 1068 594 τε
1101 541 1317 594 δίκαιον
1345 542 1436 595 καὶ
1469 541 1530 595 τὸ
1565 538 1779 611 ἄδικον,
1810 540 1842 596 ὅ
1867 561 1928 612 γε

246 622 353 692 ἐγώ
385 622 546 691 λέγω,
577 627 769 691 σαφῶς
802 617 873 675 ἂν
904 625 1250 691 διορισαίμην
1282 619 1448 676 οὐδὲν
1475 626 1789 677 ποικίλλων.
1829 621 1932 692 τὴν

246 701 353 772 γὰρ
373 708 474 758 τοῦ
492 707 688 773 θυμοῦ
712 704 803 757 καὶ
822 703 1008 773 φόβου
1035 702 1125 757 καὶ
1144 699 1348 772 ἡδονῆς
1367 704 1458 757 καὶ
1477 702 1653 773 λύπης
1670 705 1760 759 καὶ
1780 703 1934 773 φθό-

247 805 365 839 νων
383 785 474 839 καὶ
495 787 808 853 ἐπιθυμιῶν
828 786 889 837 ἐν
904 791 1053 854 ψυχῇ
1079 788 1399 854 τυραννίδα,
1431 784 1528 849 ἐάν
1555 787 1618 839 τέ
1641 807 1692 839 τι
1714 785 1934 857 βλάπτῃ

134 882 222 927 864
251 870 342 922 καὶ
373 867 471 920 ἐάν
506 864 597 934 μ’ή,
628 863 846 928 πάντως
880 863 1102 919 ἀδικίαν
1137 866 1561 936 προσαγορεύω·
1597 865 1701 936 τὴν
1738 870 1796 926 δὲ
1833 877 1934 923 τοῦ

251 946 479 1018 ἀρίστου
510 945 693 1015 δόξαν,
725 942 938 1016 ὅπῃπερ
970 942 1041 1000 ἂν
1076 950 1303 1001 ἔσεσθαι
1333 948 1498 1002 τοῦτό
1531 947 1586 1015 γ’
1619 947 1935 1020 ἡγήσωνται

251 1029 407 1092 πόλις
445 1036 566 1104 εἴτε
588 1030 804 1082 ἰδιῶταί
837 1049 996 1097 τινες,
1024 1027 1122 1082 ἐὰν
1158 1026 1298 1098 αὕτη
1338 1034 1619 1098 κρατοῦσα
1647 1032 1708 1085 ἐν
1739 1041 1937 1100 ψυχαῖς

255 1112 525 1179 διακοσμῇ
553 1109 735 1163 πάντα
761 1106 957 1179 ἄνδρα,
996 1106 1103 1164 κάν
1127 1108 1442 1181 σφάλληταί
1470 1131 1539 1181 τι,
1582 1114 1799 1166 δίκαιον
1835 1111 1937 1181 μὲν

253 1196 366 1245 πᾶν
385 1189 526 1245 εἶναι
554 1192 761 1261 φατέον
779 1188 841 1245 τὸ
862 1190 1035 1262 ταύτῃ
1064 1190 1315 1261 πραχθὲν
1341 1193 1434 1247 καὶ
1461 1191 1524 1246 τὸ
1554 1196 1664 1265 τῆς,
1682 1190 1937 1263 τοιαύτης

253 1268 422 1342 ἀρχῆς
439 1271 773 1342 γιγνόμενον
801 1269 1055 1343 ὑπήκοον
1083 1270 1329 1327 ἑκάστων
1353 1273 1445 1328 καὶ
1477 1273 1564 1328 ἐπὶ
1587 1273 1689 1328 τὸν
1721 1273 1937 1329 ἅπαντα

253 1351 577 1421 ἀνθρώπων
611 1358 737 1424 βίον
785 1352 1030 1424 ἄριστον,
1079 1354 1405 1419 δοξάζεσθαι
1453 1356 1512 1409 δὲ
1558 1352 1668 1410 ὑπὸ
1715 1361 1938 1410 πολλῶν

254 1433 522 1490 ἀκούσιον
539 1431 762 1490 ἀδικίαν
777 1433 916 1490 εἶναι
933 1434 1035 1505 τὴν
1053 1435 1316 1505 τοιαύτην
1333 1435 1566 1507 βλάβην.
1603 1434 1734 1506 ἡμῖν
1754 1437 1814 1492 δὲ
1833 1434 1938 1491 οὐκ

186 1529 224 1572 Β
259 1522 372 1572 ἔστι
395 1514 462 1571 τὰ
499 1521 608 1570 νῦν
645 1513 937 1587 ὀνομάτων
965 1520 1090 1585 πέρι
1127 1515 1348 1587 δύσερις
1372 1517 1553 1587 λόγος,
1585 1515 1711 1591 ἀλλ’
1751 1517 1934 1587 ἐπειδὴ

255 1605 369 1653 τῶν
417 1594 885 1667 ἁμαρτανομένων
930 1602 1054 1668 τρία
1102 1603 1219 1668 εἴδη
1268 1598 1571 1669 δεδήλωται
1619 1592 1938 1669 γιγνόμεναζ

256 1685 429 1734 ταῦτα
455 1683 529 1743 εἰς
548 1678 771 1749 μνήμην
789 1685 1011 1750 πρῶτον
1031 1681 1106 1732 ἔτι
1125 1684 1336 1749 μᾶλλον
1366 1675 1724 1750 ἀναληπτέον.
1763 1679 1941 1750 λύπης

256 1760 360 1831 μὲν
379 1755 503 1831 οὖν,
523 1759 794 1832 ἣνθυμόν
813 1761 904 1817 καὶ
919 1760 1101 1832 φόβον
1120 1761 1547 1833 ἐπονομάζομεν,
1569 1764 1630 1817 ἓν
1651 1760 1793 1827 εἶδος
1811 1759 1941 1832 ἡμῖν

256 1843 422 1897 ἐστίν.

398 1929 517 1979 ΚΛ.
556 1923 721 1980 Πάνυ
741 1928 842 1996 μὲν
863 1918 981 1980 οὖν.

400 2011 518 2064 ΑΘ.
548 2001 782 2077 Ἡδονῆς
800 2002 852 2061 δ’
875 1998 950 2060 αὖ
967 2005 1057 2060 καὶ
1079 2007 1393 2076 ἐπιθυμιῶν
1412 2003 1690 2074 δεύτερον,
1705 2006 1942 2060 ἐλπίδων

261 2087 320 2144 δὲ
347 2088 439 2143 καὶ
460 2086 619 2158 δόξης
637 2094 733 2158 τῆς
760 2083 1010 2157 ἀληθοῦς
1039 2086 1161 2157 περὶ
1192 2083 1253 2140 τό
1285 2085 1513 2154 ἄριστον
1544 2089 1727 2154 ἔφεσις
1756 2090 1942 2155 τρίτον

259 2168 464 2239 ἕτερον.
512 2166 718 2224 τούτου
748 2167 807 2223 δὲ·
837 2161 911 2222 αὖ
939 2174 1040 2222 τοῦ
1067 2173 1257 2236 τρίτου
1287 2170 1409 2238 διχῇ
1441 2168 1746 2237 τμηθέντος
1781 2169 1942 2221 πέντε

262 2251 378 2317 εἴδη
398 2251 645 2318 γέγονεν,
673 2247 747 2314 ὡς
766 2255 876 2305 νῦν
895 2252 1078 2321 φαμέν
1092 2271 1102 2281 ·
1134 2245 1215 2314 οἷς
1233 2248 1440 2320 νόμους
1461 2252 1823 2320 διαφέροντας
1845 2248 1943 2303 ἀλ·-

203 2343 235 2385 C
262 2327 449 2399 λη’λων
470 2332 633 2384 πέντε
650 2335 818 2385 εἴδεσι
836 2336 1034 2387 θετέον
1054 2334 1113 2386 ἐν
1135 2335 1294 2386 δυοῖν
1314 2334 1547 2402 γένεσιν.

404 2416 531 2467 ΚΛ.’
565 2417 684 2466 Τίσι
708 2411 946 2475 τούτοις;

403 2498 521 2547 ΑΘ.
567 2490 641 2547 Τὸ
683 2491 785 2562 μὲν
832 2492 923 2547 διὰ
958 2494 1156 2563 βιαίων
1201 2493 1293 2545 καὶ
1339 2493 1644 2560 ξυμφανῶν
1688 2488 1943 2557 πράξεων

267 2573 647 2645 πραττόμενον
683 2572 957 2644 ἑκάστοτε,
979 2570 1047 2628 ’τό
1080 2575 1139 2628 δὲ
1167 2569 1301 2643 μετὰ
1338 2571 1570 2634 σκότους
1603 2572 1695 2625 καὶ
1731 2567 1943 2639 ἀπάτης

263 2661 545 2727 λαθραίως
562 2654 912 2726 γιγνόμενον,
935 2659 1045 2710 ἔστι
1067 2652 1118 2709 δ’
1152 2653 1244 2709 ὅτε
1271 2655 1361 2709 καὶ
1392 2651 1462 2708 δι’
1496 2651 1705 2723 ἀμφοῖν
1722 2650 1943 2707 τούτοιν

264 2741 540 2810 πραχθέν·
580 2731 627 2811 ᾦ
644 2736 710 2808 δὴ
731 2740 822 2794 καὶ
851 2737 1012 2808 νόμοι
1032 2734 1354 2808 τραχύτατοι
1375 2740 1654 2806 γίγνοιντο
1684 2732 1773 2804 ἄν,
1808 2737 1858 2788 εἰ
1880 2730 1942 2787 τὸ

264 2824 550 2891 προσῆκον
570 2819 732 2890 μέρος
751 2822 938 2890 ἔχοιεν.
