1976 3172
723 159 1043 211 ΝΟΜΩΝ
1078 153 1145 208 θ’.
1309 183 1311 185 -
1452 123 1469 129 ’
1666 153 1773 208 293

83 303 224 366 ροῦν
243 294 691 367 ἀποξενούμενος
707 292 839 358 τούς
857 294 1197 362 εἰρημένους,
1229 288 1258 347 6
1278 296 1379 347 τοῦ
1402 290 1772 362 τελευτήσαν-

82 400 173 443 τος
189 382 338 448 γένει
362 376 636 449 ἐγγύτατα
665 376 888 441 ἐπεξίτω
917 370 1019 442 μὲν
1038 372 1225 443 φόνου
1252 378 1331 443 τῷ
1361 374 1770 443 κτείνανταδι-
1797 380 1831 421 Β

17 486 21 519 z
81 466 191 516 πλᾶ
211 461 272 515 δὲ
287 458 471 516 πάντα
487 461 627 514 ἔστω
643 454 713 512 τά
730 451 1086 526 τιμωρήματα
1116 457 1197 526 τῷ
1224 451 1486 524 ὅφλοντι·
1525 451 1626 508 ἐὰν
1655 450 1707 508 δ’
1739 450 1770 507 6

81 541 383 611 προσήκων
408 538 682 611 ἐγγύτατα
707 533 783 607 μὴ
810 536 994 606 ἐπεξίῃ
1022 540 1099 605 τῷ
1128 533 1439 605 παθήματι,
1467 531 1530 589 τὸ
1563 539 1771 604 μίασμα
1864 584 1873 591 .

15 663 17 670 -
82 618 154 687 ὡς
181 626 259 688 εἰς
277 619 453 678 αὐτὸν
481 615 885 690 περιεληλυθὸς
913 622 1016 672 τοῦ
1047 616 1332 680 παθόντος
1355 616 1772 686 προστρεπομέ-

79 724 186 759 νου
222 701 327 775 τὴν
361 702 575 773 πάθην,
610 698 641 756 6
672 698 1017 772 βουλόμενος
1053 697 1369 764 ἐπεξελθών
1396 695 1576 769 τούτῳ
1610 699 1770 767 δίκην

77 786 240 840 πέντε
262 788 355 881 ἔτη
390 782 737 854 ἀποσχέσθαι
773 787 870 853 τῆς
905 778 1083 836 αὑτοῦ
1117 781 1382 850 πατρίδος
1417 775 1769 848 ἀναγκαζέτω

74 862 215 921 κατά
244 864 437 936 νόμον.
471 863 572 921 ἐὰν
602 866 663 920 δὲ
690 865 844 930 ξένος
873 883 1030 918 ακων
1056 863 1218 928 ξένον
1246 865 1435 959 κτείνῃ
1462 865 1576 915 τῶν
1605 861 1667 915 έν
1702 863 1770 931 τῇ

74 945 252 1015 πόλει,
271 947 494 1012 ἐπεξίτω
522 941 678 1043 μὲν*
655 967 685 1000 ο
716 942 1060 1038 βουλόμενος
1086 944 1177 1003 ἐπὶ
1203 953 1317 1008 τοῖς
1341 938 1531 1008 αὐτοῖς
1554 940 1828 1013 νόμοις,0

75 1030 323 1097 μέτοικος
342 1026 402 1082 δὲ
419 1047 501 1082 ων
523 1022 1001 1095 ἀπενιαυτησάτω,
1023 1024 1177 1090 ξένος
1195 1021 1311 1080 δὲ“
1274 1045 1348 1079 αν
1375 1015 1415 1097 ᾖ
1432 1023 1768 1092 παντάπασι,

77 1106 219 1178 πρὸς
245 1114 322 1183 τῷ
358 1114 654 1182 καθαρμῷ,
682 1106 782 1163 ἐάν
814 1127 872 1162 τε
901 1109 1063 1172 ξένον
1088 1106 1189 1162 ἐάν
1215 1127 1274 1161 τε
1302 1107 1561 1178 μέτοικον
1577 1103 1679 1161 ἐάν
1708 1125 1768 1160 τε

76 1187 250 1245 ἀστὸν
269 1194 474 1262 κτείνῃ,
495 1187 597 1245 τὸν
612 1187 796 1261 βίον”
758 1208 977 1244 απαντα
996 1195 1092 1259 τῆς
1117 1187 1300 1260 χώρας
1328 1194 1425 1260 τῆς
1441 1193 1557 1244 τῶν
1575 1187 1769 1260 νόμων

72 1274 251 1327 ταῖνδε
267 1276 463 1340 κυρίας
482 1274 756 1342 εἰργέσθω
772 1292 783 1302 ·
822 1269 922 1326 ἐὰν
941 1268 994 1326 δ’
1028 1273 1168 1343 ἔλθῃ
1195 1269 1550 1342 παρανόμως,
1584 1272 1643 1325 οἰ
1666 1289 1768 1324 νο-

73 1352 396 1423 μοφύλακες
406 1352 639 1427 θανάτῳ
658 1350 1005 1422 ζημιούντων
1024 1348 1218 1419 αὐτόν,
1231 1353 1324 1406 καὶ
1342 1349 1442 1407 ἐὰν
1454 1355 1548 1423 ἔχῃ
1567 1347 1768 1406 οὐσίαν

73 1433 219 1503 τινά,
256 1440 336 1508 τῷ
377 1438 482 1490 τοῦ
517 1431 807 1498 παθόντος
840 1432 1112 1503 ἐγγύτατα
1146 1436 1295 1502 γένει
1323 1431 1764 1502 παραδιδόντων.

70 1512 172 1571 ἐὰν
197 1517 258 1570 δὲ
282 1513 436 1571 ἄκων
458 1518 616 1588 ἔλθῃ,
646 1510 718 1570 ἄν
746 1514 850 1586 μὲν
885 1512 1023 1570 κατὰ
1052 1512 1340 1569 θάλατταν
1367 1516 1601 1586 ἐκπίπτῃ
1627 1515 1766 1585 πρὸς
1786 1530 1825 1571 D

0 1606 3 1671 ξ
75 1594 179 1667 τὴν
195 1596 402 1667 χώραν,
422 1596 843 1669 σκηνησάμενος
859 1599 921 1653 ἐν
939 1595 1191 1669 θαλάττῃ
1209 1599 1423 1667 τέγγων
1440 1595 1574 1662 τούς
1591 1596 1767 1662 πόδας

0 1703 5 1757 ’,
73 1683 257 1734 πλοῦν
277 1680 704 1750 ἐπιφυλαττέτω,
723 1677 864 1735 κατὰ
882 1683 990 1750 γῆν
1010 1677 1068 1734 δὲ
1079 1674 1152 1733 ἂν
1160 1681 1256 1751 βίᾳ
1276 1675 1389 1734 ὑπό
1407 1699 1578 1733 τινων
1597 1675 1766 1750 ἀχθῇ,

0 1761 5 1808 ἒ
69 1756 104 1830 ἡ
127 1759 317 1832 πρώτη
342 1767 734 1833 προστυχοῦσα
761 1758 900 1833 ἀρχὴ
924 1768 1036 1817 τῶν
1058 1762 1121 1817 έν
1150 1767 1219 1834 τῇ
1246 1761 1408 1819 πόλει
1434 1761 1656 1818 λύσασα
1690 1766 1768 1827 εἰς

0 1860 3 1879 ¹
68 1838 176 1913 τήν
194 1838 500 1913 ὑπερορίαν
519 1846 837 1915 ἐκπεμπέτω
866 1843 1095 1901 ἄσυλον.
1134 1841 1235 1900 ἐὰν
1259 1840 1312 1900 δ’
1343 1841 1453 1914 ἄρα
1480 1865 1561 1908 τις
1590 1840 1766 1900 αύτό-

0 1925 3 2015 ξ
69 1943 188 1994 χειρ
216 1924 319 1995 μὲν
347 1931 538 1998 κτείνῃ
564 1925 887 1998 ἐλεύθερον,
908 1932 1077 2000 θυμῷ
1112 1925 1171 1983 δὲ
1202 1918 1242 1998 ᾗ
1268 1923 1329 1982 τὸ
1368 1926 1764 1995 πεπραγμένον

68 2006 402 2076 ἐκπραχθέν,
421 2010 545 2081 διχῇ
563 2012 651 2065 δεῖ
669 2014 893 2080 πρῶτον
912 2008 975 2064 τό
994 2013 1254 2064 τοιοῦτον
1272 2011 1569 2078 διαλαβεῖν.
1591 2011 1764 2079 θυμῷ

66 2086 175 2158 γὰρ
197 2087 264 2159 δὴ
284 2090 591 2160 πέπρακται
611 2092 834 2156 καὶτοῖς
851 2087 975 2146 ὅσοι
993 2084 1066 2145 ἄν
1085 2091 1345 2161 ἐξαίφνης
1360 2086 1464 2161 μὲν
1482 2090 1574 2144 καὶ
1595 2084 1760 2159 ἀπρο·
1790 2099 1829 2141 Ε

68 2169 384 2241 βουλεύτως
406 2176 507 2227 τοῦ
543 2169 864 2228 ἀποκτεῖναι
898 2172 1133 2244 πληγαῖς
1160 2170 1198 2244 ἤ
1231 2194 1341 2228 τινι
1370 2169 1607 2244 τοιούτῳ
1639 2173 1761 2226 δια-

67 2257 350 2323 φθείρωσί
368 2274 488 2308 τινα
506 2259 838 2326 παραχρῆμα
856 2258 955 2326 τῆς
974 2250 1147 2326 ὁρμῆς
1174 2257 1495 2327 γενομένης,
1524 2255 1760 2326 μεταμέ-

66 2330 186 2388 λειά
212 2354 270 2389 τε
297 2331 477 2400 εὐθὺς
505 2340 609 2390 τοῦ
636 2338 1031 2407 πεπραγμένου
1060 2340 1339 2408 γίγνηται·
1376 2339 1547 2409 θυμῷ
1577 2337 1637 2391 δὲ
1667 2334 1760 2390 καὶ

66 2410 189 2470 ὅσοι
210 2419 758 2488 προπηλακισθέντες
774 2418 963 2488 λόγοις
979 2411 1019 2490 ἦ
1035 2418 1127 2474 καὶ
1139 2414 1350 2489 ἀτίμοις
1370 2421 1568 2489 ἔργοις,
1589 2437 1759 2488 μετα-

69 2493 362 2563 διώκοντες
385 2495 490 2571 τὴν
506 2504 793 2571 τιμωρίαν,
812 2496 1052 2571 ὕστερον
1081 2496 1452 2556 ἀποκτείνωσί
1475 2520 1598 2555 τινα
1617 2504 1757 2570 βου-

69 2575 332 2645 ληθέντες
351 2587 577 2651 κτεῖναι,
596 2582 688 2638 καὶ
708 2579 770 2639 τὸ
790 2585 1181 2655 πεπραγμένον
1202 2578 1389 2647 αὐτοῖς
1414 2578 1757 2652 ἀμεταμέλη-

71 2676 171 2711 τον
208 2660 499 2729 γίγνηται)
521 2661 741 2729 διττοὺς
788 2666 891 2735 μὲν
929 2661 997 2735 δὴ
1034 2661 1166 2728 τούς
1209 2660 1442 2733 φόνους,
1484 2658 1557 2727 ὥς
1593 2665 1754 2729 ἔοικε,

70 2739 285 2807 θετέον,
306 2741 399 2797 καὶ
416 2741 612 2813 σχεδὸν
630 2742 981 2818 ἀμφοτέρους
1010 2750 1182 2819 θυμῷ
1210 2743 1530 2815 γεγονότας,
1551 2743 1753 2815 μεταξύ
1781 2751 1868 2800 867

71 2822 134 2876 δέ
158 2840 270 2876 που
288 2827 387 2877 τοῦ
417 2842 475 2879 τε
499 2824 758 2884 ἑκουσίον
776 2828 869 2884 καὶ
888 2824 1159 2884 ἀκουσίου
1179 2822 1482 2882 δικαιότατ’
1504 2822 1576 2881 ἄν
1594 2831 1772 2897 λεγο-·
