1976 3172
671 108 1011 159 -ΝΟΜΩΝ
1043 102 1093 158 ε’.
1650 105 1752 158 153

68 251 261 314 ζεσθαι
279 246 371 302 καὶ
392 244 495 302 τὸν
516 249 620 301 τοῦ
638 240 998 374 φαυλοτάτου
1012 239 1353 311 δημιουργὸν
1372 240 1528 308 ἄξιον
1557 239 1755 312 ἐσόμε-
1781 251 1818 292 D

68 348 172 383 νον
192 325 385 396 λόγου.

206 412 333 464 xv1.
366 411 500 463 Νῦν
516 405 587 477 δὴ
605 402 757 461 τοῦτ’
781 402 917 459 αὐτο
899 401 1324 480 προθυμητέον
1343 406 1481 458 ἰδεῖν
1498 400 1633 473 μετὰ
1652 400 1756 474 τὴν

69 490 238 557 δόξαν
266 497 372 561 τῆς
388 494 502 544 τῶν
527 486 744 544 δώδεκα
774 490 962 558 μερῶν
992 488 1276 557 διανομῆς,
1303 483 1364 540 τό
1390 490 1516 540 τίνα
1543 483 1756 553 τρόπον

68 575 268 629 διελεῖν
303 574 393 627 δεῖ
417 566 486 625 τὰ
523 568 739 625 δώδεκα
774 569 933 639 μέρη,
969 589 1084 624 των
1112 564 1269 632 ἐντὸς
1295 564 1472 622 αὐτοῦ
1499 570 1756 628 πλείστας

66 658 263 723 ἔχοντα
287 651 572 722 διανομάς,
593 647 771 707 καὶτὰ
791 649 1011 714 τούτοις
1030 646 1381 719 ξυνεπόμενα
1408 649 1502 703 καὶ
1530 648 1591 702 ἐκ
1619 644 1755 701 τού-

64 754 179 789 των
194 732 538 803 γεννώμενα,
554 735 712 804 μέχρι
730 737 844 787 τῶν
863 728 1270 802 τετταράκοντά
1281 750 1340 785 τε
1359 730 1452 784 καὶ
1462 747 1755 792 πεντακις-

62 819 278 887 χιλίων·
300 813 443 870 ὅθεν
472 817 745 884 φρατρίας
774 814 866 868 καὶ
898 811 1109 884 δήμους
1135 811 1228 866 καὶ
1257 809 1464 881 κώμας,
1494 811 1586 864 καὶ
1616 807 1756 880 πρός

61 915 127 965 γε
151 892 251 960 τὰς
268 892 571 966 πολεμικὰς
591 893 769 959 τάξεις
781 913 841 948 τε
859 894 952 948 καὶ
969 890 1208 962 ἀγωγάς,
1222 894 1318 955 καὶ
1335 894 1416 946 ἔτι
1444 894 1755 961 νομίσματα
1817 911 1824 921 ’

62 977 156 1032 καὶ
171 977 343 1047 μέτρα
363 975 502 1047 ξηρά
515 996 575 1031 τε
594 976 686 1031 καὶ
704 972 850 1045 ὑγρὰ
869 975 962 1029 καὶ
981 973 1226 1044 σταθμά,
1252 972 1437 1028 πάντα
1454 976 1631 1027 ταῦτα
1654 974 1753 1042 ἔμ-
1782 988 1833 1030 Ε’

65 1057 238 1127 μετρά
253 1078 313 1113 τε
330 1058 426 1113 καὶ
442 1055 703 1130 ἀλλήλοις
719 1055 999 1127 σύμφωνα
1019 1058 1108 1111 δεῖ
1121 1054 1223 1111 τόν
1239 1076 1304 1125 γε
1320 1053 1502 1126 νόμον
1519 1052 1751 1110 τάττειν.
1790 1123 1794 1126 ἢ

63 1136 205 1209 πρὸς
224 1142 284 1195 δὲ
300 1139 518 1204 τούτοις
546 1136 673 1195 οὐδ’
695 1139 881 1195 ἐκεῖνα
900 1137 1165 1209 φοβητέα,
1189 1139 1447 1192 δείσαντα
1465 1133 1569 1206 τὴν
1588 1134 1756 1200 δόξα-

62 1236 171 1274 σαν
195 1215 268 1275 ἄν
288 1226 583 1290 γίγνεσθαι
602 1219 1078 1291 σμικρολογίαν,”
1041 1242 1113 1274 αν
1132 1241 1213 1284 τις
1230 1218 1568 1297 τίροστάττῃ
1572 1216 1756 1273 πάντα

30 1311 33 1313 ’
62 1296 230 1355 ὁπόσ’
249 1322 325 1355 αν
341 1299 517 1371 σκεύη
536 1306 794 1370 κτῶνται,
811 1298 1043 1370 μηδὲν”
1006 1320 1247 1371 αμετρον
1267 1298 1455 1355 αὐτῶν
1473 1287 1575 1372 ἐᾷν
1593 1297 1753 1368 εἶναι,
1857 1359 1861 1362 ,

59 1381 153 1436 καὶ
182 1385 359 1454 κοινῷ
387 1379 537 1452 λόγω
561 1384 867 1451 νομίσαντα
895 1378 1039 1451 πρὸς
1065 1379 1248 1435 πάντα
1279 1377 1420 1435 εἶναι
1453 1385 1755 1452 χρησίμους
1783 1388 1868 1436 747

60 1460 160 1526 τὰς
173 1466 290 1518 τῶν
308 1459 574 1534 ἀριθμῶν
602 1459 871 1532 διανομάς
901 1463 994 1517 καὶ
1023 1467 1340 1530 ποικίλσεις,
1371 1459 1479 1516 ὅσα
1509 1482 1568 1516 τε
1597 1459 1756 1517 αὐτοὶ

62 1544 125 1598 ἐν
143 1542 357 1607 ἑαυτοῖς
373 1547 752 1600 ποικίλλονται
770 1544 862 1600 καὶ
881 1540 987 1599 ὅσα
1016 1545 1080 1600 ἐν
1107 1543 1306 1615 μήκεσι
1334 1544 1428 1598 καὶ
1458 1546 1520 1599 ἐν
1550 1541 1757 1613 βάθεσι

62 1628 411 1695 ποικίλματα,
430 1626 522 1680 καὶ
542 1622 611 1695 δὴ
643 1627 736 1684 καὶ
759 1628 822 1682 ἐν
850 1625 1127 1697 φθόγγοις
1154 1626 1247 1682 καὶ
1271 1624 1524 1697 κινήσεσι
1549 1635 1668 1689 ταῖς
1698 1645 1758 1679 τε

61 1703 201 1761 κατὰ
229 1703 334 1775 τήν
363 1703 716 1778 εὐθυπορίαν
742 1712 839 1779 τῆς
875 1708 997 1763 ἅνω
1025 1709 1119 1764 καὶ
1153 1708 1302 1764 κάτω
1333 1714 1514 1780 φορᾶς
1541 1708 1634 1763 καὶ
1661 1710 1758 1776 τῆς

61 1786 253 1860 κύκλῳ
272 1793 610 1858 περιφορᾶς·
646 1787 789 1858 πρὸς
812 1787 921 1860 γὰρ
948 1796 1123 1845 ταῦτα
1151 1789 1334 1846 πάντα
1364 1792 1451 1846 δεῖ
1474 1791 1758 1861 βλέψαντα

59 1866 163 1925 τόν
179 1889 244 1939 γε
262 1872 582 1969 νομοθέτην
601 1871 965 1940 προστάττειν
976 1882 1092 1937 τοῖς
1104 1876 1350 1937 πολίταις
1368 1878 1541 1927 πᾶσιν
1558 1875 1635 1935 εἰς
1655 1868 1759 1924 δύ-

60 1971 232 2020 ναμιν
250 1949 468 2008 τούτων
496 1953 571 2024 μκή
601 1949 1007 2009 ἀπολείπεσθαι
1035 1959 1133 2023 τῆς
1162 1951 1489 2018 συντάξεως.
1528 1948 1670 2020 πρός
1696 1969 1759 2004 τε

60 2051 169 2102 γαρ
189 2034 513 2103 οἰκονομίαν
541 2036 635 2090 καὶ
662 2031 803 2106 πρὸς
831 2039 1113 2091 πολιτείαν
1139 2035 1233 2089 καὶ
1267 2031 1408 2104 πρὸς
1433 2031 1532 2096 τὰς
1564 2033 1756 2101 τέχνας
1782 2039 1816 2079 Β

61 2111 246 2178 πάσας
263 2114 327 2211 ἓν
345 2110 515 2169 οὐδὲν
540 2114 689 2170 οὕτω
709 2114 951 2185 δύναμιν
978 2118 1087 2185 ἔχει
1110 2117 1361 2170 παίδειον
1391 2112 1628 2184 μάθημα
1657 2132 1758 2182 με-

0 2257 2 2269 )
60 2193 261 2266 γάλην,
282 2191 357 2260 ὥς
374 2191 410 2265 ἦ
432 2196 557 2265 περὶ
574 2193 707 2261 τούς
724 2193 1004 2267 άρνθμοὺς
1023 2192 1379 2268 διατριβή·τὸ
1400 2192 1459 2249 δὲ
1478 2197 1755 2265 μέγιστον,

0 2319 1 2355 3
62 2273 148 2331 ὅτι
166 2273 267 2332 τόν
283 2275 626 2344 νυστάζοντα
657 2279 749 2332 καὶ
778 2275 974 2349 άμαθῆ
1002 2277 1171 2348 φύσει
1197 2279 1394 2346 ἐγείρει
1421 2278 1515 2331 καὶ
1535 2272 1759 2346 εὐμαθῆ

0 2374 1 2391 ’
59 2359 155 2415 καὶ
173 2356 434 2428 μνήμονα
451 2359 545 2413 καὶ
563 2355 833 2429 άγχίνουν
858 2355 1238 2430 ἀπεργάζεται,
1267 2356 1420 2428 παρὰ
1449 2357 1555 2428 τὴν
1580 2353 1756 2411 αὑτοῦ

66 2435 240 2507 φύσιν
267 2437 584 2495 ἐπιδιδόντα
620 2444 749 2513 θείᾳ
785 2443 964 2512 τέχνῃ.
1000 2446 1176 2495 ταῦτα
1204 2436 1270 2511 δὴ
1295 2438 1496 2508 πάντα,
1526 2436 1625 2494 ἐὰν
1653 2436 1756 2508 μεν

0 2551 2 2563 ›
68 2513 255 2584 ἄλλοις
291 2520 483 2592 νόμοις
523 2542 582 2578 τε
617 2524 709 2578 καὶ
746 2520 1178 2593 ἐπιτηδεύμασιν
1203 2518 1511 2593 ἀφαιρῆταί
1545 2541 1627 2584 τις
1653 2516 1758 2588 τὴν

70 2594 471 2671 ἀνελευθερίαν
484 2603 579 2660 καὶ
598 2608 1040 2675 φιλοχρηματίαν
1060 2604 1120 2660 ἐκ
1140 2607 1254 2660 τῶν
1272 2608 1471 2673 ψυχῶν
1489 2606 1603 2657 τῶν
1623 2606 1757 2671 μελ-

69 2681 287 2737 λόντων
303 2679 444 2740 αὐτὰ
461 2688 666 2753 ἱκαναῖς
680 2707 741 2743 τε
759 2687 853 2743 καὶ
871 2683 1149 2758 ὀνησίμως
1167 2683 1493 2757 κτήσεσθαι,
1523 2679 1666 2739 καλὰ
1687 2677 1751 2736 τὰ
1787 2694 1818 2736 c

69 2762 419 2835 παιδεύματα
452 2768 544 2823 καὶ
579 2767 934 2840 προσήκοντα
964 2765 1201 2838 γίγνοιτ’
1237 2765 1333 2823 ἅν·
1373 2770 1423 2822 εί
1449 2765 1508 2821 δὲ
1532 2763 1626 2835 μή,
1656 2758 1759 2832 τὴν
