1976 3172
199 345 236 386 D

270 120 374 175 372
857 119 1332 168 ΠΛΑΤΩΝΟΣ

270 258 329 310 δὲ
348 256 550 317 ἐνδεεῖς
567 252 778 308 τέκνων
806 245 924 337 ωσι,
946 253 1038 307 καὶ
1055 253 1322 307 παίδων”
1290 273 1478 308 ενεκα·
1517 258 1732 311 παίδων
1752 259 1855 311 δὲ’
1831 279 1953 311 oua——

268 334 435 406 νότης
456 332 684 406 ἀκριβὴς
711 331 892 404 α’ρρην
919 335 1011 388 καὶ
1029 334 1228 404 θήλεια
1254 336 1393 389 ἔστω
1422 339 1502 407 τῷ
1530 336 1702 410 νόμῳ.
1740 335 1875 395 ὅταν
1895 341 1954 393 δὲ

268 413 605 488 ὁμολογῆται
622 416 726 487 μὲν
742 414 803 472 τὸ
825 414 1134 486 γενόμενον
1169 413 1309 470 εἶναι
1337 421 1453 471 τῶν
1480 421 1831 489 ποιουμένων
1864 417 1954 474 ἔκ-

266 519 458 570 γονον,
474 501 660 569 δέηται
680 498 738 554 δὲ
750 501 998 569 κρίσεως,
1013 503 1120 553 τίνι
1137 497 1199 552 τό
1212 497 1490 569 γεννηθεν
1510 500 1763 556 ἕπεσθαι
1756 500 1953 572 χρεών,

267 578 439 651 δούλη
457 579 559 651 μὲν
578 578 677 636 ἐὰν
695 584 932 651 συμμίξῃ
952 574 1188 652 δούλῳ’
1161 602 1196 650 η
1217 577 1542 654 ἐλευθέρω’
1513 579 1552 652 η“
1576 579 1955 656 ἀπελευθέρῳ,

266 660 489 726 πάντως
516 666 619 716 τοῦ
650 660 925 716 δεσπότου
960 665 1097 717 ἔστω
1126 666 1223 731 τῆς
1251 659 1456 732 δούλης
1481 660 1543 717 τὸ
1574 663 1955 734 γεννώμενον·

266 740 365 797 ἐὰν
396 745 457 796 δέ
486 762 567 806 τις
604 745 871 812 ἐλευθέρα
908 741 1092 815 δούλῳ
1133 747 1508 813 συγγίγνηται,
1545 749 1649 798 τοῦ
1685 745 1957 800 δεσπότου

267 827 405 877 ἔστω
424 820 486 876 τὸ
506 821 845 892 γιγνόμενον
861 827 962 876 τοῦ
984 821 1217 876 δούλου·
1256 821 1356 877 ἐὰν
1383 822 1436 878 δ’
1467 826 1520 890 ἐξ
1550 822 1726 881 αὑτοῦ
1754 825 1957 895 δούλης

266 900 304 973 ἢ
329 906 389 958 ἐκ
415 901 626 958 δούλου
660 902 873 973 ἑαυτῆς,
902 905 995 958 καὶ
1029 903 1330 973 περιφανὲς
1357 903 1523 957 τοῦτ’
1544 898 1596 975 ᾖ,
1633 905 1694 960 τὸ
1727 906 1827 975 μὲν
1862 913 1958 978 τῆς

208 982 531 1055 Ειγυναικός
549 987 610 1040 αἱ
622 995 883 1055 γυναῖκες
914 988 991 1048 εἰς
1018 981 1193 1054 ἄλλην
1219 982 1407 1055 χώραν
1427 984 1820 1056 ἐκπεμπόντων
1849 987 1957 1043 σὺν

266 1087 343 1121 τω
367 1071 548 1137 πατρί,
568 1065 630 1122 τὸ
653 1067 712 1122 δὲ
730 1071 833 1122 τοῦ
861 1063 1067 1135 ἀνδρὸς
1097 1067 1154 1120 οἶ
1178 1065 1568 1137 νομοφύλακες
1595 1067 1704 1123 σὺν
1731 1073 1798 1140 τῇ
1826 1089 1955 1138 γεν-

269 1148 499 1219 νησάσῃ.

410 1233 496 1284 ΧΙ.
532 1233 759 1286 Γονέων
795 1229 855 1286 δε
891 1227 1112 1301 αμελεῖν
1149 1228 1279 1284 ούτε
1318 1228 1454 1296 θεὸς
1490 1229 1619 1287 ούτε
1654 1202 1956 1302 ἅνθρωπος

267 1314 412 1365 νοῦν
429 1314 570 1381 ἔχων
588 1309 899 1382 ξύμβουλός
925 1329 1058 1366 ποτε
1076 1308 1270 1381 γένοιτ’
1293 1306 1364 1366 ἂν
1384 1309 1566 1377 οὐδεὶς
1580 1310 1795 1369 οὐδενί·
1818 1333 1955 1383 φρο-

268 1397 434 1461 νῆσαι
453 1392 512 1447 δὲ
530 1388 632 1462 χρὴ
653 1393 779 1459 περὶ
807 1396 962 1446 θεων
988 1396 1289 1462 θεραπείας
1311 1391 1529 1446 τοιόνδε
1560 1398 1853 1462 προοίμιον
1883 1387 1954 1446 ἂν

268 1471 595 1542 γενόμενον,
613 1475 688 1535 εἰς
707 1469 805 1536 τὰς
824 1493 938 1526 των
956 1471 1350 1542 γεννησαντων
1370 1494 1528 1542 τιμας
1556 1494 1612 1527 τε
1632 1474 1720 1528 καὶ
1741 1471 1955 1544 ατιμίας

269 1549 460 1620 ὀρθως
479 1553 945 1622 συντεταγμένον·
979 1553 1142 1622 νόμοι
1161 1554 1286 1621 περὶ
1305 1551 1478 1618 θεους
1506 1551 1719 1623 αρχαῑοι
1748 1564 1957 1609 κεῖνται

268 1631 420 1702 παρὰ
439 1638 574 1688 πᾶσι
594 1637 733 1705 διχῇ.
772 1654 905 1699 τους
922 1634 1026 1704 μὲν
1042 1632 1150 1704 γὰρ
1171 1654 1285 1689 των
1314 1639 1469 1689 θεων
1499 1631 1738 1703 ὁρωντες
1765 1631 1956 1705 σαφως

153 1732 239 1779 931
269 1735 531 1786 τιμωμεν,
553 1736 668 1770 των
687 1712 736 1769 δ’
761 1713 983 1779 εἰκόνας
1003 1713 1289 1786 αγαλματα
1309 1710 1683 1786 ιδρυσάμενοι,
1708 1738 1805 1781 ους
1822 1713 1955 1787 ἡμῖν

202 2383 236 2423 Β

268 1795 573 1864 αγάλλουσι
582 1799 779 1866 καίπερ
802 1792 1050 1866 ἀψύχους
1070 1795 1235 1861 ὄντας
1254 1798 1500 1861 ἐκείνους
1517 1794 1806 1868 ἡγούμεθα
1824 1817 1955 1863 τους

266 1875 546 1947 ἐμψύχους
563 1875 737 1942 θεοὺς
755 1878 967 1947 πολλὴν
988 1876 1076 1932 διὰ
1095 1875 1241 1932 ταῦτ’
1265 1876 1493 1933 εὔνοιαν
1511 1879 1602 1933 καὶ
1619 1877 1782 1949 χάριν
1794 1882 1953 1949 ἔχειν.

267 1955 447 2028 πατὴρ
467 1951 573 2013 οὖν
592 1957 701 2031 ὅτῳ
720 1960 813 2014 καὶ
829 1958 1007 2030 μήτηρ
1031 1954 1068 2029 ἦ
1086 1958 1303 2014 τούτων
1321 1962 1549 2032 πατέρες
1577 1955 1613 2031 ἢ
1641 1962 1868 2032 μητέρες
1894 1962 1955 2014 ἐν

269 2043 415 2111 οἰκίᾳ
433 2050 641 2095 κεῖνται
651 2039 926 2112 ’κειμήλιοι
945 2038 1300 2112 ἀπειρηκότες
1316 2041 1479 2114 γήρᾳ,
1510 2043 1698 2117 μηδεὶς
1725 2044 1954 2111 διανοη-

266 2120 425 2189 θήτω
446 2122 576 2177 ποτὲ
595 2119 815 2193 ἄγαλμα
833 2119 1004 2196 αὐτῷ,
1023 2129 1280 2178 τοιοῦτον
1296 2125 1550 2194 ἐφέστιον
1569 2125 1775 2194 ἵδρυμα
1791 2125 1851 2178 ἐν
1870 2125 1954 2178 οἰ-

267 2208 360 2272 κία
380 2205 535 2271 ἔχων,
560 2208 774 2274 μᾶλλον
799 2205 1001 2273 κύριον
1031 2209 1275 2275 ἔσεσθαι,
1298 2204 1397 2260 ἐὰν
1415 2204 1481 2276 δή
1503 2205 1641 2261 κατὰ
1660 2204 1872 2275 τρόπον
1890 2222 1953 2273 γε

268 2279 456 2354 ὀρθῶς
475 2281 610 2338 αὐτὸ
631 2284 965 2357 θεραπεύῃ“
939 2308 968 2340 ο
990 2289 1336 2357 κεκτημένος.

411 2369 529 2422 ΚΛ.
570 2369 706 2419 Τίνα
722 2365 788 2435 δὴ
807 2365 909 2445 τὴν
931 2364 1210 2436 ὀρθότητα
1231 2365 1368 2421 εἶναι
1388 2367 1633 2435 φραζειςς

412 2451 530 2500 ΑΘ.
565 2443 699 2516 Ἐγω
719 2448 855 2517 ἐρω·
887 2444 1101 2514 καὶγὰρ
1123 2449 1228 2501 οὐν
1258 2446 1450 2518 ἄξιον,
1463 2468 1505 2501 ω
1532 2451 1700 2516 φίλοι,
1724 2439 1968 2502 ἀκούειν’

271 2526 340 2581 τα’
356 2547 418 2596 γε
439 2524 506 2597 δὴ
529 2533 772 2583 τοιαῦτα.

364 2680 370 2684 ¹
413 2613 532 2663 KA.
566 2610 707 2678 Λέγε
725 2608 917 2679 μόνον.

402 2692 528 2745 ΑΘ.
568 2694 849 2763 Οἰδίπους,
871 2695 1070 2763 φαμέν,
1100 2691 1418 2763 ἀτιμασθεὶς
1438 2691 1698 2759 ἐπεύξατο
1718 2701 1829 2757 τοῖς
1849 2691 1951 2747 αὑ-

271 2776 371 2826 τοῦ
390 2773 621 2842 τέκνοις,
637 2769 672 2828 ὁὶ
690 2771 755 2844 δὴ
779 2775 869 2829 καὶ
889 2780 995 2839 πᾶς
1013 2770 1178 2844 ὑμνεῖ
1191 2777 1345 2830 τέλεα
1365 2775 1452 2830 καὶ
1467 2773 1673 2845 ἐπήκοα
1690 2777 1948 2844 γενέσθαι
