1976 3172
217 121 321 173 322
831 85 1312 175 ΠΛΑΤΩΝΟΣ

220 256 492 323 δαμῇ-ἔχει
511 251 643 308 οὐδὲ
663 249 823 307 ὅσιον
843 256 1027 323 ἔμοιγε
1048 250 1190 307 εἶναι
1209 255 1463 321 φαίνεται
1482 253 1542 309 τὸ
1568 253 1643 326 μὴ
1667 253 1737 310 ού
1761 259 1899 327 βοη-
1956 324 1959 325 ⁷

218 340 346 390 θεῖν
370 336 587 399 τούτοις
613 344 726 399 τοῖς
744 333 928 404 λόγοις
947 333 1130 388 πάντα
1149 332 1327 404 ἄνδρα
1346 333 1485 389 κατὰ
1502 335 1757 407 δύναμιν.

354 422 486 472 ΜΕ.
508 415 755 486 ’Ἀριστα,
777 411 822 471 ὦ
842 418 978 487 ξένε,
1000 419 1154 471 δοκεῖ
1171 437 1264 486 μοι
1289 418 1469 484 λέγειν
1484 422 1758 483 Κλεινίας.

155 508 198 547 B,
355 505 472 554 ΑΘ.
508 499 620 553 Καὶ
637 496 784 568 μάλα
802 518 882 568 γε,
905 490 950 552 ὦ
976 500 1241 568 Μέγιλλε,
1262 498 1521 568 ποιητέον
1549 519 1608 554 τε
1637 496 1712 564 ὡς
1742 503 1902 570 λέγει.
1963 539 1969 548 ⁴,

215 581 307 635 καὶ
338 580 446 650 γὰρ
477 583 526 633 εἰ
559 577 633 649 μὴ
669 581 1109 650 κατεσπαρμένοι
1135 572 1282 649 ἦσαν
1310 582 1369 634 οἱ
1390 586 1632 636 τοιοῦτοι
1664 580 1823 651 λόγοι
1841 583 1904 636 ἐν
1966 575 1967 578 “

154 712 160 719 .
217 671 330 725 τοῖς
349 666 520 716 πᾶσιν
537 657 612 725 ὥς
630 663 758 725 ἔπος
778 665 951 716 εἰπεῖν
982 658 1323 730 ἀνθρώποις,
1354 658 1523 717 οὐδὲν
1554 657 1628 716 ἂν
1659 665 1769 717 ἔδει
1791 666 1906 717 τῶν

218 741 657 812 ἐπαμυνούντων
676 741 860 811 λόγων
890 738 963 805 ὥς
991 743 1094 797 εἰσὶ
1120 747 1271 796 θεοί·
1302 745 1412 797 νῦν
1442 743 1502 797 δὲ
1530 739 1762 812 ἀνάγκη.
1805 741 1905 796 νό-

220 843 343 891 μοις
374 814 481 876 οὗν
511 824 997 891 διαφθειρομένοις
1026 832 1138 884 τοῖς
1166 827 1442 890 μεγίστοις
1459 819 1568 878 ὑπὸ
1590 829 1783 878 κακῶν
1802 821 1907 877 ἆν-
1971 854 1976 867 =

219 901 470 973 θρώπων
487 906 611 957 τίνα
631 903 722 957 καὶ
740 906 954 972 μᾶλλον
974 899 1239 971 προσήκει
1256 909 1489 972 βοηθεῖν
1506 902 1543 974 ἢ
1561 907 1904 974 νομοθέτην;

360 989 481 1040 ΚΛ.
524 982 645 1039 Οὐκ
665 987 829 1039 ἔστιν.

359 1072 418 1121 V.
457 1073 575 1123 ΑΘ.
609 1063 768 1121 Ἀλλόι
793 1062 861 1136 δὴ
894 1068 1017 1135 λέγε
1054 1087 1147 1135 μοι
1184 1064 1372 1134 πάλιν,
1402 1070 1647 1135 Κλεινία,
1677 1067 1769 1120 καὶ
1805 1065 1905 1119 σύ·

160 1156 190 1196 C
217 1147 498 1205 κοινωνὸν
524 1146 633 1218 γὰρ
666 1152 752 1203 δεῖ
777 1164 838 1202 σε
870 1146 1012 1203 εἶναι
1037 1154 1151 1202 τῶν
1167 1146 1376 1218 λόγων·
1407 1145 1725 1209 κινδυνεύει
1749 1145 1855 1216 γὰρ
1879 1143 1908 1202 ὁ
1971 1186 1976 1203 .

220 1233 400 1301 λέγων
418 1235 591 1284 ταῦτα
609 1234 725 1300 πῦρ
743 1231 834 1285 καὶ
854 1227 1008 1296 ὕδωρ
1028 1231 1119 1283 καὶ
1145 1235 1252 1300 γῆν
1272 1231 1362 1283 καὶ
1391 1225 1526 1299 ἀέρα
1551 1234 1741 1297 πρῶτα
1757 1226 1911 1298 ἡγεῖ-

223 1319 360 1367 σθαι
388 1314 503 1366 τῶν
521 1310 751 1365 πάντων
780 1308 937 1380 εἶναι,
968 1311 1061 1364 καὶ
1095 1308 1199 1380 τὴν
1218 1310 1396 1380 φύσιν
1421 1307 1712 1380 ὀνομάζειν
1738 1315 1910 1364 ταῦτα

223 1391 381 1462 αὐτά,
412 1390 596 1462 ψυχὴν
625 1393 684 1446 δὲ
724 1393 784 1446 ἐκ
811 1391 1026 1446 τούτων
1056 1389 1309 1460 ὕστερον.
1347 1394 1491 1445 ἔοικε
1523 1391 1584 1445 δὲ
1617 1388 1684 1444 οὐ
1712 1393 1910 1445 κινδυ-

223 1474 412 1529 νεύειν
431 1470 571 1528 άλλόι
592 1471 766 1536 ὅντως
786 1476 1073 1542 σημαίνειν
1091 1478 1264 1527 ταῦτα
1282 1468 1415 1542 ἡμῖν
1433 1475 1510 1544 τῷ
1531 1470 1694 1543 λόγῳ.

363 1560 484 1610 ΚΛ.
521 1553 688 1608 Πάνυ
712 1552 813 1624 μὲν
840 1546 961 1608 οὖν.
1761 1602 1766 1609 ,

363 1641 483 1690 ΑΘ.
513 1628 634 1705 Ἆρ’
666 1628 774 1688 οὖν
802 1633 942 1705 πρὸς
965 1633 1105 1698 Διὸς
1137 1630 1258 1690 οἷον
1293 1633 1480 1706 πηγήν
1509 1655 1632 1690 τινα
1669 1631 1912 1706 ἀνοήτου

225 1718 386 1790 δόξης
406 1716 795 1789 άνευρήκαμεν
825 1716 1167 1788 ἀνθρώπων,
1189 1715 1388 1774 ὁπόσοι
1411 1718 1632 1774 πώποτε
1657 1724 1768 1774 τῶν
1787 1721 1913 1787 περὶ

225 1799 446 1870 φύσεως
470 1798 754 1870 ἐφήψαντο
776 1799 1122 1870 ζητημάτων;
1161 1800 1355 1856 σκόπει
1385 1800 1564 1857 πάντα
1596 1799 1767 1869 λόγον
1796 1802 1912 1864 ἐξε-

162 1885 196 1925 D
227 1881 429 1947 τάζων·
449 1877 516 1936 οὐ
535 1879 642 1952 γὰρ
670 1880 736 1952 δὴ
768 1880 1004 1952 σμικρόν
1031 1902 1096 1952 γε
1123 1882 1186 1936 τὸ
1217 1884 1503 1953 διαφέρον,
1525 1887 1576 1937 εἰ
1599 1893 1829 1952 φανεῖεν
1860 1884 1916 1935 οἰ

226 1964 411 2033 λόγων
450 1959 752 2034 ἁπτόμενοι
787 1961 1008 2034 ἆσεβῶν
1037 1962 1225 2028 ἄλλοις
1248 1986 1306 2020 τε
1334 1963 1652 2035 ἐξάρχοντες
1682 1962 1817 2035 μηδὲ
1847 1956 1914 2018 εὖ

227 2056 339 2109 τοῖς
357 2043 544 2113 λόγοις
564 2040 688 2100 ἀλλ’
726 2047 1177 2116 ἐξημαρτημένως
1203 2045 1494 2117 χρεόμενοι.
1540 2047 1696 2100 δοκεῖ
1719 2048 1913 2100 τοίνυν

229 2146 322 2194 μοι
340 2130 514 2180 ταῦτα
534 2123 714 2190 οὕτως
733 2130 894 2197 ἔχειν.

369 2211 487 2261 ΚΛ.
525 2200 613 2262 Εὖ
630 2211 825 2278 λέγεις·
848 2206 970 2265 ἀλλ’
995 2208 1124 2280 ὅπη,
1146 2214 1318 2279 πειρῶ
1336 2208 1579 2279 φράζειν.

367 2293 485 2341 ΑΘ.
511 2286 690 2344 Ἕοικε
709 2294 903 2346 τοίνυν
922 2291 1284 2362 ἀηθεστέρων
1311 2286 1515 2344 ἁπτέον
1544 2287 1685 2344 εἶναι
1711 2288 1912 2357 λόγων.

365 2371 486 2421 ΚΛ.
529 2366 651 2423 Οὐκ
671 2368 956 2440 ὀκνητέον,
981 2366 1026 2426 ὦ
1045 2374 1177 2436 ξένε.
1223 2369 1496 2440 μανθάνω
1515 2368 1623 2438 γὰρ
1645 2365 1719 2431 ὦς
1741 2388 1914 2437 νομο-

229 2451 422 2513 θεσίας
439 2446 593 2514 ἐκτὸς
612 2449 787 2520 οἰήσει
804 2456 1036 2521 βαίνειν,
1055 2450 1154 2504 ἐὰν
1182 2455 1297 2504 τῶν
1316 2448 1587 2503 τοιούτων
1607 2445 1913 2518 ἁπτώμεθα

171 2544 204 2584 Ε
229 2530 430 2601 λόγων.
482 2535 532 2586 εἰ
553 2532 612 2587 δὲ
641 2535 754 2587 ἔστι
778 2533 1051 2604 μηδαμῇ
1024 2534 1227 2629 ετέρως
1254 2535 1622 2601 συμφωνῆσαι
1657 2539 1770 2592 τοῖς
1805 2534 1914 2583 νῦν

231 2610 370 2667 κατὰ
388 2612 568 2682 νόμον
586 2613 902 2683 λεγομένοις
918 2621 1072 2676 θεοῖς
1097 2609 1168 2676 ὡς
1198 2609 1385 2680 ὀρθως
1415 2615 1634 2680 ἔχουσιν
1661 2605 1697 2679 ἦ
1721 2609 1911 2680 ταύτῃ,

232 2695 471 2762 λεκτέον,
495 2695 537 2748 ὠ
557 2692 854 2764 θαυμάσιε,
873 2695 964 2749 καὶ
982 2693 1166 2764 ταύτῃ.

373 2781 491 2831 ΑΘ.
530 2773 755 2846 Λέγοιμ’
781 2775 869 2846 άν,
893 2798 965 2841 ως
984 2781 1179 2843 ἔοικεν,
1200 2774 1304 2845 ἤδη
1326 2757 1520 2844 σχεδὸν
1541 2771 1645 2828 οὐκ
1676 2769 1914 2827 εἰωθότα
