<?xml version="1.0" encoding="UTF-8"?>
<!DOCTYPE html PUBLIC "-//W3C//DTD XHTML 1.0 Transitional//EN"
    "http://www.w3.org/TR/xhtml1/DTD/xhtml1-transitional.dtd">
<html xmlns="http://www.w3.org/1999/xhtml" xml:lang="en" lang="en">
 <head>
  <title>
</title>
<meta http-equiv="Content-Type" content="text/html;charset=utf-8" />
  <meta name='ocr-system' content='tesseract 3.04.00' />
  <meta name='ocr-capabilities' content='ocr_page ocr_carea ocr_par ocr_line ocrx_word'/>
</head>
<body>
  <div class='ocr_page' id='page_1' title='image "./dialogisecumdumt05platuoft_0201.png"; bbox 0 0 1976 3172; ppageno 0'>
   <div class='ocr_carea' id='block_1_1' title="bbox 734 101 1793 185">
    <p class='ocr_par' dir='ltr' id='par_1_1' title="bbox 734 101 1793 185">
     <span class='ocr_line' id='line_1_1' title="bbox 734 101 1793 185; baseline 0.006 -10"><span class='ocrx_word' id='word_1_1' title='bbox 734 101 1059 175; x_wconf 69' lang='grc' dir='ltr'><em>ΝΟΜΩΝ</em></span> <span class='ocrx_word' id='word_1_2' title='bbox 1088 147 1148 185; x_wconf 78' lang='grc' dir='ltr'><strong><em>ς.</em></strong></span> <span class='ocrx_word' id='word_1_3' title='bbox 1686 126 1793 180; x_wconf 84' lang='grc'><strong><em>169</em></strong></span> 
     </span>
    </p>
   </div>
   <div class='ocr_carea' id='block_1_2' title="bbox 16 240 1853 1550">
    <p class='ocr_par' dir='ltr' id='par_1_2' title="bbox 16 240 1853 1550">
     <span class='ocr_line' id='line_1_2' title="bbox 88 240 1791 334; baseline 0 -16"><span class='ocrx_word' id='word_1_4' title='bbox 88 264 432 334; x_wconf 50' lang='grc' dir='ltr'><strong><em>,πραττέσθω</em></strong></span> <span class='ocrx_word' id='word_1_5' title='bbox 442 265 544 317; x_wconf 85' lang='grc' dir='ltr'><strong><em>τὸν</em></strong></span> <span class='ocrx_word' id='word_1_6' title='bbox 553 258 951 331; x_wconf 74' lang='grc' dir='ltr'><strong><em>ὑποφεύγοντα</em></strong></span> <span class='ocrx_word' id='word_1_7' title='bbox 966 259 1059 314; x_wconf 81' lang='grc' dir='ltr'><strong><em>καὶ</em></strong></span> <span class='ocrx_word' id='word_1_8' title='bbox 1076 257 1151 330; x_wconf 90' lang='grc' dir='ltr'><strong><em>μὴ</em></strong></span> <span class='ocrx_word' id='word_1_9' title='bbox 1170 240 1517 331; x_wconf 79' lang='grc' dir='ltr'><strong><em>ἐθελήσαντα</em></strong></span> <span class='ocrx_word' id='word_1_10' title='bbox 1529 257 1791 332; x_wconf 73' lang='grc' dir='ltr'><strong><em>ὑποσχεῖν</em></strong></span> 
     </span>
     <span class='ocr_line' id='line_1_3' title="bbox 104 337 1790 414; baseline -0.001 -14"><span class='ocrx_word' id='word_1_11' title='bbox 104 343 305 402; x_wconf 82' lang='grc' dir='ltr'><strong><em>ἑκόντα</em></strong></span> <span class='ocrx_word' id='word_1_12' title='bbox 345 347 629 414; x_wconf 73' lang='grc' dir='ltr'><strong><em>τιμωρίαν.</em></strong></span> <span class='ocrx_word' id='word_1_13' title='bbox 677 339 1020 397; x_wconf 75' lang='grc' dir='ltr'><strong><em>διαιτάσθων</em></strong></span> <span class='ocrx_word' id='word_1_14' title='bbox 1054 337 1116 395; x_wconf 68' lang='grc' dir='ltr'><strong><em>δὲ</em></strong></span> <span class='ocrx_word' id='word_1_15' title='bbox 1151 342 1209 396; x_wconf 78' lang='lat'><strong><em>02‘</em></strong></span> <span class='ocrx_word' id='word_1_16' title='bbox 1244 361 1304 396; x_wconf 94' lang='grc' dir='ltr'><strong><em>τε</em></strong></span> <span class='ocrx_word' id='word_1_17' title='bbox 1347 340 1610 412; x_wconf 82' lang='grc' dir='ltr'><strong><em>ἄρχοντες</em></strong></span> <span class='ocrx_word' id='word_1_18' title='bbox 1644 346 1702 398; x_wconf 78' lang='grc' dir='ltr'><strong><em>οἵ</em></strong></span> <span class='ocrx_word' id='word_1_19' title='bbox 1728 363 1790 399; x_wconf 88' lang='grc' dir='ltr'><strong><em>τε</em></strong></span> 
     </span>
     <span class='ocr_line' id='line_1_4' title="bbox 102 413 1793 497; baseline -0.001 -15"><span class='ocrx_word' id='word_1_20' title='bbox 102 425 408 497; x_wconf 75' lang='grc' dir='ltr'><strong><em>ἀγρονόμοι</em></strong></span> <span class='ocrx_word' id='word_1_21' title='bbox 433 422 502 479; x_wconf 79' lang='grc' dir='ltr'><strong><em>τὰ</em></strong></span> <span class='ocrx_word' id='word_1_22' title='bbox 526 421 631 478; x_wconf 86' lang='grc' dir='ltr'><strong><em>δύο</em></strong></span> <span class='ocrx_word' id='word_1_23' title='bbox 659 425 754 493; x_wconf 72' lang='grc' dir='ltr'><strong><em>ἔτη</em></strong></span> <span class='ocrx_word' id='word_1_24' title='bbox 756 413 995 478; x_wconf 90' lang='grc' dir='ltr'><strong><em>τοιόνδε</em></strong></span> <span class='ocrx_word' id='word_1_25' title='bbox 1021 419 1146 477; x_wconf 75' lang='grc' dir='ltr'><strong><em>τινὰ</em></strong></span> <span class='ocrx_word' id='word_1_26' title='bbox 1173 421 1410 491; x_wconf 86' lang='grc' dir='ltr'><strong><em>τρόπον·</em></strong></span> <span class='ocrx_word' id='word_1_27' title='bbox 1447 440 1672 491; x_wconf 87' lang='grc' dir='ltr'><strong><em>πρωτον</em></strong></span> <span class='ocrx_word' id='word_1_28' title='bbox 1689 426 1793 494; x_wconf 73' lang='grc' dir='ltr'><strong><em>μὲν</em></strong></span> 
     </span>
     <span class='ocr_line' id='line_1_5' title="bbox 101 498 1853 577; baseline -0.002 -15"><span class='ocrx_word' id='word_1_29' title='bbox 101 506 171 577; x_wconf 79' lang='grc' dir='ltr'><strong><em>δὴ</em></strong></span> <span class='ocrx_word' id='word_1_30' title='bbox 182 504 319 562; x_wconf 84' lang='grc' dir='ltr'><strong><em>καθ’</em></strong></span> <span class='ocrx_word' id='word_1_31' title='bbox 342 502 609 568; x_wconf 80' lang='grc' dir='ltr'><strong><em>ἑκάστους</em></strong></span> <span class='ocrx_word' id='word_1_32' title='bbox 623 521 758 567; x_wconf 87' lang='grc' dir='ltr'><strong><em>τους</em></strong></span> <span class='ocrx_word' id='word_1_33' title='bbox 771 501 984 567; x_wconf 79' lang='grc' dir='ltr'><strong><em>τόπους</em></strong></span> <span class='ocrx_word' id='word_1_34' title='bbox 1002 500 1145 558; x_wconf 85' lang='grc' dir='ltr'><strong><em>εἶναι</em></strong></span> <span class='ocrx_word' id='word_1_35' title='bbox 1162 506 1428 572; x_wconf 76' lang='grc' dir='ltr'><strong><em>ξυσσίτια,</em></strong></span> <span class='ocrx_word' id='word_1_36' title='bbox 1446 505 1511 558; x_wconf 81' lang='grc' dir='ltr'><strong><em>έν</em></strong></span> <span class='ocrx_word' id='word_1_37' title='bbox 1529 498 1611 568; x_wconf 81' lang='grc' dir='ltr'><strong><em>οἷς</em></strong></span> <span class='ocrx_word' id='word_1_38' title='bbox 1627 510 1788 576; x_wconf 82' lang='grc' dir='ltr'><strong><em>κοινῇ</em></strong></span> <span class='ocrx_word' id='word_1_39' title='bbox 1819 522 1853 566; x_wconf 82' lang='lat' dir='ltr'>o</span> 
     </span>
     <span class='ocr_line' id='line_1_6' title="bbox 101 577 1790 658; baseline -0.001 -16"><span class='ocrx_word' id='word_1_40' title='bbox 101 586 205 658; x_wconf 81' lang='grc' dir='ltr'><strong><em>τὴν</em></strong></span> <span class='ocrx_word' id='word_1_41' title='bbox 233 589 449 642; x_wconf 85' lang='grc' dir='ltr'><strong><em>δίαιταν</em></strong></span> <span class='ocrx_word' id='word_1_42' title='bbox 474 586 733 655; x_wconf 79' lang='grc' dir='ltr'><strong><em>ποιητέον</em></strong></span> <span class='ocrx_word' id='word_1_43' title='bbox 765 581 1001 640; x_wconf 77' lang='grc' dir='ltr'><strong><em>ἅπασιν·</em></strong></span> <span class='ocrx_word' id='word_1_44' title='bbox 1038 581 1069 640; x_wconf 87' lang='grc' dir='ltr'>ὁ</span> <span class='ocrx_word' id='word_1_45' title='bbox 1108 585 1170 640; x_wconf 77' lang='grc' dir='ltr'><strong><em>δὲ</em></strong></span> <span class='ocrx_word' id='word_1_46' title='bbox 1205 581 1654 656; x_wconf 85' lang='grc' dir='ltr'><strong><em>ἀποσυσσιτήσας</em></strong></span> <span class='ocrx_word' id='word_1_47' title='bbox 1681 577 1790 641; x_wconf 81' lang='grc' dir='ltr'><strong><em>κάν</em></strong></span> 
     </span>
     <span class='ocr_line' id='line_1_7' title="bbox 98 659 1791 739; baseline -0.001 -17"><span class='ocrx_word' id='word_1_48' title='bbox 98 666 404 739; x_wconf 80' lang='grc' dir='ltr'><strong><em>ἡντιναοῦν</em></strong></span> <span class='ocrx_word' id='word_1_49' title='bbox 423 659 701 736; x_wconf 82' lang='grc' dir='ltr'><strong><em>ἡμέρανῆ</em></strong></span> <span class='ocrx_word' id='word_1_50' title='bbox 723 662 900 720; x_wconf 81' lang='grc' dir='ltr'><strong><em>νύκτα</em></strong></span> <span class='ocrx_word' id='word_1_51' title='bbox 928 662 1331 736; x_wconf 87' lang='grc' dir='ltr'><strong><em>ἀποκοιμηθεὶς</em></strong></span> <span class='ocrx_word' id='word_1_52' title='bbox 1357 662 1430 737; x_wconf 82' lang='grc' dir='ltr'><strong><em>μὴ</em></strong></span> <span class='ocrx_word' id='word_1_53' title='bbox 1450 671 1566 720; x_wconf 82' lang='grc' dir='ltr'><strong><em>τιόν</em></strong></span> <span class='ocrx_word' id='word_1_54' title='bbox 1584 664 1791 737; x_wconf 85' lang='grc' dir='ltr'><strong><em>ἀρχόν-</em></strong></span> 
     </span>
     <span class='ocr_line' id='line_1_8' title="bbox 94 741 1791 817; baseline 0 -14"><span class='ocrx_word' id='word_1_55' title='bbox 94 768 211 803; x_wconf 85' lang='grc' dir='ltr'><strong><em>των</em></strong></span> <span class='ocrx_word' id='word_1_56' title='bbox 229 746 514 813; x_wconf 76' lang='grc' dir='ltr'><strong><em>ταξάντων</em></strong></span> <span class='ocrx_word' id='word_1_57' title='bbox 536 741 576 816; x_wconf 85' lang='grc' dir='ltr'><strong><em>ἦ</em></strong></span> <span class='ocrx_word' id='word_1_58' title='bbox 604 744 786 816; x_wconf 81' lang='grc' dir='ltr'><strong><em>πάσης</em></strong></span> <span class='ocrx_word' id='word_1_59' title='bbox 814 742 967 810; x_wconf 83' lang='grc' dir='ltr'><strong><em>τινός</em></strong></span> <span class='ocrx_word' id='word_1_60' title='bbox 994 745 1242 816; x_wconf 75' lang='grc' dir='ltr'><strong><em>ἀνάγκης</em></strong></span> <span class='ocrx_word' id='word_1_61' title='bbox 1270 744 1658 817; x_wconf 81' lang='grc' dir='ltr'><strong><em>ἐπιπεσούσης,</em></strong></span> <span class='ocrx_word' id='word_1_62' title='bbox 1692 745 1791 803; x_wconf 82' lang='grc' dir='ltr'><strong><em>έάν</em></strong></span> 
     </span>
     <span class='ocr_line' id='line_1_9' title="bbox 96 824 1790 903; baseline -0.001 -19"><span class='ocrx_word' id='word_1_63' title='bbox 96 826 468 900; x_wconf 75' lang='grc' dir='ltr'><strong><em>ἀποφήνωσιν</em></strong></span> <span class='ocrx_word' id='word_1_64' title='bbox 503 824 682 883; x_wconf 85' lang='grc' dir='ltr'><strong><em>αύτόν</em></strong></span> <span class='ocrx_word' id='word_1_65' title='bbox 718 829 776 883; x_wconf 79' lang='grc' dir='ltr'><strong><em>οἱ</em></strong></span> <span class='ocrx_word' id='word_1_66' title='bbox 818 830 981 884; x_wconf 86' lang='grc' dir='ltr'><strong><em>πέντε</em></strong></span> <span class='ocrx_word' id='word_1_67' title='bbox 1015 828 1111 883; x_wconf 87' lang='grc' dir='ltr'><strong><em>καὶ</em></strong></span> <span class='ocrx_word' id='word_1_68' title='bbox 1144 827 1465 903; x_wconf 27' lang='grc' dir='ltr'><strong><em>γράψαντες,</em></strong></span> <span class='ocrx_word' id='word_1_69' title='bbox 1505 832 1691 884; x_wconf 78' lang='grc' dir='ltr'><strong><em>θῶσιν</em></strong></span> <span class='ocrx_word' id='word_1_70' title='bbox 1727 830 1790 884; x_wconf 77' lang='grc' dir='ltr'><strong><em>ἐν</em></strong></span> 
     </span>
     <span class='ocr_line' id='line_1_10' title="bbox 93 907 1790 984; baseline -0.001 -17"><span class='ocrx_word' id='word_1_71' title='bbox 93 908 272 984; x_wconf 80' lang='grc' dir='ltr'><strong><em>ἀγορᾷ</em></strong></span> <span class='ocrx_word' id='word_1_72' title='bbox 309 909 719 967; x_wconf 76' lang='grc' dir='ltr'><strong><em>καταλελυκότα</em></strong></span> <span class='ocrx_word' id='word_1_73' title='bbox 754 908 858 979; x_wconf 81' lang='grc' dir='ltr'><strong><em>τὴν</em></strong></span> <span class='ocrx_word' id='word_1_74' title='bbox 889 907 1169 980; x_wconf 80' lang='grc' dir='ltr'><strong><em>φρουράν,</em></strong></span> <span class='ocrx_word' id='word_1_75' title='bbox 1199 907 1387 980; x_wconf 82' lang='grc' dir='ltr'><strong><em>ὀνείδη</em></strong></span> <span class='ocrx_word' id='word_1_76' title='bbox 1414 929 1476 965; x_wconf 91' lang='grc' dir='ltr'><strong><em>τε</em></strong></span> <span class='ocrx_word' id='word_1_77' title='bbox 1505 911 1668 980; x_wconf 80' lang='grc' dir='ltr'><strong><em>ἐχέτω</em></strong></span> <span class='ocrx_word' id='word_1_78' title='bbox 1686 907 1790 980; x_wconf 81' lang='grc' dir='ltr'><strong><em>τὴν</em></strong></span> 
     </span>
     <span class='ocr_line' id='line_1_11' title="bbox 95 988 1790 1062; baseline -0.002 -14"><span class='ocrx_word' id='word_1_79' title='bbox 95 996 378 1049; x_wconf 74' lang='grc' dir='ltr'><strong><em>πολιτείαν</em></strong></span> <span class='ocrx_word' id='word_1_80' title='bbox 398 989 473 1056; x_wconf 77' lang='grc' dir='ltr'><strong><em>(ὃς</em></strong></span> <span class='ocrx_word' id='word_1_81' title='bbox 502 988 807 1062; x_wconf 78' lang='grc' dir='ltr'><strong><em>προδιδοὺς</em></strong></span> <span class='ocrx_word' id='word_1_82' title='bbox 836 989 898 1047; x_wconf 81' lang='grc' dir='ltr'><strong><em>τὸ</em></strong></span> <span class='ocrx_word' id='word_1_83' title='bbox 934 993 1135 1047; x_wconf 81' lang='grc' dir='ltr'><strong><em>ἑαυτοῦ</em></strong></span> <span class='ocrx_word' id='word_1_84' title='bbox 1166 993 1350 1062; x_wconf 83' lang='grc' dir='ltr'><strong><em>μέρος,</em></strong></span> <span class='ocrx_word' id='word_1_85' title='bbox 1378 993 1701 1058; x_wconf 77' lang='grc' dir='ltr'><strong><em>κολαζέσθω</em></strong></span> <span class='ocrx_word' id='word_1_86' title='bbox 1729 1010 1790 1046; x_wconf 90' lang='grc' dir='ltr'><strong><em>τε</em></strong></span> 
     </span>
     <span class='ocr_line' id='line_1_12' title="bbox 94 1069 1852 1143; baseline 0.001 -14"><span class='ocrx_word' id='word_1_87' title='bbox 94 1079 329 1143; x_wconf 72' lang='grc' dir='ltr'><strong><em>πληγαῖς</em></strong></span> <span class='ocrx_word' id='word_1_88' title='bbox 344 1069 456 1128; x_wconf 77' lang='grc' dir='ltr'><strong><em>ὑπὸ</em></strong></span> <span class='ocrx_word' id='word_1_89' title='bbox 473 1079 577 1128; x_wconf 84' lang='grc' dir='ltr'><strong><em>τοῦ</em></strong></span> <span class='ocrx_word' id='word_1_90' title='bbox 594 1070 1076 1143; x_wconf 79' lang='grc' dir='ltr'><strong><em>συντυγχάνοντος</em></strong></span> <span class='ocrx_word' id='word_1_91' title='bbox 1093 1073 1185 1127; x_wconf 80' lang='grc' dir='ltr'><strong><em>καὶ</em></strong></span> <span class='ocrx_word' id='word_1_92' title='bbox 1212 1073 1507 1138; x_wconf 80' lang='grc' dir='ltr'><strong><em>ἐθέλοντος</em></strong></span> <span class='ocrx_word' id='word_1_93' title='bbox 1535 1071 1787 1139; x_wconf 79' lang='grc' dir='ltr'><strong><em>κολάζειν</em></strong></span> <span class='ocrx_word' id='word_1_94' title='bbox 1815 1089 1852 1130; x_wconf 91' lang='lat' dir='ltr'>D</span> 
     </span>
     <span class='ocr_line' id='line_1_13' title="bbox 95 1151 1790 1228; baseline 0.001 -19"><span class='ocrx_word' id='word_1_95' title='bbox 95 1152 467 1226; x_wconf 84' lang='grc' dir='ltr'><strong><em>ἀτιμωρήτως.</em></strong></span> <span class='ocrx_word' id='word_1_96' title='bbox 508 1159 624 1210; x_wconf 73' lang='grc' dir='ltr'><strong><em>τῶν</em></strong></span> <span class='ocrx_word' id='word_1_97' title='bbox 644 1154 705 1210; x_wconf 74' lang='grc' dir='ltr'><strong><em>δὲ</em></strong></span> <span class='ocrx_word' id='word_1_98' title='bbox 722 1153 1013 1225; x_wconf 78' lang='grc' dir='ltr'><strong><em>ἀρχόντων</em></strong></span> <span class='ocrx_word' id='word_1_99' title='bbox 1031 1151 1222 1210; x_wconf 75' lang='grc' dir='ltr'><strong><em>αὐτῶν</em></strong></span> <span class='ocrx_word' id='word_1_100' title='bbox 1239 1152 1340 1211; x_wconf 82' lang='grc' dir='ltr'><strong><em>ἐάν</em></strong></span> <span class='ocrx_word' id='word_1_101' title='bbox 1366 1160 1448 1220; x_wconf 87' lang='grc' dir='ltr'><strong><em>τίς</em></strong></span> <span class='ocrx_word' id='word_1_102' title='bbox 1465 1177 1517 1211; x_wconf 92' lang='grc' dir='ltr'><strong><em>τι</em></strong></span> <span class='ocrx_word' id='word_1_103' title='bbox 1545 1158 1654 1228; x_wconf 79' lang='grc' dir='ltr'><strong><em>δρᾷ</em></strong></span> <span class='ocrx_word' id='word_1_104' title='bbox 1670 1175 1790 1211; x_wconf 80' lang='grc' dir='ltr'><strong><em>τοι-</em></strong></span> 
     </span>
     <span class='ocr_line' id='line_1_14' title="bbox 96 1233 1790 1306; baseline 0 -14"><span class='ocrx_word' id='word_1_105' title='bbox 96 1243 270 1292; x_wconf 87' lang='grc' dir='ltr'><strong><em>οῦτον</em></strong></span> <span class='ocrx_word' id='word_1_106' title='bbox 290 1233 476 1306; x_wconf 84' lang='grc' dir='ltr'><strong><em>αύτός,</em></strong></span> <span class='ocrx_word' id='word_1_107' title='bbox 497 1238 876 1306; x_wconf 76' lang='grc' dir='ltr'><strong><em>ἐπιμελεῖσθαι</em></strong></span> <span class='ocrx_word' id='word_1_108' title='bbox 893 1239 998 1306; x_wconf 76' lang='grc' dir='ltr'><strong><em>μὲν</em></strong></span> <span class='ocrx_word' id='word_1_109' title='bbox 1014 1242 1118 1292; x_wconf 86' lang='grc' dir='ltr'><strong><em>τοῦ</em></strong></span> <span class='ocrx_word' id='word_1_110' title='bbox 1135 1235 1398 1292; x_wconf 90' lang='grc' dir='ltr'><strong><em>τοιούτου</em></strong></span> <span class='ocrx_word' id='word_1_111' title='bbox 1425 1235 1638 1303; x_wconf 86' lang='grc' dir='ltr'><strong><em>πάντας</em></strong></span> <span class='ocrx_word' id='word_1_112' title='bbox 1654 1233 1790 1301; x_wconf 80' lang='grc' dir='ltr'><strong><em>τούς</em></strong></span> 
     </span>
     <span class='ocr_line' id='line_1_15' title="bbox 93 1307 1787 1389; baseline 0.002 -19"><span class='ocrx_word' id='word_1_113' title='bbox 93 1316 360 1387; x_wconf 75' lang='grc' dir='ltr'><strong><em>ἐξήκοντα</em></strong></span> <span class='ocrx_word' id='word_1_114' title='bbox 384 1315 585 1385; x_wconf 76' lang='grc' dir='ltr'><strong><em>χρεών,</em></strong></span> <span class='ocrx_word' id='word_1_115' title='bbox 621 1312 652 1371; x_wconf 86' lang='grc' dir='ltr'>ὁ</span> <span class='ocrx_word' id='word_1_116' title='bbox 685 1316 747 1371; x_wconf 76' lang='grc' dir='ltr'><strong><em>δὲ</em></strong></span> <span class='ocrx_word' id='word_1_117' title='bbox 772 1316 1114 1386; x_wconf 82' lang='grc' dir='ltr'><strong><em>αἰσθόμενός</em></strong></span> <span class='ocrx_word' id='word_1_118' title='bbox 1142 1337 1201 1371; x_wconf 93' lang='grc' dir='ltr'><strong><em>τε</em></strong></span> <span class='ocrx_word' id='word_1_119' title='bbox 1229 1318 1323 1372; x_wconf 85' lang='grc' dir='ltr'><strong><em>καὶ</em></strong></span> <span class='ocrx_word' id='word_1_120' title='bbox 1359 1318 1686 1389; x_wconf 88' lang='grc' dir='ltr'><strong><em>πυθόμενος</em></strong></span> <span class='ocrx_word' id='word_1_121' title='bbox 1712 1307 1787 1388; x_wconf 80' lang='grc' dir='ltr'><strong><em>μὴ</em></strong></span> 
     </span>
     <span class='ocr_line' id='line_1_16' title="bbox 92 1394 1788 1468; baseline 0 -13"><span class='ocrx_word' id='word_1_122' title='bbox 92 1395 327 1463; x_wconf 71' lang='grc' dir='ltr'><strong><em>ἐπεξιὼν</em></strong></span> <span class='ocrx_word' id='word_1_123' title='bbox 344 1398 407 1452; x_wconf 80' lang='grc' dir='ltr'><strong><em>έν</em></strong></span> <span class='ocrx_word' id='word_1_124' title='bbox 423 1407 539 1461; x_wconf 82' lang='grc' dir='ltr'><strong><em>τοῖς</em></strong></span> <span class='ocrx_word' id='word_1_125' title='bbox 558 1394 749 1462; x_wconf 79' lang='grc' dir='ltr'><strong><em>αὐτοῖς</em></strong></span> <span class='ocrx_word' id='word_1_126' title='bbox 778 1399 1055 1468; x_wconf 82' lang='grc' dir='ltr'><strong><em>ἐνεχέσθω</em></strong></span> <span class='ocrx_word' id='word_1_127' title='bbox 1087 1399 1282 1468; x_wconf 89' lang='grc' dir='ltr'><strong><em>νόμοις</em></strong></span> <span class='ocrx_word' id='word_1_128' title='bbox 1309 1399 1404 1453; x_wconf 84' lang='grc' dir='ltr'><strong><em>καὶ</em></strong></span> <span class='ocrx_word' id='word_1_129' title='bbox 1431 1405 1648 1455; x_wconf 90' lang='grc' dir='ltr'><strong><em>πλείονι</em></strong></span> <span class='ocrx_word' id='word_1_130' title='bbox 1673 1405 1788 1454; x_wconf 68' lang='grc' dir='ltr'><strong><em>τῶν</em></strong></span> 
     </span>
     <span class='ocr_line' id='line_1_17' title="bbox 16 1475 1788 1550; baseline 0 -16"><span class='ocrx_word' id='word_1_131' title='bbox 16 1515 17 1518; x_wconf 63' lang='lat'><em>=</em></span> <span class='ocrx_word' id='word_1_132' title='bbox 94 1482 240 1534; x_wconf 80' lang='grc' dir='ltr'><strong><em>νέων</em></strong></span> <span class='ocrx_word' id='word_1_133' title='bbox 254 1478 596 1550; x_wconf 76' lang='grc' dir='ltr'><strong><em>ζημιούσθω,</em></strong></span> <span class='ocrx_word' id='word_1_134' title='bbox 616 1480 742 1549; x_wconf 82' lang='grc' dir='ltr'><strong><em>περὶ</em></strong></span> <span class='ocrx_word' id='word_1_135' title='bbox 757 1475 857 1543; x_wconf 87' lang='grc' dir='ltr'><strong><em>τάς</em></strong></span> <span class='ocrx_word' id='word_1_136' title='bbox 875 1484 990 1533; x_wconf 77' lang='grc' dir='ltr'><strong><em>τῶν</em></strong></span> <span class='ocrx_word' id='word_1_137' title='bbox 1008 1480 1155 1534; x_wconf 88' lang='grc' dir='ltr'><strong><em>νέων</em></strong></span> <span class='ocrx_word' id='word_1_138' title='bbox 1171 1476 1345 1549; x_wconf 77' lang='grc' dir='ltr'><strong><em>ἀρχὰς</em></strong></span> <span class='ocrx_word' id='word_1_139' title='bbox 1360 1478 1656 1550; x_wconf 83' lang='grc' dir='ltr'><strong><em>ἠτιμάσθω</em></strong></span> <span class='ocrx_word' id='word_1_140' title='bbox 1677 1478 1788 1534; x_wconf 84' lang='grc' dir='ltr'><strong><em>πά-</em></strong></span> 
     </span>
    </p>
   </div>
   <div class='ocr_carea' id='block_1_3' title="bbox 14 1557 1788 1632">
    <p class='ocr_par' dir='ltr' id='par_1_3' title="bbox 14 1557 1788 1632">
     <span class='ocr_line' id='line_1_18' title="bbox 14 1557 1788 1632; baseline -0.002 -15"><span class='ocrx_word' id='word_1_141' title='bbox 14 1579 17 1588; x_wconf 92' lang='grc'><em>·</em></span> <span class='ocrx_word' id='word_1_142' title='bbox 97 1578 221 1627; x_wconf 73' lang='grc' dir='ltr'><strong><em>σας“</em></strong></span> <span class='ocrx_word' id='word_1_143' title='bbox 258 1557 477 1616; x_wconf 89' lang='grc' dir='ltr'><strong><em>τούτων</em></strong></span> <span class='ocrx_word' id='word_1_144' title='bbox 493 1559 555 1616; x_wconf 73' lang='grc' dir='ltr'><strong><em>δὲ</em></strong></span> <span class='ocrx_word' id='word_1_145' title='bbox 571 1564 630 1616; x_wconf 75' lang='grc' dir='ltr'><strong><em>οἱ</em></strong></span> <span class='ocrx_word' id='word_1_146' title='bbox 642 1559 1334 1632; x_wconf 82' lang='grc' dir='ltr'><strong><em>νομοφύλακεςέπίσκοποι</em></strong></span> <span class='ocrx_word' id='word_1_147' title='bbox 1354 1557 1599 1632; x_wconf 80' lang='grc' dir='ltr'><strong><em>ἀκριβεῖς</em></strong></span> <span class='ocrx_word' id='word_1_148' title='bbox 1616 1563 1788 1615; x_wconf 81' lang='grc' dir='ltr'><strong><em>ἔστω-</em></strong></span> 
     </span>
    </p>
   </div>
   <div class='ocr_carea' id='block_1_4' title="bbox 0 0 55 2204">
    <p class='ocr_par' dir='ltr' id='par_1_4' title="bbox 0 0 55 2204">
     <span class='ocr_line' id='line_1_19' title="bbox 0 0 55 2204; baseline 0 0"><span class='ocrx_word' id='word_1_149' title='bbox 0 0 55 2204; x_wconf 95' lang='lat' dir='ltr'><strong><em> </em></strong></span> 
     </span>
    </p>
   </div>
   <div class='ocr_carea' id='block_1_5' title="bbox 91 1636 1844 2202">
    <p class='ocr_par' dir='ltr' id='par_1_5' title="bbox 91 1636 1844 2202">
     <span class='ocr_line' id='line_1_20' title="bbox 96 1636 1787 1714; baseline -0.001 -16"><span class='ocrx_word' id='word_1_150' title='bbox 96 1659 220 1710; x_wconf 86' lang='grc' dir='ltr'><strong><em>σαν,</em></strong></span> <span class='ocrx_word' id='word_1_151' title='bbox 243 1639 393 1705; x_wconf 77' lang='grc' dir='ltr'><strong><em>ὅπως</em></strong></span> <span class='ocrx_word' id='word_1_152' title='bbox 407 1636 447 1711; x_wconf 83' lang='grc' dir='ltr'><strong><em>ἦ</em></strong></span> <span class='ocrx_word' id='word_1_153' title='bbox 463 1638 538 1712; x_wconf 84' lang='grc' dir='ltr'><strong><em>μὴ</em></strong></span> <span class='ocrx_word' id='word_1_154' title='bbox 557 1645 810 1713; x_wconf 80' lang='grc' dir='ltr'><strong><em>γίγνηται</em></strong></span> <span class='ocrx_word' id='word_1_155' title='bbox 824 1639 930 1712; x_wconf 85' lang='grc' dir='ltr'><strong><em>τὴν</em></strong></span> <span class='ocrx_word' id='word_1_156' title='bbox 948 1639 1123 1713; x_wconf 77' lang='grc' dir='ltr'><strong><em>ἀρχὴν</em></strong></span> <span class='ocrx_word' id='word_1_157' title='bbox 1138 1637 1176 1712; x_wconf 77' lang='grc' dir='ltr'><em>ἢ</em></span> <span class='ocrx_word' id='word_1_158' title='bbox 1193 1642 1499 1713; x_wconf 80' lang='grc' dir='ltr'><strong><em>γιγνόμενα</em></strong></span> <span class='ocrx_word' id='word_1_159' title='bbox 1517 1648 1616 1714; x_wconf 85' lang='grc' dir='ltr'><strong><em>τῆς</em></strong></span> <span class='ocrx_word' id='word_1_160' title='bbox 1634 1640 1787 1707; x_wconf 81' lang='grc' dir='ltr'><strong><em>ἀξίας</em></strong></span> 
     </span>
     <span class='ocr_line' id='line_1_21' title="bbox 94 1719 1844 1796; baseline -0.001 -18"><span class='ocrx_word' id='word_1_161' title='bbox 94 1726 250 1794; x_wconf 88' lang='grc' dir='ltr'><strong><em>δίκης</em></strong></span> <span class='ocrx_word' id='word_1_162' title='bbox 266 1721 529 1795; x_wconf 80' lang='grc' dir='ltr'><strong><em>τυγχάνῃ.</em></strong></span> <span class='ocrx_word' id='word_1_163' title='bbox 549 1726 638 1779; x_wconf 81' lang='grc' dir='ltr'><strong><em>δεῖ</em></strong></span> <span class='ocrx_word' id='word_1_164' title='bbox 650 1722 718 1794; x_wconf 77' lang='grc' dir='ltr'><strong><em>δὴ</em></strong></span> <span class='ocrx_word' id='word_1_165' title='bbox 732 1719 888 1779; x_wconf 84' lang='grc' dir='ltr'><strong><em>πάντ’</em></strong></span> <span class='ocrx_word' id='word_1_166' title='bbox 910 1720 1089 1794; x_wconf 84' lang='grc' dir='ltr'><strong><em>ἄνδρα</em></strong></span> <span class='ocrx_word' id='word_1_167' title='bbox 1103 1726 1452 1780; x_wconf 82' lang='grc' dir='ltr'><strong><em>διανοεῖσθαι</em></strong></span> <span class='ocrx_word' id='word_1_168' title='bbox 1462 1724 1588 1796; x_wconf 83' lang='grc' dir='ltr'><strong><em>περὶ</em></strong></span> <span class='ocrx_word' id='word_1_169' title='bbox 1605 1719 1779 1778; x_wconf 77' lang='grc' dir='ltr'><strong><em>ἀπάν·</em></strong></span> <span class='ocrx_word' id='word_1_170' title='bbox 1809 1735 1844 1776; x_wconf 88' lang='grc' dir='ltr'>Ε</span> 
     </span>
     <span class='ocr_line' id='line_1_22' title="bbox 92 1801 1787 1876; baseline 0 -17"><span class='ocrx_word' id='word_1_171' title='bbox 92 1824 208 1858; x_wconf 89' lang='grc' dir='ltr'><strong><em>των</em></strong></span> <span class='ocrx_word' id='word_1_172' title='bbox 227 1801 570 1875; x_wconf 76' lang='grc' dir='ltr'><strong><em>ἀνθρώπων,</em></strong></span> <span class='ocrx_word' id='word_1_173' title='bbox 595 1801 668 1870; x_wconf 78' lang='grc' dir='ltr'><strong><em>ὥς</em></strong></span> <span class='ocrx_word' id='word_1_174' title='bbox 686 1802 717 1860; x_wconf 85' lang='grc' dir='ltr'>ὁ</span> <span class='ocrx_word' id='word_1_175' title='bbox 737 1804 812 1876; x_wconf 77' lang='grc' dir='ltr'><strong><em>μή</em></strong></span> <span class='ocrx_word' id='word_1_176' title='bbox 834 1803 1142 1868; x_wconf 83' lang='grc' dir='ltr'><strong><em>δουλεύσας</em></strong></span> <span class='ocrx_word' id='word_1_177' title='bbox 1162 1801 1285 1860; x_wconf 80' lang='grc' dir='ltr'><strong><em>οὐδ’</em></strong></span> <span class='ocrx_word' id='word_1_178' title='bbox 1310 1804 1382 1860; x_wconf 73' lang='grc' dir='ltr'><strong><em>ἂν</em></strong></span> <span class='ocrx_word' id='word_1_179' title='bbox 1405 1805 1675 1876; x_wconf 79' lang='grc' dir='ltr'><strong><em>δεσπότης</em></strong></span> <span class='ocrx_word' id='word_1_180' title='bbox 1691 1807 1787 1874; x_wconf 91' lang='grc' dir='ltr'><strong><em>γέ-</em></strong></span> 
     </span>
     <span class='ocr_line' id='line_1_23' title="bbox 91 1884 1787 1961; baseline 0.001 -20"><span class='ocrx_word' id='word_1_181' title='bbox 91 1906 246 1944; x_wconf 85' lang='grc' dir='ltr'><strong><em>νοιτο</em></strong></span> <span class='ocrx_word' id='word_1_182' title='bbox 278 1884 432 1952; x_wconf 75' lang='grc' dir='ltr'><strong><em>ἄξιος</em></strong></span> <span class='ocrx_word' id='word_1_183' title='bbox 467 1888 720 1959; x_wconf 76' lang='grc' dir='ltr'><strong><em>ἐπαίνου,</em></strong></span> <span class='ocrx_word' id='word_1_184' title='bbox 751 1890 848 1944; x_wconf 72' lang='grc' dir='ltr'><strong><em>’καὶ</em></strong></span> <span class='ocrx_word' id='word_1_185' title='bbox 885 1892 1331 1955; x_wconf 77' lang='grc' dir='ltr'><strong><em>καλλωπίζεσθαι</em></strong></span> <span class='ocrx_word' id='word_1_186' title='bbox 1365 1886 1469 1959; x_wconf 80' lang='grc' dir='ltr'><strong><em>χρὴ</em></strong></span> <span class='ocrx_word' id='word_1_187' title='bbox 1502 1894 1582 1961; x_wconf 75' lang='grc' dir='ltr'><strong><em>τῷ</em></strong></span> <span class='ocrx_word' id='word_1_188' title='bbox 1604 1894 1787 1952; x_wconf 72' lang='grc' dir='ltr'><strong><em>καλῶς</em></strong></span> 
     </span>
     <span class='ocr_line' id='line_1_24' title="bbox 95 1965 1787 2043; baseline 0.002 -21"><span class='ocrx_word' id='word_1_189' title='bbox 95 1969 396 2023; x_wconf 79' lang='grc' dir='ltr'><strong><em>δουλεῦσαι</em></strong></span> <span class='ocrx_word' id='word_1_190' title='bbox 411 1973 628 2039; x_wconf 80' lang='grc' dir='ltr'><strong><em>μᾶλλον</em></strong></span> <span class='ocrx_word' id='word_1_191' title='bbox 646 1965 685 2040; x_wconf 82' lang='grc' dir='ltr'><strong><em>ἦ</em></strong></span> <span class='ocrx_word' id='word_1_192' title='bbox 701 1975 781 2043; x_wconf 76' lang='grc' dir='ltr'><strong><em>τῷ</em></strong></span> <span class='ocrx_word' id='word_1_193' title='bbox 798 1974 981 2034; x_wconf 72' lang='grc' dir='ltr'><strong><em>καλῶς</em></strong></span> <span class='ocrx_word' id='word_1_194' title='bbox 998 1968 1178 2041; x_wconf 76' lang='grc' dir='ltr'><strong><em>ἄρξαι,</em></strong></span> <span class='ocrx_word' id='word_1_195' title='bbox 1196 1975 1420 2037; x_wconf 78' lang='grc' dir='ltr'><strong><em>πρῶτον</em></strong></span> <span class='ocrx_word' id='word_1_196' title='bbox 1432 1970 1535 2040; x_wconf 67' lang='grc' dir='ltr'><strong><em>μὲν</em></strong></span> <span class='ocrx_word' id='word_1_197' title='bbox 1554 1979 1667 2034; x_wconf 82' lang='grc' dir='ltr'><strong><em>τοῖς</em></strong></span> <span class='ocrx_word' id='word_1_198' title='bbox 1683 1968 1787 2025; x_wconf 87' lang='grc' dir='ltr'><strong><em>νό-</em></strong></span> 
     </span>
     <span class='ocr_line' id='line_1_25' title="bbox 94 2043 1787 2120; baseline 0 -16"><span class='ocrx_word' id='word_1_199' title='bbox 94 2067 236 2118; x_wconf 85' lang='grc' dir='ltr'><strong><em>μοις,</em></strong></span> <span class='ocrx_word' id='word_1_200' title='bbox 273 2045 348 2113; x_wconf 76' lang='grc' dir='ltr'><strong><em>ὥς</em></strong></span> <span class='ocrx_word' id='word_1_201' title='bbox 380 2049 592 2120; x_wconf 89' lang='grc' dir='ltr'><strong><em>ταύτην</em></strong></span> <span class='ocrx_word' id='word_1_202' title='bbox 616 2061 729 2115; x_wconf 79' lang='grc' dir='ltr'><strong><em>τοῖς</em></strong></span> <span class='ocrx_word' id='word_1_203' title='bbox 749 2058 907 2114; x_wconf 81' lang='grc' dir='ltr'><strong><em>θεοῖς</em></strong></span> <span class='ocrx_word' id='word_1_204' title='bbox 935 2043 1114 2105; x_wconf 82' lang='grc' dir='ltr'><strong><em>οὖσαν</em></strong></span> <span class='ocrx_word' id='word_1_205' title='bbox 1152 2053 1429 2120; x_wconf 87' lang='grc' dir='ltr'><strong><em>δουλείαν,</em></strong></span> <span class='ocrx_word' id='word_1_206' title='bbox 1461 2053 1646 2105; x_wconf 82' lang='grc' dir='ltr'><strong><em>ἔπειτα</em></strong></span> <span class='ocrx_word' id='word_1_207' title='bbox 1673 2053 1787 2114; x_wconf 82' lang='grc' dir='ltr'><strong><em>τοῖς</em></strong></span> 
     </span>
     <span class='ocr_line' id='line_1_26' title="bbox 94 2124 1784 2202; baseline 0.002 -19"><span class='ocrx_word' id='word_1_208' title='bbox 94 2124 492 2199; x_wconf 64' lang='grc' dir='ltr'><strong><em>πρεσβυτέροις</em></strong></span> <span class='ocrx_word' id='word_1_209' title='bbox 507 2150 567 2185; x_wconf 78' lang='grc' dir='ltr'><strong><em>τε</em></strong></span> <span class='ocrx_word' id='word_1_210' title='bbox 585 2132 679 2186; x_wconf 80' lang='grc' dir='ltr'><strong><em>καὶ</em></strong></span> <span class='ocrx_word' id='word_1_211' title='bbox 696 2133 927 2201; x_wconf 77' lang='grc' dir='ltr'><strong><em>ἐντίμως</em></strong></span> <span class='ocrx_word' id='word_1_212' title='bbox 953 2130 1249 2202; x_wconf 84' lang='grc' dir='ltr'><strong><em>βεβιωκόσι</em></strong></span> <span class='ocrx_word' id='word_1_213' title='bbox 1266 2129 1398 2196; x_wconf 79' lang='grc' dir='ltr'><strong><em>τοὺς</em></strong></span> <span class='ocrx_word' id='word_1_214' title='bbox 1425 2133 1588 2196; x_wconf 83' lang='grc' dir='ltr'><strong><em>νέους</em></strong></span> <span class='ocrx_word' id='word_1_215' title='bbox 1600 2152 1612 2164; x_wconf 91' lang='grc'><em>·</em></span> <span class='ocrx_word' id='word_1_216' title='bbox 1650 2129 1784 2202; x_wconf 80' lang='grc' dir='ltr'><strong><em>μετὰ</em></strong></span> 
     </span>
    </p>
   </div>
   <div class='ocr_carea' id='block_1_6' title="bbox 0 2202 1786 2364">
    <p class='ocr_par' dir='ltr' id='par_1_6' title="bbox 0 2202 1786 2364">
     <span class='ocr_line' id='line_1_27' title="bbox 0 2202 1786 2283; baseline 0.002 -20"><span class='ocrx_word' id='word_1_217' title='bbox 0 2202 3 2225; x_wconf 83' lang='grc'><strong>’</strong></span> <span class='ocrx_word' id='word_1_218' title='bbox 94 2210 156 2264; x_wconf 76' lang='grc' dir='ltr'><strong><em>δὲ</em></strong></span> <span class='ocrx_word' id='word_1_219' title='bbox 184 2215 360 2265; x_wconf 86' lang='grc' dir='ltr'><strong><em>ταῦτα</em></strong></span> <span class='ocrx_word' id='word_1_220' title='bbox 387 2216 484 2281; x_wconf 85' lang='grc' dir='ltr'><strong><em>τῆς</em></strong></span> <span class='ocrx_word' id='word_1_221' title='bbox 510 2209 648 2266; x_wconf 90' lang='grc' dir='ltr'><strong><em>καθ’</em></strong></span> <span class='ocrx_word' id='word_1_222' title='bbox 683 2208 898 2283; x_wconf 82' lang='grc' dir='ltr'><strong><em>ἡμέραν</em></strong></span> <span class='ocrx_word' id='word_1_223' title='bbox 931 2214 1140 2283; x_wconf 84' lang='grc' dir='ltr'><strong><em>διαίτης</em></strong></span> <span class='ocrx_word' id='word_1_224' title='bbox 1163 2214 1252 2267; x_wconf 73' lang='grc' dir='ltr'><strong><em>δεῖ</em></strong></span> <span class='ocrx_word' id='word_1_225' title='bbox 1270 2217 1368 2283; x_wconf 85' lang='grc' dir='ltr'><strong><em>τῆς</em></strong></span> <span class='ocrx_word' id='word_1_226' title='bbox 1400 2217 1662 2283; x_wconf 81' lang='grc' dir='ltr'><strong><em>ταπεινῆς</em></strong></span> <span class='ocrx_word' id='word_1_227' title='bbox 1695 2213 1786 2277; x_wconf 80' lang='grc' dir='ltr'><strong><em>καὶ</em></strong></span> 
     </span>
     <span class='ocr_line' id='line_1_28' title="bbox 0 2288 1786 2364; baseline 0.002 -19"><span class='ocrx_word' id='word_1_228' title='bbox 0 2291 2 2313; x_wconf 77' lang='lat'><em>&#39;</em></span> <span class='ocrx_word' id='word_1_229' title='bbox 92 2288 314 2360; x_wconf 76' lang='grc' dir='ltr'><strong><em>ἀπόρου</em></strong></span> <span class='ocrx_word' id='word_1_230' title='bbox 333 2294 672 2362; x_wconf 79' lang='grc' dir='ltr'><strong><em>γεγευμένον</em></strong></span> <span class='ocrx_word' id='word_1_231' title='bbox 688 2290 828 2348; x_wconf 84' lang='grc' dir='ltr'><strong><em>εἶναι</em></strong></span> <span class='ocrx_word' id='word_1_232' title='bbox 847 2290 914 2348; x_wconf 78' lang='grc' dir='ltr'><strong><em>τὰ</em></strong></span> <span class='ocrx_word' id='word_1_233' title='bbox 935 2292 1039 2349; x_wconf 89' lang='grc' dir='ltr'><strong><em>δύο</em></strong></span> <span class='ocrx_word' id='word_1_234' title='bbox 1059 2295 1151 2363; x_wconf 79' lang='grc' dir='ltr'><strong><em>ἔτη</em></strong></span> <span class='ocrx_word' id='word_1_235' title='bbox 1168 2297 1345 2348; x_wconf 82' lang='grc' dir='ltr'><strong><em>ταῦτα</em></strong></span> <span class='ocrx_word' id='word_1_236' title='bbox 1362 2291 1463 2348; x_wconf 85' lang='grc' dir='ltr'><strong><em>τὸν</em></strong></span> <span class='ocrx_word' id='word_1_237' title='bbox 1479 2298 1595 2350; x_wconf 75' lang='grc' dir='ltr'><strong><em>τῶν</em></strong></span> <span class='ocrx_word' id='word_1_238' title='bbox 1613 2289 1786 2364; x_wconf 86' lang='grc' dir='ltr'><strong><em>ἀγρο-</em></strong></span> 
     </span>
    </p>
   </div>
   <div class='ocr_carea' id='block_1_7' title="bbox 90 2370 1901 2851">
    <p class='ocr_par' dir='ltr' id='par_1_7' title="bbox 90 2370 1901 2851">
     <span class='ocr_line' id='line_1_29' title="bbox 90 2370 1784 2446; baseline 0.001 -19"><span class='ocrx_word' id='word_1_239' title='bbox 90 2372 287 2442; x_wconf 92' lang='grc' dir='ltr'><strong><em>νόμων</em></strong></span> <span class='ocrx_word' id='word_1_240' title='bbox 304 2372 591 2442; x_wconf 89' lang='grc' dir='ltr'><strong><em>γεγονότα.</em></strong></span> <span class='ocrx_word' id='word_1_241' title='bbox 619 2372 847 2429; x_wconf 79' lang='grc' dir='ltr'><strong><em>έπειδάν</em></strong></span> <span class='ocrx_word' id='word_1_242' title='bbox 863 2371 972 2446; x_wconf 79' lang='grc' dir='ltr'><strong><em>γὰρ</em></strong></span> <span class='ocrx_word' id='word_1_243' title='bbox 992 2370 1058 2446; x_wconf 81' lang='grc' dir='ltr'><strong><em>δὴ</em></strong></span> <span class='ocrx_word' id='word_1_244' title='bbox 1078 2379 1458 2446; x_wconf 75' lang='grc' dir='ltr'><strong><em>καταλεγῶσιν</em></strong></span> <span class='ocrx_word' id='word_1_245' title='bbox 1478 2377 1534 2431; x_wconf 81' lang='grc' dir='ltr'><strong><em>οἱ</em></strong></span> <span class='ocrx_word' id='word_1_246' title='bbox 1548 2374 1784 2443; x_wconf 73' lang='grc' dir='ltr'><strong><em>δώδεκα,</em></strong></span> 
     </span>
     <span class='ocr_line' id='line_1_30' title="bbox 96 2451 1901 2527; baseline 0.003 -18"><span class='ocrx_word' id='word_1_247' title='bbox 96 2452 461 2519; x_wconf 69' lang='grc' dir='ltr'><strong><em>ξυνελθόντες</em></strong></span> <span class='ocrx_word' id='word_1_248' title='bbox 476 2451 614 2524; x_wconf 79' lang='grc' dir='ltr'><strong><em>μετὰ</em></strong></span> <span class='ocrx_word' id='word_1_249' title='bbox 634 2475 748 2510; x_wconf 90' lang='grc' dir='ltr'><strong><em>των</em></strong></span> <span class='ocrx_word' id='word_1_250' title='bbox 768 2451 931 2512; x_wconf 84' lang='grc' dir='ltr'><strong><em>πέντε</em></strong></span> <span class='ocrx_word' id='word_1_251' title='bbox 956 2455 1487 2527; x_wconf 69' lang='grc' dir='ltr'><strong><em>βουλευέσθωσαν’</em></strong></span> <span class='ocrx_word' id='word_1_252' title='bbox 1449 2479 1525 2523; x_wconf 90' lang='grc' dir='ltr'><strong><em>ως</em></strong></span> <span class='ocrx_word' id='word_1_253' title='bbox 1557 2451 1782 2524; x_wconf 75' lang='grc' dir='ltr'><strong><em>οἷόνπερ</em></strong></span> <span class='ocrx_word' id='word_1_254' title='bbox 1813 2470 1901 2517; x_wconf 84' lang='grc'><strong><em>763</em></strong></span> 
     </span>
     <span class='ocr_line' id='line_1_31' title="bbox 99 2532 1781 2618; baseline 0.002 -28"><span class='ocrx_word' id='word_1_255' title='bbox 99 2536 302 2590; x_wconf 73' lang='grc' dir='ltr'><strong><em>οἰκέται</em></strong></span> <span class='ocrx_word' id='word_1_256' title='bbox 320 2532 422 2607; x_wconf 79' lang='grc' dir='ltr'><strong><em>οὐχ</em></strong></span> <span class='ocrx_word' id='word_1_257' title='bbox 438 2536 658 2605; x_wconf 71' lang='grc' dir='ltr'><strong><em>ἕξουσιν</em></strong></span> <span class='ocrx_word' id='word_1_258' title='bbox 674 2535 862 2604; x_wconf 80' lang='grc' dir='ltr'><strong><em>αὐτοῖς</em></strong></span> <span class='ocrx_word' id='word_1_259' title='bbox 880 2537 1326 2612; x_wconf 67' lang='grc' dir='ltr'><strong><em>ἄλλουςρίκέτας</em></strong></span> <span class='ocrx_word' id='word_1_260' title='bbox 1328 2561 1388 2596; x_wconf 92' lang='grc' dir='ltr'><strong><em>τε</em></strong></span> <span class='ocrx_word' id='word_1_261' title='bbox 1415 2541 1508 2596; x_wconf 83' lang='grc' dir='ltr'><strong><em>καὶ</em></strong></span> <span class='ocrx_word' id='word_1_262' title='bbox 1527 2538 1781 2618; x_wconf 82' lang='grc' dir='ltr'><strong><em>δούλους,</em></strong></span> 
     </span>
     <span class='ocr_line' id='line_1_32' title="bbox 98 2611 1783 2693; baseline 0.002 -24"><span class='ocrx_word' id='word_1_263' title='bbox 98 2611 227 2670; x_wconf 82' lang='grc' dir='ltr'><strong><em>οὐδ’</em></strong></span> <span class='ocrx_word' id='word_1_264' title='bbox 247 2615 310 2670; x_wconf 63' lang='lat' dir='ltr'><strong><em>{a</em></strong></span> <span class='ocrx_word' id='word_1_265' title='bbox 333 2636 446 2672; x_wconf 85' lang='grc' dir='ltr'><strong><em>των</em></strong></span> <span class='ocrx_word' id='word_1_266' title='bbox 463 2617 650 2676; x_wconf 79' lang='grc' dir='ltr'><strong><em>ἄλλων</em></strong></span> <span class='ocrx_word' id='word_1_267' title='bbox 666 2640 934 2691; x_wconf 83' lang='grc' dir='ltr'><strong><em>γεωργων</em></strong></span> <span class='ocrx_word' id='word_1_268' title='bbox 949 2642 1009 2678; x_wconf 90' lang='grc' dir='ltr'><strong><em>τε</em></strong></span> <span class='ocrx_word' id='word_1_269' title='bbox 1026 2623 1118 2677; x_wconf 82' lang='grc' dir='ltr'><strong><em>καὶ</em></strong></span> <span class='ocrx_word' id='word_1_270' title='bbox 1135 2627 1410 2693; x_wconf 78' lang='grc' dir='ltr'><strong><em>κωμητῶν</em></strong></span> <span class='ocrx_word' id='word_1_271' title='bbox 1426 2631 1540 2686; x_wconf 81' lang='grc' dir='ltr'><strong><em>τοῖς</em></strong></span> <span class='ocrx_word' id='word_1_272' title='bbox 1557 2624 1783 2677; x_wconf 80' lang='grc' dir='ltr'><strong><em>ἐκείνων</em></strong></span> 
     </span>
     <span class='ocr_line' id='line_1_33' title="bbox 97 2694 1784 2775; baseline 0.002 -25"><span class='ocrx_word' id='word_1_273' title='bbox 97 2695 188 2751; x_wconf 74' lang='grc' dir='ltr'><strong><em>ἐπὶ</em></strong></span> <span class='ocrx_word' id='word_1_274' title='bbox 204 2694 272 2750; x_wconf 81' lang='grc' dir='ltr'><strong><em>τὰ</em></strong></span> <span class='ocrx_word' id='word_1_275' title='bbox 291 2698 402 2752; x_wconf 66' lang='lat' dir='ltr'><strong><em>&amp;aa</em></strong></span> <span class='ocrx_word' id='word_1_276' title='bbox 413 2698 710 2770; x_wconf 80' lang='grc' dir='ltr'><strong><em>χρήσονται</em></strong></span> <span class='ocrx_word' id='word_1_277' title='bbox 727 2698 1119 2775; x_wconf 83' lang='grc' dir='ltr'><strong><em>ὑπηρετήματα</em></strong></span> <span class='ocrx_word' id='word_1_278' title='bbox 1134 2702 1431 2774; x_wconf 87' lang='grc' dir='ltr'><strong><em>διακόνοις,</em></strong></span> <span class='ocrx_word' id='word_1_279' title='bbox 1451 2700 1590 2760; x_wconf 75' lang='grc' dir='ltr'><strong><em>ἀλλὰ</em></strong></span> <span class='ocrx_word' id='word_1_280' title='bbox 1606 2700 1784 2774; x_wconf 90' lang='grc' dir='ltr'><strong><em>μόνον</em></strong></span> 
     </span>
     <span class='ocr_line' id='line_1_34' title="bbox 99 2773 1784 2851; baseline -0.004 -9"><span class='ocrx_word' id='word_1_281' title='bbox 99 2773 205 2832; x_wconf 78' lang='lat' dir='ltr'><strong><em>06oe</em></strong></span> <span class='ocrx_word' id='word_1_282' title='bbox 224 2780 300 2841; x_wconf 70' lang='grc' dir='ltr'><strong><em>εἰς</em></strong></span> <span class='ocrx_word' id='word_1_283' title='bbox 318 2775 385 2833; x_wconf 76' lang='grc' dir='ltr'><strong><em>τὰ</em></strong></span> <span class='ocrx_word' id='word_1_284' title='bbox 407 2780 772 2851; x_wconf 82' lang='grc' dir='ltr'><strong><em>δημόσια·τά</em></strong></span> <span class='ocrx_word' id='word_1_285' title='bbox 793 2781 849 2840; x_wconf 82' lang='grc' dir='ltr'><strong><em>δ’</em></strong></span> <span class='ocrx_word' id='word_1_286' title='bbox 871 2782 1011 2841; x_wconf 88' lang='grc' dir='ltr'><strong><em>α’λλα</em></strong></span> <span class='ocrx_word' id='word_1_287' title='bbox 1041 2781 1200 2840; x_wconf 82' lang='grc' dir='ltr'><strong><em>αὐτοὶ</em></strong></span> <span class='ocrx_word' id='word_1_288' title='bbox 1228 2781 1307 2839; x_wconf 90' lang='grc' dir='ltr'><strong><em>δι’</em></strong></span> <span class='ocrx_word' id='word_1_289' title='bbox 1339 2780 1527 2839; x_wconf 81' lang='grc' dir='ltr'><strong><em>αὑτων</em></strong></span> <span class='ocrx_word' id='word_1_290' title='bbox 1557 2786 1784 2851; x_wconf 90' lang='grc' dir='ltr'><strong><em>διανοη-</em></strong></span> 
     </span>
    </p>
   </div>
  </div>
 </body>
</html>
