1976 3172
146 343 177 385 C
200 329 301 385 τόν
320 350 371 384 τι
389 328 521 384 νέον
549 326 635 383 ἀεὶ
663 333 1102 399 καινοτομοῦντα
1133 331 1225 383 καὶ
1251 328 1578 398 εἰσφέροντα
1606 349 1722 384 των
1755 333 1880 384 εἰω-
1939 354 1951 362 “

81 2542 165 2589 798

195 114 301 166 210
813 112 1290 160 ΠΛΑΤΩΝΟΣ

198 268 307 312 νως
326 243 512 316 αὐτοῖς
531 243 616 299 ἀεὶ
639 251 860 300 κεῖσθαι
877 245 942 301 τό
958 243 1009 300 τ’
1043 244 1320 317 εὔσχημον
1339 247 1431 301 καὶ
1449 246 1716 317 ἄσχημον,
1736 243 1876 302 ἄλλα

197 409 390 467 θότων
409 409 600 478 ἕτερον
635 407 775 465 κατά
800 430 859 465 τε
886 409 1134 481 σχήματα
1168 410 1260 465 καὶ
1292 407 1553 481 χρώματα
1579 411 1671 465 καὶ
1698 408 1881 464 πάντα

198 489 303 547 ὅσα
320 496 566 562 τοιαῦτα,
586 496 790 547 τοῦτον
818 488 1086 563 τιμᾶσθαι
1112 491 1508 563 διαφερόντως,
1541 492 1747 547 τούτου
1775 490 1883 546 πό·-

197 580 280 630 λει
299 570 489 644 λώβην
507 570 612 629 οὐκ
632 571 774 629 εἶναι
791 578 951 645 μείζω
971 584 1174 645 φαῖμεν
1191 595 1265 629 αν
1294 571 1576 645 ορθότατα
1603 576 1880 643 λέγοντες·

196 654 509 711 λανθάνειν
535 653 642 725 γάρ
674 661 788 711 τῶν
812 656 958 712 νέων
985 654 1052 711 τὰ
1075 653 1191 727 ἤθη
1210 655 1551 726 μεθιστάντα
1580 655 1674 711 καὶ
1703 663 1883 710 ποιεῖν

196 737 258 792 τὸ
279 734 382 807 μὲν
402 734 632 806 άρχαῖον
661 734 796 807 παρ’
831 737 1018 802 αὐτοῖς
1041 735 1255 808 ἄτιμον,
1286 733 1346 793 τό
1381 737 1441 792 δὲ
1475 739 1607 792 νέον
1643 740 1881 810 ἔντιμον.

196 817 401 872 τούτου
412 815 472 871 δὲ
488 816 657 872 πάλιν
669 812 744 871 αὗ
764 821 908 887 λέγω
927 824 1026 873 τοῦ
1045 840 1104 873 τε
1123 818 1363 890 ῥήματος
1379 820 1472 874 καὶ
1488 824 1590 874 τοῦ
1609 817 1882 889 δόγματος

199 895 302 953 οὐκ
323 895 464 953 εἶναι
482 901 678 968 ζημίαν
692 901 853 968 μείζω
865 897 1066 964 πάσαις
1082 899 1333 954 πόλεσιν·
1355 897 1630 955 ἀκούσατε
1650 901 1725 967 δέ,
1747 896 1883 953 ὅσον

199 979 341 1050 φημὶ
359 977 466 1034 a&
472 976 652 1034 ἐἶναι
671 978 864 1035 κακόν.

339 1065 458 1116 ΚΛ.
488 1052 559 1115 Ἦ
581 1059 640 1116 τὰ
674 1062 948 1132 ψέγεσθαι
973 1083 1077 1133 την
1103 1059 1433 1133 ἀρχαιότητα
1461 1061 1637 1129 λέγεις
1674 1061 1736 1115 ἐν
1771 1072 1886 1124 ταῖς

200 1140 455 1208 πόλεσιν;

338 1229 459 1278 ΑΘ.
491 1224 659 1280 Πάνυ
678 1225 780 1295 μὲν
797 1218 921 1280 οὖν.

337 1310 459 1360 ΚΛ.
503 1306 590 1361 Οὐ
623 1302 879 1377 φαύλους
913 1310 1108 1361 τοίνυν
1147 1303 1293 1377 ἡμᾶς
1327 1302 1400 1362 ἂν
1435 1303 1711 1375 ἀκροατὰς
1745 1302 1887 1373 πρὸς

199 1382 376 1441 αὐτὸν
393 1385 496 1442 τόν
512 1387 688 1458 λόγον
709 1393 852 1459 ἔχοις
880 1383 954 1443 ἂν
971 1392 1192 1458 τοῦτον,
1212 1386 1332 1442 ἀλλ’
1365 1384 1438 1451 ὥς
1457 1386 1702 1442 δυνατὸν
1721 1384 1886 1456 εὐμε-

202 1465 519 1531 νεστάτους.

338 1554 457 1619 ΑΘ.
496 1547 663 1613 Εἰκὸς
682 1554 837 1618 γοῦν.

339 1633 458 1685 ΚΛ.
494 1630 636 1699 Λέγε
653 1628 844 1699 μόνον.

338 1708 676 1766 ΑΘ’Ί’
843 1710 858 1729 ’
1466 1712 1479 1730 ’

443 1754 455 1765 .
530 1731 586 1766 τε
607 1714 693 1782 δη,
708 1715 968 1782 μειζονως
988 1732 1163 1767 αυτον
1182 1727 1512 1783 ακουσωμεν
1528 1730 1587 1766 τε
1605 1731 1764 1781 ημων
1781 1730 1888 1764 αυ-
1972 1769 1974 1772 Α

196 1796 310 1846 τἰὅν
339 1793 434 1846 καὶ
461 1789 602 1864 πρὸς
629 1789 904 1863 ἀλλήλους
935 1789 1112 1856 οὕτως
1141 1799 1397 1862 εἴπωμεν.
1436 1791 1750 1863 μεταβολὴν
1778 1791 1885 1860 γὰρ

200 1871 265 1942 δὴ
298 1871 526 1928 πάντων
553 1870 702 1944 πλὴν
725 1878 916 1928 κακῶν
943 1871 1090 1928 πολὺ
1121 1871 1550 1943 σφαλερώτατον
1577 1868 1884 1942 εὑρήσομεν

198 1955 260 2009 ἐν
280 1951 451 2024 ὥραις
477 1953 695 2024 πάσαις,
720 1957 784 2011 ἐν
806 1953 1136 2026 πνεύμασιν,
1169 1957 1230 2010 ἐν
1254 1957 1483 2018 διαίταις
1509 1952 1798 2024 σωμάτων,
1824 1956 1886 2008 έν
1964 1965 1976 2006 ,“

198 2035 423 2104 τρόποις
440 2041 655 2107 ψυχῶν,
674 2038 734 2092 ἐν
754 2033 829 2102 ὥς
846 2039 977 2102 ἔπος
996 2039 1168 2095 εἰπεῖν
1187 2034 1256 2092 ού
1284 2047 1398 2101 τοῖς
1425 2038 1546 2107 μέν,
1573 2045 1688 2100 τοῖς
1712 2031 1763 2091 δ’
1795 2032 1883 2106 οὔ,

1960 978 1976 1158 *rfflrffi
1963 960 1969 968 “
1968 943 1969 946 Α

1967 1712 1976 1765 ¹

1964 1863 1976 2075 ἒ

198 2114 362 2186 πλήν,
385 2114 419 2170 ὅ
433 2119 495 2173 ,τί
507 2135 611 2187 περ
634 2113 793 2173 εἷπον
811 2124 921 2173 νῦν
939 2117 1024 2189 δή,
1044 2127 1258 2183 κακοῖς
1301 2114 1459 2189 ὥστε,
1479 2123 1533 2173 εἴ
1545 2138 1627 2181 τις
1644 2114 1885 2188 ἅποβλέ-
1967 2134 1973 2145 ·“

199 2206 318 2263 ψειε
337 2197 479 2268 πρὸς
498 2198 742 2271 σώματα,
771 2198 845 2266 ὥς
862 2206 996 2256 πᾶσι
1013 2203 1117 2272 μὲν
1135 2204 1343 2271 σιτίοις,
1364 2206 1499 2256 ποῖσι
1518 2195 1572 2257 δ’
1596 2192 1671 2256 αὖ
1698 2209 1887 2266 ποτοῖς

198 2279 291 2335 καὶ
314 2278 509 2344 πόνοις
528 2283 747 2353 ξυνήθη
765 2283 1088 2354 γιγνόμενα,
1107 2285 1199 2339 καὶ
1216 2281 1279 2339 τὸ
1295 2288 1520 2354 πρῶτον
1538 2284 1884 2353 ταραχθέντα

197 2357 299 2415 ὑπ’
332 2357 539 2431 αὐτῶν,
569 2356 739 2416 ἔπειτ’
770 2364 826 2427 ε’ξ,
852 2360 1040 2419 αὐτῶν
1061 2365 1281 2419 τούτων
1307 2361 1417 2419 ὑπὸ
1440 2363 1650 2434 χρόνον
1676 2361 1885 2429 σάρκας

199 2441 456 2513 φύσαντα
474 2447 678 2509 οἰκείας
694 2442 926 2515 τούτοις,
946 2448 1080 2514 φίλα
1098 2464 1157 2500 τε
1174 2446 1266 2499 καὶ
1278 2444 1500 2515 συνήθη
1518 2444 1612 2500 καὶ
1628 2442 1885 2514 γνώριμα

201 2524 476 2597 γενόμενα
495 2521 683 2598 ἁπάσῃ
703 2524 878 2598 ταύτῃ
896 2529 963 2598 τῇ
982 2529 1158 2597 διαίτῃ
1176 2521 1315 2594 πρὸς
1330 2521 1540 2596 ἡδονὴν
1557 2527 1650 2580 καὶ
1669 2521 1887 2594 ὑγίειαν

198 2606 396 2678 ἄριστα
425 2606 619 2678 διάγει,
650 2608 743 2664 καὶ
771 2604 844 2663 ἅν
865 2605 991 2662 ποτ’
1024 2605 1134 2677 ἄρα
1158 2604 1497 2678 ἀναγκασθῇ
1521 2606 1884 2678 μεταβάλλειν

200 2682 367 2755 αὖθις
383 2686 648 2761 ἡντινοῦν
668 2695 782 2746 τῶν
800 2685 1110 2760 εὐδοκίμων
1129 2692 1371 2759 διαιτῶν,
1399 2687 1463 2744 τό
1485 2709 1548 2759 γε
1567 2685 1691 2744 κατ’
1714 2684 1886 2758 άρχάς

200 2774 601 2843 συνταραχθεὶς
620 2769 727 2827 ὑπὸ
758 2770 946 2827 νόσων
973 2770 1132 2842 μόγις
1159 2770 1288 2826 ποτὲ
1313 2770 1545 2838 κατέστη
1574 2769 1676 2841 τὴν
1706 2767 1883 2838 συνή-
