1976 3172
735 154 1156 212 ΝοΜωΝσ.
1638 147 1756 208 Βω

62 300 163 356 τον
188 308 296 357 εἴτε
314 322 369 356 τι
384 297 622 370 μεῖζον”
587 317 781 367 ετερον
805 292 1012 352 τούτου
1030 292 1262 364 πάσχειν
1289 288 1325 362 ἦ
1356 294 1448 348 καὶ
1473 289 1548 363 μὴ
1570 295 1756 364 πολλῷ

15 426 17 440 .
66 383 461 455 σμικρότερον·
499 381 592 436 καὶ
618 400 735 435 των
763 380 1050 447 ξυγγενων
1074 382 1178 430 τοῦ
1206 373 1517 471 δράσαντος
1546 377 1758 445 μηδένα

65 465 323 533 δικάζειν,
358 460 488 535 μηδ’
531 461 634 518 ἐὰν
663 453 912 531 γεγονώς
932 448 970 526 ᾖ
996 454 1099 510 τὸν
1121 454 1329 527 χρόνον
1355 452 1493 510 ὅσον
1528 452 1558 511 ὁ
1590 453 1760 525 νόμος
1784 465 1871 513 879

15 587 17 593 -
65 554 266 617 εἴρηκε.
303 549 506 610 δοῦλος
525 539 579 599 δ’
596 540 700 598 έάν
726 559 809 603 τις
837 538 1143 606 ἐλεύθερον
1169 533 1323 606 ὀργῇ
1338 533 1542 606 τρώσῃ,
1574 553 1758 605 παρα-

65 628 212 684 δότω
228 626 332 684 τὸν
351 620 606 683 δοῦλον’
576 645 608 679 ο
627 622 963 691 κεκτημένος
979 639 1056 692 τω
1077 619 1354 690 τρωθέντι
1379 621 1624 687 χρῆσθαι
1654 614 1689 671 ό
1707 638 1759 672 τι

63 734 139 766 αν
157 713 350 782 ἐθέλῃ·
386 707 488 765 ἐὰν
506 705 567 763 δὲ
593 703 668 777 μὴ
698 705 1011 775 παραδιδῷ,
1042 697 1213 764 αὐτὸς
1231 695 1337 769 τὴν
1364 695 1582 770 βλάβην
1611 698 1759 764 ἐξιά-

63 799 205 847 σθω.
243 789 347 847 ἐὰν
386 791 447 845 δὲ
480 790 542 844 ἐκ
579 786 871 858 συνθήκης
905 787 1142 839 αἰτιᾶται
1172 787 1276 837 τοῦ
1303 778 1515 836 δούλου
1538 780 1630 835 καὶ
1657 785 1762 836 τοῦ

61 876 378 943 τρωθέντος
412 869 666 942 μηχανὴν
702 867 848 924 εἶναί
878 888 961 930 τις
1002 865 1064 920 τό
1102 863 1362 935 γεγονός,
1408 859 1763 933 ἀμφισβητη-

64 955 240 1011 σάτω·
278 952 381 1012 ἐάν
404 953 464 1009 δε
493 951 568 1023 μὴ
588 953 703 1023 ἕλῃ,
734 933 1066 1020 τριπλασίαν
1097 945 1364 1002 έκτισάτω
1394 941 1501 1014 τὴν
1525 942 1761 1015 βλάβην,

65 1037 208 1094 ἑλὼν
226 1037 287 1093 δὲ
312 1034 775 1104 ἀνδραποδισμοῦ
802 1029 1079 1086 ὑπόδικον
1109 1029 1272 1099 ἐχέτω
1300 1024 1403 1082 τὸν
1431 1026 1763 1097 τεχνάζοντα

65 1117 200 1189 μετὰ
218 1124 322 1174 τοῦ
349 1115 573 1173 δούλου.
613 1111 675 1180 ὃς
692 1111 746 1169 δ’
776 1135 851 1168 αν
877 1133 1032 1168 ακων
1060 1109 1228 1174 αλλος
1256 1107 1432 1164 άλλον
1457 1107 1663 1180 τρώση,
1693 1105 1756 1164 τό
1788 1120 1821 1161 Β

66 1201 275 1271 βλάβος
291 1196 512 1255 ἁπλοῦν
527 1195 862 1253 ἀποτινέτω·
898 1194 1068 1265 τύχης
1099 1190 1209 1264 γὰρ
1241 1192 1555 1262 νομοθέτης
1581 1187 1765 1254 οὐδεὶς

67 1281 317 1347 ίκανὸς”
278 1302 486 1353 αρχειν·
507 1280 759 1335 δικασταὶ
778 1275 889 1333 δε”
858 1297 1041 1332 οντων
1053 1278 1209 1373 οἵπερ
1221 1285 1335 1338 τοῖς
1354 1271 1608 1371 ἐκγόνοις
1626 1268 1766 1343 πρὸς

65 1363 199 1427 τούς
214 1363 554 1432 γεννήτορας
572 1359 915 1431 ἐρρήθησαν,
937 1358 1030 1413 καὶ
1058 1376 1351 1426 τιμωντων
1368 1352 1473 1426 τὴν
1491 1353 1653 1420 ἀξίαν
1670 1359 1766 1425 τῆς

65 1442 295 1516 βλάβης·

209 1528 336 1580 XVI.
371 1527 533 1581 Βίαια
552 1525 656 1595 μὲν
674 1520 742 1593 δὴ
763 1517 932 1577 πάνθ’
950 1518 1086 1592 ἡμῖν
1103 1516 1172 1575 τὰ
1191 1521 1566 1590 προειρημένα
1586 1517 1765 1588 πάθη,

16 1610 17 1669 J
70 1609 256 1677 βίαιον
282 1607 344 1661 δὲ
361 1605 455 1660 καὶ
472 1604 535 1659 τὰ
564 1609 664 1675 τῆς
691 1607 873 1668 αἰκίας
906 1608 1020 1657 πᾶν
1047 1606 1222 1672 γένος.
1256 1593 1363 1656 ωδε
1389 1622 1495 1656 ουν
1516 1597 1630 1704 χρὴ
1641 1600 1767 1671 περὶ

68 1708 185 1743 των
200 1685 476 1742 τοιούτων
488 1684 671 1741 πάντα
690 1683 870 1755 ανδρα
889 1685 979 1739 καὶ
1000 1686 1170 1738 παῖδα
1182 1684 1273 1739 καὶ
1292 1694 1529 1753 γυναῖκα
1549 1679 1634 1737 ἀεὶ
1655 1685 1766 1736 δια-

15 1813 17 1822 .
71 1775 344 1839 νοεῖσθαι,
378 1767 443 1823 τὸ
484 1766 869 1839 πρεσβύτερον
899 1786 972 1829 ως
1001 1762 1070 1819 οὐ
1098 1771 1312 1839 σμικρῷ
1346 1771 1450 1821 τοῦ
1487 1767 1767 1835 νεωτέρου

68 1850 184 1906 ἐστὶ
215 1849 670 1922 πρεσβευόμενον
692 1852 756 1905 ἔν
782 1869 841 1904 τε
872 1854 1055 1903 θεοῖσι
1089 1850 1180 1903 καὶ
1205 1850 1268 1903 έν
1304 1845 1628 1918 ἀνθρώποις
1654 1856 1767 1910 τοῖς
1799 1856 1832 1900 0
1887 1840 1890 1841 ⁷

69 1934 332 2004 μέλλουσι
352 1932 631 1998 σώζεσθαι
649 1932 740 1988 καὶ
760 1929 1130 2002 εὐδαιμονεῖν.
1162 1934 1348 1986 αἰκίαν
1368 1924 1476 1986 οὖν
1495 1929 1621 1999 περὶ
1640 1947 1765 1996 πρε·

71 2016 349 2088 σβύτερον
366 2018 429 2071 ἐν
446 2013 607 2072 πόλει
617 2014 979 2087 γενομένην*
947 2012 1057 2069 υπὸ
1079 2017 1357 2083 νεωτέρου
1377 2016 1516 2067 ἰδεῖν
1535 2009 1767 2081 αἰσχρὰν

70 2099 163 2153 καὶ
189 2098 477 2168 θεομισές·
516 2101 660 2153 ἔοικε
679 2098 740 2153 δὲ
762 2098 870 2151 νέω
890 2098 1052 2151 παντὶ
1073 2093 1183 2150 ὑπὸ
1217 2097 1478 2165 γέροντος
1503 2093 1768 2164 πληγέντι

61 2163 396 2251 ‘Savium’
368 2177 547 2249 οργὴν
565 2174 889 2249 ὑποφέρειν,
911 2174 1063 2251 αὑτῷ
1081 2179 1356 2251 τνθεμένω
1375 2173 1540 2247 τιμὴν
1556 2173 1767 2245 ταύτην

73 2264 153 2325 εἰς
168 2265 359 2331 γῆρας.
392 2251 499 2315 ωδε
528 2252 635 2315 οὖν
653 2264 817 2316 ἔστω·
855 2266 963 2324 πᾶς
993 2256 1127 2331 ἡμῖν
1158 2261 1424 2315 αἰδείσθω
1443 2254 1544 2313 τὸν
1563 2257 1769 2312 ἑαυτοῦ

72 2341 459 2413 πρεσβύτερον
476 2344 621 2414 ἔργῳ
647 2361 707 2396 τε
721 2343 812 2396 καὶ
833 2343 974 2396 ἔπει·
1001 2338 1102 2395 τὸν
1130 2338 1191 2395 δὲ
1219 2341 1525 2410 προέχοντα
1556 2345 1768 2395 εἴκοσιν

68 2420 291 2495 ἡλικίας
323 2425 520 2492 ἔτεσιν,
559 2420 771 2491 ἄρρενα
804 2418 843 2493 ἢ
878 2427 1085 2493 θῆλυν,
1125 2424 1364 2492 νομίζων
1390 2417 1464 2486 ὥς
1487 2424 1696 2493 πατέρα
1729 2414 1766 2489 ἢ

78 2504 284 2574 μητέρα
321 2506 756 2576 διευλαβείσθω,
794 2504 887 2560 καὶ
923 2503 1104 2575 πάσης
1139 2509 1236 2574 τῆς
1274 2506 1516 2573 δυνατῆς
1550 2499 1766 2572 ἡλικίας

80 2578 255 2639 αὐτὸν
277 2591 507 2655 φιτῦσαι
540 2588 632 2643 καὶ
663 2597 843 2643 τεκεῖν
874 2582 1130 2657 ἀπέχοιτο
1159 2583 1244 2640 ἀεὶ
1272 2589 1429 2640 θεῶν
1454 2586 1764 2653 γενεθλίων
1796 2592 1830 2632 D

75 2665 267 2738 χάριν·
291 2662 365 2736 ὥς
382 2663 436 2722 δ’
456 2666 638 2735 αὕτως
653 2670 745 2725 καὶ
765 2669 928 2735 ξένου
951 2666 1266 2737 ἀπείργοιτο
1289 2673 1397 2721 εἴτε
1422 2662 1596 2720 πάλαι
1615 2666 1764 2719 ἐνοι-

75 2754 314 2812 κοῦντος
337 2754 446 2805 ctu
483 2750 753 2823 νεήλυδος
789 2750 1128 2822 ἀφιγμένου·
1178 2749 1314 2819 μήτε
1349 2745 1457 2817 γὰρ
1499 2741 1764 2814 ὑπάρχων

78 2829 214 2901 μήτε
235 2828 587 2902 ἀμυνόμένος
603 2831 666 2891 τὸ
684 2833 951 2904 παράπαν
979 2830 1233 2902 τολμάτω
1261 2834 1491 2900 πληγαῖς
1518 2826 1619 2883 τόν
1648 2844 1764 2881 τοι-
