1976 3172
687 118 1141 168 ΕΠΙΝΟΜΙΣ.
1655 113 1758 166 425

72 254 311 327 ἀριθμὸς
337 253 532 322 ὅντως,
571 250 677 307 οὐκ
714 273 786 307 αν
818 254 898 307 ἔτι
933 256 1041 316 πᾶς
1063 251 1259 322 μάντις
1286 256 1445 323 γνοίη
1476 250 1764 322 ξύμπαντα
1789 264 1878 311 978

72 338 338 409 ἀριθμόν,
357 334 491 407 ὅσης
508 332 643 406 ἡμῖν
662 333 951 404 δυνάμεως
978 341 1150 399 αἴτιος
1178 329 1252 390 ἀν
1281 341 1365 405 εἴη
1395 333 1763 404 ξυγγιγνόμε-

72 441 187 491 νος,
213 419 331 474 ἐπεὶ
365 418 458 473 καὶ
491 414 559 472 τὰ
590 414 731 472 κατὰ
757 411 1037 486 μουσικὴν
1065 411 1252 471 πᾶσαν
1271 416 1763 487 διαριθμουμένων

70 498 338 572 κινήσεως
358 519 419 555 τε
437 500 531 554 καὶ
547 495 825 568 φθόγγων
843 495 1123 568 δῆλονὸτι
1141 501 1238 553 δεῖ.
1275 498 1367 554 καὶ
1393 495 1455 554 τὸ
1483 499 1762 568 μέγιστον,

70 582 308 652 ἀγαθων
345 577 419 644 ὥς
451 578 681 635 πάντων
714 584 921 634 αἴτιον·
961 575 1049 632 ὅτι
1081 575 1143 632 δὲ
1181 599 1372 633 κακων
1411 575 1660 647 οὐδενός,
1697 569 1763 631 εὖ

72 669 238 719 τοῦτο
275 662 576 733 γνωστέον,
607 658 643 716 ὃ
670 660 764 714 καὶ
798 657 936 728 τάχα
973 655 1180 728 γένοιτ’
1210 657 1302 727 α’ν,
1341 656 1463 714 ἀλλ’
1500 655 1535 730 ἡ
1564 658 1767 729 σχεδὸν

70 741 363 813 ἀλόγιστός
378 763 439 797 τε
454 740 603 797 καὶ*
565 738 799 803 ατακτος
816 736 1080 810 ἀσχήμων
1098 759 1155 794 τε
1174 740 1266 795 καὶ
1285 737 1580 810 ἅρρυθμος
1598 737 1763 809 ἀνάρ-

70 824 274 895 μοστός
289 843 348 879 τε
367 823 536 894 φορά,
557 823 649 878 καὶ
666 819 845 877 πάνθ’
867 820 1048 876 ὁπόσα
1077 827 1255 877 κακοῦ
1282 821 1658 892 κεκοινωνηκέ
1682 843 1767 876 τι-

70 926 184 976 νος,
202 909 568 961 ἐπιλέλειπται
586 901 793 967 παντὸς
810 900 1077 974 ἀριθμοῦ,
1098 903 1191 958 καὶ
1204 905 1293 958 δεῖ
1304 900 1462 958 τοῦθ’
1484 901 1632 959 οὕτω
1653 906 1764 958 δια·
1795 914 1827 955 Β

70 994 326 1043 νοεῖσθαι
346 985 448 1042 τὸν
465 989 738 1056 μέλλοντα
766 982 1069 1056 εὐδαίμονα
1093 983 1465 1055 τελευτήσειν·
1498 987 1591 1040 καὶ
1619 985 1682 1041 τό
1702 1007 1765 1055 γε

71 1067 140 1139 δὴ
164 1067 382 1123 δίκαιόν
395 1089 454 1123 τε
473 1069 567 1124 καὶ
586 1064 810 1138 ἀγαθὸν
831 1068 924 1122 καὶ
941 1065 1116 1123 καλὸν
1133 1069 1227 1123 καὶ
1248 1067 1429 1123 πάντα
1449 1065 1515 1122 τά
1535 1073 1765 1123 τοιαῦτα

72 1147 257 1215 οὐδείς
273 1170 406 1206 ποτε
424 1148 499 1221 μὴ
520 1148 867 1221 γιγνώσκων,
884 1147 1135 1221 ἀληθοῦς
1154 1149 1316 1221 δόξης
1343 1149 1762 1222 ἐπιλαβόμενος,

72 1232 495 1303 διαριθμήσεται
512 1230 653 1304 πρὸς
668 1230 731 1288 τό
751 1231 951 1288 ἑαυτόν
969 1254 1026 1288 τε
1045 1234 1195 1288 καὶ”
1162 1253 1354 1303 ετερον
1372 1244 1555 1289 πεῖσαι
1572 1231 1634 1289 τὸ
1655 1251 1765 1287 πα-

73 1314 275 1383 ράπαν.
779 1365 789 1374 .

212 1399 294 1450 lv.
316 1396 516 1467 Ἴωμεν
534 1399 603 1468 δή
622 1398 959 1468 σκεψόμενοι
977 1395 1116 1466 πρὸς
1137 1395 1292 1451 τοῦτ’
1316 1395 1474 1466 αὐτό,
1495 1403 1612 1462 πῶς
1630 1397 1766 1468 ἐμοί-

68 1485 249 1548 θομεν
267 1475 542 1550 ἀριθμεῖν.
583 1480 746 1549 φέρε·
780 1477 842 1533 τό
863 1477 970 1548 γὰρ
997 1479 1060 1532 ἓν
1090 1475 1271 1548 δήκαὶ
1299 1477 1404 1532 δύο
1435 1481 1628 1548 γέγονε
1659 1479 1766 1534 πό-

69 1566 177 1615 θεν
210 1556 343 1631 ἡμῖν
380 1557 513 1615 ὥστ’
546 1562 826 1631 ἐννοῆσαι,
863 1559 1051 1630 φύσιν·
1079 1558 1290 1630 ταύτην
1320 1563 1542 1630 ἔχουσιν
1572 1561 1632 1615 ἐκ
1663 1568 1766 1615 τοῦ

70 1641 278 1707 παντὸς
297 1638 436 1710 πρὸς
454 1639 515 1696 τὰ
538 1639 816 1705 δυνατοὺς
832 1642 1049 1695 ἐννοεῖν
1069 1637 1235 1705 εἷναι;
1258 1646 1483 1705 πολλοῖς
1499 1641 1558 1697 δὲ
1576 1640 1765 1708 ἀλλοις
1794 1659 1825 1701 C

71 1716 146 1778 αὖ
160 1725 274 1779 τοῖν
296 1722 453 1789 ζώων
470 1719 597 1778 οὐδ’
625 1726 702 1787 εἰς
731 1719 868 1777 αὐτὸ
899 1719 1065 1778 τοῦθ’
1096 1718 1129 1792 ἡ
1162 1721 1331 1792 φύσις
1363 1725 1762 1794 παραγέγονεν,

71 1803 212 1860 ὥστε
248 1811 454 1875 μαθεῖν
482 1806 741 1868 δυνατοῖς
768 1801 909 1859 εἶναι
938 1801 1090 1873 παρὰ
1117 1810 1219 1859 τοῦ
1248 1802 1455 1873 πατρὸς
1482 1803 1766 1876 ἀριθμεῖν,

68 1886 219 1955 παρὰ
242 1883 296 1940 δ’
325 1882 460 1957 ἡμῖν
477 1883 632 1941 τοῦτ’
655 1883 792 1941 αὐτὸ
825 1891 1049 1956 πρῶτον
1077 1885 1348 1959 ἐνῴκισεν
1377 1884 1404 1942 6
1435 1886 1587 1958 θεός,
1622 1884 1763 1944 ὥστε

70 1971 279 2032 ἱκανοῖς
296 1966 437 2024 εἶναι
456 1967 825 2039 δεικνύμενον
840 1970 1114 2038 ξυννοεῖν,
1135 1965 1303 2032 ἔπειτ’
1327 1970 1496 2033 ἔδειξε
1526 1969 1619 2023 καὶ
1649 1972 1764 2024 δεί-

68 2067 288 2119 κνυσιν,
322 2042 405 2106 ὦν
428 2054 486 2106 τί
516 2050 748 2107 κάλλιον
775 2053 838 2106 ἓν
867 2047 991 2115 ἑνὸς
1017 2049 1089 2105 ἄν
1114 2072 1196 2116 τις
1223 2049 1491 2107 θεάσαιτο
1523 2049 1669 2122 πλὴν
1698 2048 1760 2106 τὸ

66 2139 163 2202 τῆς
181 2129 387 2204 ἡμέρας
403 2134 588 2202 γένος;
609 2130 725 2188 εἶτα
743 2135 820 2197 εἰς
838 2130 901 2187 τὸ
919 2138 1015 2203 τῆς
1033 2129 1238 2196 νυκτὸς
1258 2135 1415 2189 ἔλθοι
1436 2128 1763 2202 μέροςχέχων

67 2213 218 2284 ὅφιν,
238 2211 381 2269 ὅθεν
402 2215 596 2283 ἕτερον
620 2219 735 2269 πᾶν
760 2209 915 2286 αὐτῷ
932 2211 1175 2283 φαίνοιτ’
1196 2211 1293 2267 ἀν·
1333 2216 1425 2269 καὶ
1447 2214 1671 2270 ἑλίττων
1691 2210 1758 2284 δὴ

67 2300 240 2350 ταῦτα
260 2291 400 2350 αὐτὰ
423 2293 579 2365 [ὄντα
597 2293 672 2366 μὴ
686 2294 945 2366 παύηται]
965 2291 1173 2360 πολλάς
1190 2294 1293 2365 μὲν
1311 2294 1533 2365 νύκτας,
1555 2295 1764 2361 πολλὰς
1797 2311 1831 2351 D

67 2378 127 2432 δὲ
155 2374 360 2447 ἡμέρας
391 2375 493 2447 [ἃς]
523 2374 765 2447 οὐρανὸς
798 2375 1065 2432 οὐδέποτε
1093 2376 1328 2432 παύεται
1347 2377 1630 2432 διδάσκων
1661 2375 1766 2432 ἀν-

66 2458 337 2527 θρώπους
356 2459 420 2514 ἓν
437 2479 495 2515 τε
517 2458 753 2530 καὶδύο,
773 2461 907 2530 πρὶν
924 2454 996 2514 ἀν
1014 2461 1107 2515 καὶ
1126 2457 1156 2516 6
1177 2460 1631 2530 δυσμαθέστατος
1650 2462 1763 2514 ἰκα-

70 2544 181 2604 mag
214 2539 373 2610 μάθῃ
407 2537 695 2613 ἀριθμεῖν·
735 2537 808 2607 ὡς
843 2540 952 2611 γὰρ
994 2544 1086 2597 καὶ
1126 2546 1249 2610 τρία
1289 2541 1380 2596 καὶ
1407 2540 1637 2610 τέτταρα
1671 2542 1764 2596 καὶ

70 2619 267 2690 πολλά,
287 2618 515 2687 ἕκαστος
529 2619 690 2695 ἡμῶν
708 2621 1052 2693 ἐπινοήσειεν
1070 2617 1144 2677 ἀν
1173 2619 1326 2690 ὁρῶν
1353 2626 1541 2677 ταῦτα.
1578 2625 1671 2678 καὶ
1699 2623 1760 2678 ἐκ

69 2700 286 2757 τούτων
305 2704 588 2775 ἐνεποίησε
605 2703 709 2777 τὴν
732 2704 973 2774 σελήνην
1004 2700 1033 2759 6
1060 2702 1195 2769 θεὸς
1225 2700 1695 2775 ἀπεργασάμενος,
1724 2695 1759 2775 ἢ

69 2784 187 2839 τοτὲ
217 2787 321 2854 μὲν
357 2789 556 2854 μείζων
592 2789 923 2859 φαινομένη,
954 2785 1073 2842 τοτὲ
1107 2783 1159 2841 δ’
1199 2784 1440 2843 ἐλάττων
1471 2788 1761 2858 διεξῆλθεν
