1976 3172
134 512 221 563 872

189 1168 220 1206 B

249 119 355 171 300
860 118 1336 168 ΠΛΑΤΩΝΟΣ

249 251 348 318 τοὶς
367 250 659 322 ἀξιόχρεως
683 253 939 320 παρέξειν
958 253 1344 320 ἐγγυωμένους
1364 255 1439 315 είς
1460 254 1618 322 δίκην
1633 273 1644 283 ·
1691 252 1792 307 ἐὰν
1822 256 1880 308 δὲ
1899 250 1935 323 ἤ

248 334 321 404 μὴ
343 335 510 405 ἐθέλῃ
527 328 564 403 ἦ
583 329 833 403 ἀδυνατῇ
861 353 942 397 τις
970 332 1320 401 καθιστάναι,
1350 330 1454 403 τὴν
1485 331 1660 404 ἀρχὴν
1686 341 1937 403 παραλα-

249 422 466 488 βοῦσαν
493 415 743 486 δήσασαν
773 415 1076 486 φυλάττειν
1105 417 1198 484 καὶ
1227 418 1484 486 παρέχειν
1514 421 1589 481 εἰς
1617 413 1722 486 τὴν
1751 420 1936 485 κρίσιν

246 504 342 569 τῆς
368 501 537 569 δίκης.
574 495 674 553 εἀν
693 496 754 552 δὲ
774 494 1030 568 αὐτόχειρ
1051 495 1153 567 μὲν
1170 498 1262 568 μή,
1283 495 1563 569 βουλεύσῃ
1595 499 1654 554 δὲ
1682 495 1937 553 θάνατόν

247 600 328 644 τις
347 577 514 645 ἄλλος
532 579 699 653 ἑτέρω
719 580 810 635 καὶ
829 586 897 651 τῇ
915 580 1181 652 βουλήσει
1196 601 1255 635 τε
1282 582 1376 636 καὶ
1394 580 1777 651 ἐπιβουλεύσει
1797 577 1938 633 ἀπο-

248 666 465 727 κτείνας
483 668 654 727 αἴτιος
681 658 763 718 ὢν
782 665 874 718 καὶ
902 662 978 733 μὴ
1007 660 1262 734 καθαρὸς
1280 663 1383 732 τὴν
1410 663 1595 734 ψυχὴν
1623 669 1726 718 τοῦ
1753 661 1937 732 φόνου

248 747 309 802 ἐν
326 745 484 800 πόλει
502 747 1042 816 ἐνοικῇ,,γιγνέσθων
1060 747 1152 802 καὶ
1169 746 1349 821 τούτῳ
1378 744 1517 802 κατα
1535 743 1710 801 ταύτὰ
1729 748 1792 800 αἱ
1815 748 1938 812 κρί-

249 841 360 905 σεις
379 825 595 881 τούτων
616 827 742 895 πέρι
761 825 907 897 πλὴν
925 829 1269 899 τῆς-ἐγγύης,
1299 835 1375 901 τῷ
1408 831 1468 884 δὲ
1497 826 1731 900 ὅφλοντι
1758 833 1938 898 ταφῆς

247 913 343 977 τῆς
363 910 566 970 οἰκείας
584 907 779 972 ἐξέστω
797 918 998 978 τυχεῖν,
1019 907 1085 962 τὰ
1101 910 1160 962 δὲ
1173 907 1312 962 ἅλλα
1324 909 1463 963 κατὰ
1483 906 1655 964 ταύτὰ
1675 908 1938 973 ὡσαύτως

247 995 325 1062 τῷ
352 987 605 1059 πρόσθεν
637 991 865 1060 ῥηθέντι
903 989 1028 1060 περὶ
1056 988 1230 1045 αὐτὸν
1265 991 1573 1060 γιγνέσθω·
1614 987 1681 1044 τὰ
1710 988 1850 1044 αὐτοὶ
1879 989 1936 1045 δὲ

248 1075 388 1128 ἔστω
408 1078 581 1126 ταῦτα
601 1074 808 1137 ξένοισί
821 1092 879 1127 τε
898 1069 1038 1143 πρὸς
1068 1074 1258 1138 ξένους
1285 1072 1376 1127 καὶ
1405 1068 1618 1126 ἀστοῖσι
1647 1072 1740 1126 καὶ
1763 1073 1939 1136 ξένοις

252 1150 392 1222 πρὸς
411 1150 700 1224 ἀλλήλους,
731 1152 951 1219 δούλοις
977 1175 1035 1210 τε
1069 1148 1142 1209 αὖ
1167 1153 1306 1223 πρὸς
1334 1154 1588 1224 δούλους,
1619 1159 1714 1224 τῆς
1743 1174 1802 1209 τε
1832 1150 1939 1207 αὐ-

245 1240 514 1305 τοχειρίας
532 1238 657 1306 πέρι
676 1237 768 1292 καὶ
789 1235 1244 1308 ἐπιβουλεύσεως,
1267 1235 1414 1307 πλὴν
1432 1242 1527 1307 τῆς
1544 1235 1746 1307 ἐγγύης
1759 1251 1771 1264 ·
1801 1233 1937 1290 ταύ-

245 1338 348 1387 την
368 1319 444 1385 δέ,
465 1318 722 1386 καθάπερ
743 1325 970 1389 εἴρηται,
1001 1316 1132 1382 τούς
1162 1316 1483 1388 αὐτόχειρας
1506 1323 1936 1389 κατεγγυᾶσθαι.

244 1397 348 1455 τὸν
386 1399 444 1455 δὲ
479 1401 938 1471 προαγορεύοντα
983 1398 1106 1455 τὸν·
1122 1398 1302 1469 φόνον
1337 1397 1450 1470 ἅμα
1489 1405 1804 1472 κατεγγυᾷν
1842 1399 1936 1453 καὶ

244 1482 494 1546 τούτους.
534 1482 634 1537 έαν
647 1482 707 1537 δὲ
719 1485 924 1546 δοῦλος
943 1482 1248 1549 ἐλεύθερον
1262 1479 1405 1536 ἑκών
1425 1488 1531 1536 εἴτε
1553 1477 1808 1550 αὐτόχειρ
1830 1487 1936 1534 εἴτε

245 1564 556 1637 βουλεύσας
577 1561 877 1636 ἀποκτείνῃ
906 1565 998 1619 καὶ
1029 1562 1178 1635 ὄφλῃ
1202 1561 1305 1633 τὴν
1334 1566 1510 1633 δίκην,
1540 1560 1570 1618 ὁ
1599 1567 1697 1633 τῆς
1725 1561 1937 1626 πόλεως

244 1644 434 1710 κοινὸς
471 1646 664 1717 δήμιος
700 1645 856 1716 ἄγων
891 1645 1031 1716 πρὸς
1065 1643 1127 1701 τὸ
1166 1649 1353 1715 μνῆμα
1390 1650 1491 1699 τοῦ
1528 1640 1934 1720 ἀποθανόντος,

246 1726 386 1784 ὅθεν
404 1724 474 1783 ἄν
505 1726 613 1801 ὁρᾷ
636 1729 735 1784 τὸν
753 1727 986 1800 τύμβον,
1018 1726 1366 1799 μαστιγώσας
1394 1723 1603 1792 ὁπόσας
1632 1722 1705 1782 ἂν
1735 1723 1764 1782 ὁ
1795 1724 1935 1782 ἑλών

245 1809 576 1888 προσταττῃ,
598 1811 801 1881 έανπερ
813 1815 921 1884 βιω
939 1810 1240 1881 παιόμενος
1251 1808 1280 1864 ὁ
1293 1807 1519 1880 φονεύς,
1534 1808 1931 1863 θανατωσατω

245 1892 345 1948 ἐὰν
366 1894 430 1948 δέ
444 1914 525 1957 τις
555 1896 762 1949 δοῦλον
791 1898 980 1965 κτείνῃ
1007 1891 1181 1963 μηδεν
1209 1890 1528 1960 ἀδικοῦντα,
1560 1890 1718 1963 φόβω
1750 1892 1825 1959 δέ,
1858 1888 1931 1960 μὴ

245 1973 493 2046 μηνυτὴς
531 1979 774 2047 αἰσχρων
811 1979 991 2046 ἔργων
1027 1977 1120 2030 καὶ
1154 1979 1345 2030 κακῶν
1378 1970 1551 2028 αὐτοῦ
1589 1977 1859 2044 γίγνηται,
1897 1972 1934 2042 ἤ

244 2077 395 2121 τινος
416 2058 578 2113 ἕνεκα
599 2056 773 2113 ἄλλου
791 2057 1067 2128 τοιούτου,
1095 2055 1351 2127 καθαπερ
1371 2051 1444 2110 ἄν
1463 2059 1513 2110 εί
1529 2060 1760 2124 πολίτην
1788 2058 1934 2108 κτεί-

246 2160 346 2203 νας
372 2136 557 2211 ὖπεῖχε
584 2140 770 2211 φόνου
789 2143 961 2211 δίκας,
986 2138 1251 2204 ωσαύτως
1278 2140 1370 2194 καὶ
1389 2143 1491 2193 τοῦ
1517 2135 1774 2192 τοιούτου
1798 2135 1934 2191 δού-

244 2226 349 2275 λου
368 2219 506 2276 κατά
525 2221 592 2276 τοὶ
613 2220 755 2277 αὐτοὶ
779 2219 1171 2286 ἀποθανόντος
1187 2219 1364 2285 οὕτως
1383 2216 1642 2289 ὑπεχέτω.

385 2305 491 2357 XII.
527 2300 652 2358 Ἐἀν
683 2303 742 2359 δε
762 2301 829 2374 δὴ
847 2308 1101 2374 γίγνηται
1120 2301 1211 2372 ἐφ’
1235 2298 1343 2357 οἷσι
1363 2302 1454 2356 καὶ
1473 2307 1801 2370 νομοθετεῖν
1820 2301 1932 2351 δει-

244 2383 350 2441 νὸν
370 2385 463 2440 καὶ
489 2382 749 2454 οὐδαμως
767 2388 1082 2462 προσφιλές,
1104 2405 1178 2453 μη
1208 2387 1536 2452 νομοθετεῖν
1563 2379 1622 2434 δὲ
1651 2376 1931 2432 ἀδύνατον

245 2470 531 2536 ξυγγενῶν
551 2463 876 2536 αὐτόχειρας
895 2463 1109 2534 φόνους
1126 2459 1163 2532 ἦ
1194 2459 1268 2518 δι’
1304 2459 1740 2532 ἐπιβουλεύσεως
1767 2479 1932 2528 γενο-

244 2552 463 2620 μένους,
485 2549 774 2612 ἑκουσίους
791 2568 849 2603 τε
869 2547 960 2602 καὶ
975 2543 1201 2609 ἀδίκους
1211 2563 1449 2614 παντως,
1469 2548 1526 2599 οἳ
1540 2563 1606 2597 τα
1631 2543 1733 2613 μὲν
1752 2543 1930 2596 πολλὰ
1956 2602 1968 2618 ⁶

242 2633 306 2686 ἐν
324 2636 506 2695 κακῶς
526 2630 807 2694 οἰκούσαις
823 2630 915 2685 καὶ
933 2630 1294 2698 τρεφομέναις
1308 2631 1591 2697 γίγνονται
1611 2623 1818 2693 πόλεσι,
1838 2626 1932 2692 γέ-

243 2733 432 2769 νοιντο
454 2710 506 2767 δ’
531 2712 603 2768 ἄν
623 2712 734 2768 πού
753 2713 913 2768 τικαὶ
934 2713 996 2768 ἐν
1014 2703 1050 2783 ᾗ
1069 2709 1144 2782 μή
1164 2712 1298 2766 ποτέ
1319 2730 1401 2774 τις
1431 2704 1503 2763 ὅὶυ
1532 2702 1930 2776 προσδοκήσειε

243 2794 413 2869 χώρᾳ,
439 2799 620 2867 λέγειν
639 2794 741 2867 μὲν
761 2793 828 2867 δὴ
859 2791 1037 2868 χρεων
1063 2786 1138 2849 αὖ
1165 2792 1331 2848 πάλιν
1360 2788 1459 2847 τὸν
1485 2793 1766 2862 ἔμπροσθε
1803 2802 1929 2856 σμι-
