1976 3172
204 148 305 201 158
798 144 1272 193 ΠΛΑΤΩΝΟΣ

134 305 164 346 c
203 279 546 353 τιμιώτατον,
579 281 773 349 φέρειν
801 276 853 334 δ’
893 279 981 333 ἐπὶ
1011 275 1112 333 τὸν
1141 284 1243 333 τοῦ
1271 283 1415 333 θεοῦ
1445 279 1639 352 βωμὸν
1658 282 1891 338 ἕκαστον
1930 271 1945 358 {j

205 368 283 428 εἰς
301 360 558 416 πινάκιον
576 358 869 431 γράψαντα
887 358 1136 430 τούνομα
1166 359 1451 430 πατρόθεν
1470 362 1563 416 καὶ
1592 364 1773 433 φυλῆς
1801 366 1948 442 acal}

205 443 404 514 δήμου,
426 439 643 498 ὁπόθεν
662 437 735 497 ἂν
766 441 1148 542 δημοτεύηται,
1177 441 1596 514 παρεγγράφειν
1621 446 1681 499 δὲ
1710 445 1802 499 καὶ
1828 443 1891 500 τὰ
1928 461 1976 515 3

204 522 381 581 αὑτοῦ
398 525 536 580 κατὰ
557 520 731 579 ταύτὰ
752 522 929 589 οὕτως
942 523 1136 595 ὄνομα.
1174 530 1252 598 τῷ
1267 527 1589 598 βουλομένω
1610 522 1662 580 δ’
1695 527 1891 591 ἐξέστω

203 611 318 662 τῶν
336 610 608 661 πινακίων
627 603 662 661 ὅ
682 610 736 663 τί
762 627 864 678 περ
893 629 966 661 αν
996 611 1258 677 φαίνηται
1285 605 1358 678 μὴ
1396 605 1535 663 κατὰ
1567 613 1710 663 νοῦν
1738 603 1889 680 αὑτῷ
1917 530 1976 703 ἓ

202 689 605 759 γεγραμμένον,
626 685 897 744 ανελόντα
916 687 1226 759 εἰς,ἀγοράν
1238 695 1424 744 θεῖναι
1442 687 1515 760 μὴ
1539 694 1765 745 ἔλαττον
1782 710 1890 757 τρι·
1975 683 1976 687 “

203 767 410 825 ἄκοντα
426 767 671 840 ἡμερῶν·
692 768 759 825 τοὶ
780 770 840 827 δὲ
860 777 973 826 τῶν
992 774 1266 826 πινακίων
1282 773 1549 838 κριθέντα
1575 773 1637 826 ἐν
1655 769 1891 839 πρώτοις
1959 787 1976 846 ,¹2

203 852 359 919 μέχρι
382 855 716 920 τριακοσίων
735 851 906 916 δεῖξαι
924 849 1055 914 τοὺς
1076 850 1345 920 ἄρχοντας
1363 854 1503 905 ἰδεῖν
1521 851 1671 921 πάσῃ
1689 858 1756 922 τῇ
1785 851 1892 904 πό-
1974 917 1976 927 A

131 945 166 986 D
203 937 302 998 λει,
322 928 426 1000 τὴν
443 929 503 985 δὲ
521 930 688 986 πόλιν
712 929 974 996 ὡσαύτως
993 934 1054 987 ἐκ
1071 931 1288 986 τούτων
1314 932 1507 1007 φέρειν
1536 932 1706 987 πάλιν
1731 930 1798 988 ὂν
1817 927 1891 986 ἂν

204 1013 431 1076 ἕκαστος
449 1010 730 1083 βούληται,
751 1010 883 1077 τούς
903 1011 962 1068 δὲ
990 1011 1050 1068 τὸ
1074 1012 1338 1084 δεύτερον
1366 1015 1422 1078 ἐξ
1451 1011 1638 1068 αὐτῶν
1656 1034 1892 1085 προκρι-

202 1096 406 1158 θέντας
435 1094 633 1149 ἑκατόν
652 1097 822 1160 δεῖξαι
849 1094 1020 1154 πάλιν
1049 1094 1237 1158 ἅπασι.
1275 1094 1334 1150 τὸ
1374 1093 1434 1150 δὲ
1465 1099 1650 1165 τρίτον
1678 1097 1890 1165 φερέτω
1931 1168 1933 1170 q
1964 1076 1976 1142 ³1¹

204 1173 305 1244 μὲν
325 1177 384 1230 ἐκ
405 1181 519 1230 τῶν
547 1173 746 1231 ἑκατὸν
774 1173 805 1231 ὁ
837 1180 1137 1248 βουληθεὶς
1161 1174 1229 1245 ὃν
1255 1172 1328 1233 ἂν
1356 1175 1640 1248 βούληται,
1672 1176 1762 1232 διὰ
1797 1198 1888 1232 το·-
1965 1151 1976 1241 ὲ

203 1260 347 1326 μίων
363 1256 765 1327 πορευόμενος·
802 1257 934 1314 ἑπτὰ
967 1258 1027 1315 δὲ
1055 1261 1148 1316 καὶ
1175 1258 1492 1330 τριάκοντα,
1527 1254 1608 1324 οἷς
1636 1254 1709 1314 ἄν
1737 1265 1892 1314 πλεῖ-
1949 1330 1952 1334 ⁴

204 1354 326 1393 σται
342 1340 613 1408 γένωνται
635 1346 831 1412 ψῆφοι,
859 1347 1147 1411 κρίναντες
1175 1339 1589 1412 ἀποφηνάντων
1607 1339 1890 1413 ἄρχοντας.

204 1425 348 1485 τίνες
366 1414 488 1490 οὖν,
513 1443 555 1476 ω
576 1426 807 1478 Κλεινία
825 1425 916 1478 καὶ
934 1427 1198 1492 Μέγιλλε,
1219 1442 1400 1478 παντα
1418 1420 1551 1492 ἡμῖν
1565 1430 1701 1476 ταῦτ
1709 1421 1805 1477 ’ἐν
1823 1428 1893 1493 τῇ
1950 1413 1958 1499 ξ

139 1521 173 1562 Ε
205 1502 362 1556 πόλει
398 1502 803 1601 καταστήσουσι
831 1510 945 1558 τῶν
968 1502 1153 1574 ἀρχῶν
1181 1524 1239 1559 τε
1266 1508 1391 1574 πέρι
1421 1505 1513 1559 και
1548 1506 1894 1573 δοκιμασιῶν
1948 1517 1953 1523 “

206 1581 422 1651 αὖτῶν;
460 1576 570 1652 ἆρα
607 1586 929 1656 ἐννοοῦμεν,
963 1582 1035 1650 ὦς
1057 1597 1173 1650 ταῖς
1196 1590 1419 1656 πρῶτον
1449 1584 1595 1640 οὕτω
1627 1587 1890 1649 καταζευ·
1955 1607 1974 1630 τ

203 1665 504 1734 γνυμέναις
523 1662 752 1721 πόλεσιν
768 1664 983 1737 ανάγκη
1005 1669 1107 1737 μὲν
1126 1665 1271 1722 εἶναί
1294 1687 1462 1737 τινας,
1487 1669 1682 1730 οιτινες
1701 1665 1761 1720 δε
1781 1662 1893 1720 εἶεν
1955 1656 1976 1793 3

206 1741 276 1800 ἄν
296 1744 403 1816 πρὸ
426 1752 622 1802 πασῶν
651 1752 766 1804 τῶν
797 1745 984 1818 ἀρχῶν
1013 1747 1320 1819 γεγονότες,
1354 1745 1459 1804 οὐκ
1490 1752 1632 1815 ἔστι;
1671 1751 1758 1803 δεῖ
1781 1743 1891 1817 μὴν
1951 1754 1976 2053 E

206 1826 358 1898 ἁμῶς
387 1831 452 1898 γέ
484 1847 615 1897 πως,
654 1830 745 1884 καὶ
781 1835 955 1884 ταῦτα
985 1827 1054 1884 οὐ
1081 1828 1334 1900 φαύλους
1361 1827 1486 1885 ἀλλ’
1518 1827 1550 1884 ὅ
1575 1850 1628 1883 τι
1654 1827 1891 1898 μα’λιστα

206 1907 439 1977 ἄκρους·
477 1907 615 1981 ἀρχὴ
634 1910 742 1980 γὰρ
762 1904 975 1980 λέγεται
993 1912 1094 1982 μὲν
1111 1909 1283 1987 ἥμισυ
1310 1908 1516 1982 παντὸς
1544 1910 1607 1964 ἐν
1633 1919 1751 1973 ταῖς
1779 1927 1890 1963 πα-

206 1992 442 2060 ροιμίαις
464 1991 841 2062 ἔργου,καὶ’τό
869 2013 933 2062 γε
965 1997 1144 2057 καλῶς
1170 1990 1448 2064 ἄρξασθαι
1483 1989 1684 2055 πάντες
1715 1991 1891 2059 έγκω-
1972 2062 1976 2067 .

205 2073 466 2143 μιάζομεν
490 2074 772 2130 ἑκάστοτε·
804 2075 865 2129 τὸ
889 2073 941 2129 δ’
963 2078 1076 2130 ἔστι
1092 2096 1167 2145 τε,
1193 2071 1263 2139 ὥς
1292 2076 1413 2145 ἐμοὶ
1431 2077 1702 2144 φαίνεται,
1724 2075 1893 2127 πλέον

90 2173 174 2219 754
205 2151 242 2224 ἦ
260 2153 322 2209 τὸ
341 2155 513 2226 ἥμισυ
530 2158 622 2212 καὶ
641 2153 823 2221 οὐδεὶς
850 2154 986 2213 αὐτὸ
1018 2162 1199 2221 καλῶς
1225 2155 1530 2226 γενόμενον
1557 2158 1892 2225 ἐγκεκωμία-

207 2257 305 2292 κεν
324 2239 544 2302 ἱκανῶς.

346 2323 465 2372 ΚΛ.
498 2316 805 2388 Ὀρθότατα
825 2323 1013 2390 λέγεις.

348 2404 466 2454 ΑΘ.
501 2397 602 2469 Μὴ
623 2405 817 2455 τοίνυν
833 2400 1238 2469 γιγνώσκοντές
1262 2421 1326 2470 γε
1351 2407 1614 2470 παρῶμεν
1633 2397 1767 2453 αὐτὸ
1788 2398 1892 2467 ἄρ·-
1944 2421 1961 2461 τ

210 2501 396 2552 ρητον,
418 2482 589 2550 μηδὲν
609 2479 1053 2550 διασαφήσαντες
1075 2478 1208 2550 ἡμῖν
1229 2477 1431 2550 αὐτοῖς,
1451 2482 1575 2534 τίνα
1595 2482 1742 2534 ἔσται
1762 2477 1890 2548 τρό·

209 2580 333 2619 πον.
370 2558 477 2632 ἐγώ
507 2559 610 2632 μὲν.
631 2554 737 2617 οὖν
760 2558 1016 2631 οὐδαμῶς
1046 2558 1270 2630 εὐπορῶ
1297 2559 1443 2631 πλήν
1462 2581 1534 2630 ,γε
1566 2558 1688 2624 ἑνὸς
1718 2563 1890 2615 εἰπεῖν

210 2642 350 2715 πρὸς
367 2642 428 2698 τὸ
447 2641 631 2714 παρὸν
651 2641 957 2713 ἀναγκαίου
978 2644 1068 2698 καὶ
1087 2645 1461 2714 ξυμφέροντος
1481 2642 1666 2712 λόγου.

350 2731 467 2781 ΚΛ.
514 2731 676 2790 Τίνος
696 2724 791 2796 ᾶή;

351 2812 437 2864 ΙΙΙ.
473 2814 592 2865 ΑΘ.
633 2809 780 2878 Φημὶ
798 2806 971 2878 ταύτῃ
988 2810 1053 2878 τῇ
1074 2804 1245 2876 πόλει,
1271 2803 1341 2877 ἣν
1362 2809 1580 2871 οἰκίζειν
1599 2807 1884 2875 μέλλομεν,
