1976 3172
659 116 984 166 ΝΟΜΩΝ
1014 110 1097 164 ια’.
1611 113 1718 168 365

0 283 3 294 >
25 261 129 312 τοῦ
147 260 260 310 τῶν
277 252 474 324 γάμων
489 250 701 323 χρόνου
727 253 1071 321 συμμετρίαν
1091 270 1150 304 τε
1168 251 1261 305 καὶ
1280 247 1547 320 ἀμετρίαν
1575 247 1607 306 ὁ
1635 253 1722 306 δι·-

0 335 231 407 καστῆς
247 338 477 392 σκοπῶν
494 333 748 404 κρινέτω,
764 327 1017 407 γυμνούς
1044 329 1148 400 μὲν
1165 329 1299 396 τούς
1325 330 1583 404 ἄρρενας,
1614 353 1721 402 γυ·-

0 445 3 483 t
25 417 170 491 μνὰς
188 416 250 474 δὲ
267 413 530 487 ὀμφαλοῦ
546 415 704 485 μέχρι
714 412 1003 482 θεώμενος
1021 409 1119 476 τὰς
1135 416 1392 483 θηλείας·
1413 412 1511 469 ἐαν
1531 415 1593 469 δὲ
1607 424 1722 478 τοῖς

0 503 250 564 ιοίκείοις
277 494 483 567 ἀπορία
509 499 796 566 ξυγγενῶν
827 487 883 566 ᾖ,
919 496 1074 565 μέχρι
1093 495 1198 565 μὲν
1220 490 1472 571 ἀδελφοῦ
1500 498 1719 593 υἰιδων,

0 602 4 654 μ
25 584 185 679 μέχρι
202 578 263 636 δὲ
282 578 516 635 πάππου
532 579 749 635 παίδων
768 571 1048 644 ὡσαύτως,
1077 580 1194 630 τῶν
1220 572 1409 631 άλλων
1441 573 1619 631 ὅντιν’
1636 572 1722 632 ἂν

23 659 61 733 ἡ
94 671 224 727 παῖς
265 658 388 732 μετ’
434 657 755 727 ἐπιτρόπων
780 659 999 726 αἱρῆται
1027 661 1143 711 τῶν
1177 646 1423 713 πολιτῶν
1461 656 1722 713 ἑκούσιον

23 742 266 809 ἑκουσία,
286 739 634 811 κληρονόμος
650 743 932 809 γιγνέσθω
950 742 1054 792 τοῦ
1064 729 1494 808 τελευτήσαντος
1510 739 1604 795 καὶ
1620 744 1718 810 τῆς
1747 761 1780 802 Β

22 821 308 894 θυγατρὸς
323 828 583 920 νυμφίος.
619 824 698 877 ἔτι
719 820 779 877 δὲ
798 817 975 891 πολλὴ
995 825 1220 876 πολλων
1239 821 1333 875 καὶ
1351 825 1560 877 πλείων
1578 818 1723 877 ἀπο-

23 910 116 975 ρία
134 911 250 962 τῶν
267 903 542 962 τοιούτων
559 901 790 973 γίγνοιτ’
813 923 887 957 αν
904 899 1106 956 ἔστιν”
1072 921 1165 957 οτε
1184 903 1247 957 ἐν
1265 899 1408 975 αὐτῇ
1439 909 1506 976 τῇ
1534 902 1693 960 πόλει
1705 925 1718 938 ·

23 982 97 1041 ἄν
116 980 225 1042 οὖν
242 984 311 1056 δή
330 1007 411 1051 τις
430 983 788 1055 ἀπορουμένη
805 988 921 1039 τῶν
937 981 1184 1040 αὐτόθεν
1204 980 1311 1059 ὁρᾷ
1328 984 1453 1042 τινά
1475 990 1552 1051 εἰς
1566 983 1720 1042 ἀποι-

23 1074 161 1126 κίαν-
186 1068 623 1140 άπεσταλμένον,
658 1061 697 1141 ᾗ
729 1066 791 1124 δὲ
827 1067 966 1135 κατὰ
1002 1071 1147 1124 νοῦν
1185 1065 1328 1141 αὐτῇ
1364 1068 1722 1141 κληρονόμον

22 1154 240 1208 ἐκεῖνον
262 1156 556 1222 γίγνεσθαι
583 1155 699 1206 τῶν
728 1156 832 1205 τοῦ
862 1150 1090 1221 πατρός,
1122 1150 1223 1206 ἐὰν
1256 1149 1359 1222 μὲν
1379 1151 1648 1223 ξυγγενὴς
1664 1145 1721 1224 ᾗ,

20 1230 159 1288 κατὰ
181 1232 287 1303 τήν
306 1232 460 1299 τάξιν
481 1237 584 1287 τοῦ
602 1231 784 1303 νόμου
801 1233 888 1287 ἐπὶ
905 1229 1008 1287 τὸν
1024 1236 1235 1303 κλῆρον
1254 1234 1604 1306 πορευέσθω,
1623 1232 1723 1306 ἐὰν

21 1315 83 1370 δὲ
96 1312 251 1379 ἐκτὸς
262 1316 477 1384 γένους,
492 1319 608 1369 τῶν
616 1315 679 1369 έν
697 1319 766 1386 τῇ
782 1314 941 1369 πόλει
958 1311 1259 1379 ὄντωνέξω
1272 1318 1368 1385 τῆς
1381 1321 1720 1386 συγγενείας,

20 1395 215 1467 κύριος
231 1399 371 1451 ἔστω
394 1394 535 1450 κατὰ
553 1393 658 1464 τὴν
676 1395 791 1451 τῶν
808 1394 1123 1465 ἐπιτρόπων
1151 1396 1244 1450 καὶ
1273 1402 1369 1466 τῆς
1399 1396 1597 1463 παιδὸς
1613 1404 1719 1455 τοῦ
1750 1411 1781 1451 c

20 1478 451 1549 τελευτήσαντος
473 1480 689 1548 αἵρεσιν
716 1483 888 1549 γῆμαι
917 1478 1009 1533 καὶ
1030 1475 1131 1533 τὸν
1161 1482 1373 1548 κλῆρον
1394 1478 1723 1536 ἐπανελθών

24 1562 214 1615 οἴκαδε
243 1563 434 1631 λαβεῖν
461 1563 567 1614 τοῦ
589 1557 664 1630 μὴ
700 1560 1056 1630 διαθεμένου.
1093 1557 1261 1624 ἅπαις
1292 1559 1353 1616 δὲ
1381 1558 1638 1630 ἀρρένων
1662 1584 1723 1619 τε

22 1641 115 1696 καὶ
133 1645 384 1710 θηλειῶν
406 1639 468 1695 τὰ
490 1639 757 1708 παράπαν
773 1637 835 1705 ὃς
854 1635 926 1695 ἂν
943 1636 1017 1711 μὴ
1039 1642 1369 1712 διαθέμενος
1386 1647 1634 1718 τελευτᾷ,
1653 1643 1721 1700 τὰ

21 1719 127 1793 μὲν
155 1719 298 1777 ἄλλα
325 1722 452 1792 περὶ
480 1728 586 1778 τοῦ
612 1721 875 1778 τοιούτου
904 1720 1044 1778 κατὰ
1072 1719 1177 1777 τὸν
1209 1726 1530 1796 ἔμπροσθεν
1555 1727 1721 1797 ἐχέτω

20 1802 219 1875 νόμον,
236 1803 440 1875 θήλεια
458 1802 520 1860 δὲ
537 1804 630 1859 καὶ
648 1801 832 1876 ἄρρην
852 1800 973 1861 οἷον
992 1803 1260 1877 ξύννομοι
1288 1813 1498 1863 ἴτωσαν
1525 1810 1587 1865 ἐκ
1617 1813 1728 1865 τοῦ

19 1888 220 1958 ’γένους
239 1888 316 1950 είς
333 1882 435 1942 τὸν
450 1887 877 1958 ἐξηρημωμένον
895 1884 1155 1942 ἑκάστοτε
1174 1885 1348 1959 οἷκον,
1366 1880 1448 1944 ὧν
1465 1886 1494 1945 ὁ
1515 1896 1721 1963 κλῆρος

20 1968 304 2065 ’γιγνέσθω
330 1971 554 2037 κυρίως,
594 1964 808 2039 άδελφὴ
834 1966 946 2038 μὲν
965 1974 1208 2039 πρῶτον,
1239 1966 1492 2041 ἀδελφοῦ
1515 1971 1575 2028 δὲ
1601 1979 1783 2029 θυ-Ι)

19 2047 196 2119 γάτηρ
214 2048 463 2116 δευτέρα,
482 2053 637 2120 τρίτη
660 2048 718 2105 δὲ
737 2052 966 2119 ἔκγονος
995 2047 1257 2122 ἀδελφῆς,
1278 2052 1509 2125 τετάρτη
1530 2057 1591 2110 δὲ
1609 2075 1721 2112 πα-

17 2126 150 2199 τρὸς
178 2125 416 2199 άδελφή,
450 2131 543 2186 καὶ
570 2132 788 2202 πέμπτη
817 2129 1027 2201 πατρὸς
1055 2130 1307 2203 ἀδελφοῦ
1334 2145 1478 2205 παῖς,
1507 2136 1639 2208 ἕκτη
1659 2138 1721 2194 δὲ

18 2209 266 2282 ἀδελφῆς
285 2208 496 2282 πατρὸς
514 2233 588 2268 αν
607 2219 692 2284 εἴη
712 2225 862 2279 nats·
902 2220 1234 2283 συνοικίζειν
1263 2218 1325 2273 δὲ
1347 2216 1550 2285 ταύτας
1575 2220 1719 2276 ἐκεί·-

21 2312 145 2357 νοις
160 2288 287 2347 κατ’
312 2289 628 2388 ἀγχιστείαν
645 2296 739 2351 καὶ
768 2297 957 2367 θέμιν,
988 2295 1063 2362 ὥς
1091 2300 1415 2369 ἔμπροσθεν
1443 2302 1719 2373 ἐνομοθε-

71 2373 277 2445 ’σαμεν.
315 2371 391 2444 μὴ
410 2373 479 2445 δὴ
498 2378 828 2433 λανθανέτω
847 2375 911 2434 τὸ
930 2385 1045 2434 ταῖν
1073 2380 1346 2438 τοιούτων
1364 2381 1558 2454 νόμων
1574 2381 1718 2455 ἡμᾶς

20 2451 306 2527 βάρος,ὦς
320 2461 571 2526 χμλεπως
586 2456 779 2514 ἔστιν
755 2457 847 2515 ότε
867 2461 1192 2532 προστάττει
1218 2485 1296 2538 τω
1326 2471 1430 2520 τοῦ
1459 2464 1718 2535 τελευτή-

21 2552 225 2599 σαντος
239 2533 379 2591 κατὰ
393 2539 556 2606 γένος
573 2542 758 2616 οίκείω
776 2552 975 2613 γαμεῖν
991 2540 1098 2614 τὴν
1117 2547 1371 2615 ξυγγενῆ,
1390 2545 1467 2616 μὴ
1488 2548 1643 2602 δοκεῖ
1657 2543 1717 2602 δὲ

57 2624 254 2673 κοπεῖν
269 2638 307 2672 oe
328 2623 500 2688 μωρία
517 2622 579 2678 ἐν
596 2619 924 2693 ἀνθρώποις
941 2624 1176 2695 ἐμπόδια
1195 2630 1443 2695 γίγνεται
1465 2637 1579 2692 τοῖς
1596 2643 1776 2684 τοι-Ε

79 2695 93 2713 ’
126 2719 209 2763 oce
225 2697 551 2770 ἐπιτάγμασι
565 2710 668 2760 τοῦ
684 2705 888 2777 μήτινα
917 2707 1133 2762 ἐθέλειν
1161 2710 1480 2777 πείθεσθαι,
1510 2707 1715 2779 πρότε-

94 2801 127 2835 ν
146 2782 204 2835 δὲ
225 2777 489 2848 οὕστινας
509 2779 700 2843 ὁτιοῦν
718 2809 792 2843 αν
813 2793 1167 2859 βουληθῆναι
1195 2796 1421 2862 παθεῖν,
1445 2786 1659 2848 ὁπόταν
1675 2787 1714 2863 ἦ
