1976 3172
755 111 1140 154 PRAEFATIO.
1270 143 1277 147 .
1551 95 1566 104 ⁸
1758 112 1853 157 xxv

57 233 206 273 clivior
245 232 435 284 suspicio
471 235 536 271 est
572 226 844 282 participium
881 237 935 265 ex
972 226 1084 266 male
1122 227 1314 279 repetitis
1344 229 1686 270 antecedentibus
1714 228 1852 270 literis

58 296 195 331 ortum
232 288 447 339 effecisse,
482 292 530 326 ut
566 276 712 330 κακὸς
741 282 884 323 dativo
924 282 1108 335 primum
1136 285 1521 336 suprascriberetur
1553 292 1595 327 et
1626 287 1778 328 deinde
1805 288 1850 326 in

57 347 150 400 ejus
181 346 329 386 locum'
342 342 601 386 succederet.
618 362 680 371 —
700 340 746 380 P.
777 337 864 380 945
896 338 928 379 G
954 331 1199 392 ἀρχόντων
1226 338 1314 390 BS,
1343 333 1590 394 ἀρξάντων
1616 344 1705 393 VT,
1736 344 1852 396 quod

56 411 195 445 tamen
234 404 278 443 in
318 401 490 455 optimis
522 398 646 439 libris
678 409 705 438 a
733 396 923 439 secunda
953 396 1122 437 demum
1153 407 1283 437 manu
1312 404 1376 438 est
1405 410 1484 438 nec
1515 401 1598 440 nisi
1623 402 1849 442 correctori

55 462 245 510 debetur,
265 460 338 512 qui
361 469 445 499 non
470 455 679 498 intellexit
704 453 997 496 difficultatem
1023 466 1049 495 a
1071 453 1248 496 Platone
1270 461 1546 496 memoratam
1569 468 1653 498 non
1679 459 1721 497 in
1743 465 1850 498 tem·

53 530 207 571 porum
244 514 585 568 comparatione,
621 512 700 554 sed
739 513 784 552 iu
826 523 878 552 ea
916 523 963 552 re
1001 513 1139 562 cerni,
1182 512 1297 564 quod
1335 512 1611 567 magistratus
1647 515 1763 554 notio
1802 516 1847 555 in

54 575 251 616 omnibus
280 572 431 613 eadem
460 572 538 619 sit3
578 570 708 611 hu‘us
744 570 876 623 igitur
911 569 1097 610 notionis
1127 567 1384 610 vocabulum
1414 571 1540 611 unice
1579 576 1725 623 aptum
1766 578 1844 615 est.

51 653 111 663 —
130 630 178 670 P.
205 629 292 672 945
316 629 353 669 D
379 618 414 683 ᾖ
438 634 535 682 post
579 620 593 637 '
647 630 810 680 μπτως
835 637 931 667 eum
955 625 1050 669 Par.
1079 625 1231 667 sustuli
1260 639 1394 679 eoque
1420 627 1534 669 facto
1561 629 1687 668 etiam
1714 627 1852 668 liben-

48 689 136 728 tius
161 686 517 728 winckelmanno
546 684 860 739 obtemperavi,
892 684 965 736 qui
994 675 1217 740 ἀμέμπτῳ
1242 685 1534 726 circumscribi
1559 685 1762 739 jusserat.
1791 710 1850 718 —

48 746 99 789 P.
125 743 215 787 946
235 743 269 784 Β
290 741 524 795 λειφθῶσι
541 742 664 797 vBs,
686 739 911 795 ληφθῶσι
935 740 983 791 Τ,
998 748 1041 783 at
1065 754 1120 782 ne
1147 741 1351 783 libromm
1372 742 1544 794 quidem
1560 741 1645 783 fide
1662 748 1776 782 certa
1793 764 1853 773 —

47 803 143 846 Par.
163 803 275 843 enim
291 803 427 855 prima
442 812 591 842 manus
605 798 815 852 λιφθῶσι
828 799 1238 853 praebet—nedum
1254 801 1476 849 sententia,
1495 811 1604 852 quae
1618 796 1851 851 λειφθῶσι

80 861 191 901 otius
215 858 509 902 commendare
541 858 625 911 ipsi
647 856 802 899 Orellio
826 858 921 897 visa
951 863 1029 898 est.
1045 878 1103 888 —
1118 858 1166 899 P.
1185 855 1272 899 946
1289 856 1321 898 C
1351 851 1534 898 δώδεκα
1548 858 1580 898 Ρ
1606 862 1647 898 et
1660 856 1708 906 B,
1732 850 1852 897 κατὰ

79 913 357 965 domm,
376 916 605 958 manifesta
620 916 875 967 correctura,
895 916 964 955 cui
982 915 1226 969 arguendae
1244 915 1432 957 sufficiet
1447 915 1555 959 Tim.
1578 927 1615 955 c.
1634 914 1687 956 8:
1711 912 1848 954 τοῦτο

46 973 219 1027 paleae
255 965 371 1021 ὅσας
408 971 619 1028 προσῆκε
655 965 910 1026 διένειμεν,
951 984 1143 1024 quaeque
1183 972 1372 1015 laudavit
1412 971 1599 1014 Sintenis
1639 971 1694 1012 ad
1738 971 1847 1012 Plut.
1881 991 1891 1001 ·

46 1031 199 1076 Pericl.
233 1043 279 1086 p.
312 1030 411 1076 190.
442 1054 498 1064 —
530 1031 578 1074 P.
610 1028 696 1071 947
729 1031 769 1071 Α
794 1023 1168 1082 κεκοσμημένους
1199 1024 1324 1071 εἶναι
1347 1029 1478 1084 VBS,
1508 1038 1695 1082 κεκοσμ.
1728 1023 1852 1070 ἰέναι

47 1088 84 1129 Τ
113 1101 209 1130 cum
243 1102 387 1146 marg,
416 1086 484 1137 Ω,
514 1088 660 1128 nescio
697 1099 796 1135 cur,
831 1099 961 1139 quum
989 1087 1208 1137 haec-non
1239 1089 1295 1129 ad
1327 1085 1527 1142 θεωρῶν
1556 1093 1722 1128 tantum
1751 1099 1850 1140 pro-

50 1145 274 1187 tectionem
301 1146 380 1187 sed
407 1145 463 1185 ad
487 1150 616 1185 totam
643 1145 795 1185 urbani
822 1145 1097 1199 magistratus
1124 1145 1359 1199 gestionem
1382 1152 1575 1199 spectare
1601 1146 1732 1186 verba
1756 1142 1850 1184 τῶν

49 1194 102 1243 ἓν
128 1200 188 1257 τῇ
215 1194 349 1242 πόλει
377 1201 603 1244 declarent.
625 1222 684 1232 —
709 1201 816 1242 Ibid.
845 1200 940 1241 τῶν
968 1195 1130 1253 ἱερέων
1154 1201 1251 1251 VB,
1281 1196 1444 1255 ἱερέων
1470 1201 1535 1242 ST
1559 1201 1850 1257 probabiliter,

50 1261 87 1300 si
118 1259 290 1311 quids-
315 1254 411 1296 τοῖν
442 1269 499 1297 ex
524 1257 798 1297 antecedente
835 1269 901 1311 τῳ
936 1259 1150 1311 prodiisse
1179 1259 1366 1307 videtur:
1409 1259 1755 1300 circumscribere
1785 1264 1849 1299 ta-

47 1327 145 1356 men
176 1325 304 1366 quam
326 1312 543 1353 eliminare
568 1313 713 1352 malui.
736 1333 798 1344 -—
825 1313 872 1353 P.
903 1312 988 1354 947
1013 1314 1047 1354 Ε
1072 1303 1134 1354 ἄν
1162 1305 1325 1370 ἐπιδέῃ
1349 1316 1410 1365 Η,
1441 1308 1670 1366 ἀνεπιδεῆ
1691 1314 1844 1363 VBST,

49 1370 163 1424 quod
193 1370 343 1411 Aetius
382 1370 683 1423 iuterpretatur
710 1376 967 1422 calomentum
1001 1372 1116 1424 quod
1142 1374 1335 1423 sepulcro
1366 1385 1447 1414 non
1483 1373 1673 1426 indiqeat
1686 1402 1697 1421 ,
1736 1372 1778 1416 h.
1809 1385 1847 1413 e.

47 1440 129 1483 quo
152 1430 271 1470 ποσίν
296 1428 505 1480 sepuler‘ie
531 1427 808 1479 erepet-sederi
829 1428 991 1479 pessit,-
1022 1434 1088 1480 at,
1118 1430 1285 1482 opinor,
1318 1431 1355 1470 si
1385 1430 1490 1482 quid
1519 1430 1716 1482 sepulcro
1748 1429 1851 1471 addi

48 1491 285 1539 opus-est,
327 1497 438 1526 novo
475 1484 640 1525 tumulo
737 1491 799 1534 et,
838 1486 907 1525 cui
947 1486 1030 1539 ipsi
1066 1485 1249 1527 liberum
1288 1488 1482 1541 spatium,
1515 1486 1699 1538 relinqui
1730 1486 1849 1527 Plato

43 1544 181 1598 Jubet.
210 1563 271 1582 '-
297 1542 347 1584 P.
374 1541 462 1584 948
493 1540 527 1583 G
555 1540 643 1583 νῦν
674 1496 813 1595 {for}
838 1533 918 1582 ὅτε
942 1543 999 1594 P,
1032 1541 1120 1583 νῦν
1145 1537 1198 1584 δὲ
1227 1535 1304 1584 ὅτε
1329 1537 1390 1597 δὴ
1417 1543 1576 1586 VBST.
1603 1565 1662 1574 —
1687 1545 1735 1586 P.
1763 1543 1851 1586 948

47 1599 84 1640 D
114 1592 321 1651 ἐξαιρεῖν
353 1593 443 1653 χρὴ
481 1601 513 1641 Ρ
542 1606 585 1640 et
614 1599 669 1650 S,
706 1591 912 1651 ἐξαιρεῖν
942 1598 1023 1641 δεῖ
1046 1601 1171 1646 VBT.
1202 1624 1259 1633 -
1286 1603 1335 1645 P.
1370 1601 1459 1644 949
1487 1601 1524 1642 D
1558 1597 1737 1653 τακτὴν
1768 1614 1847 1655 pro

49 1650 191 1723 ised*
220 1658 376 1711 scripsi
393 1669 458 1724 ‚ex
487 1656 732 1711 conjectura
755 1658 1122 1713 Winckelmanni,
1156 1659 1392 1712 eodemque
1421 1666 1591 1701 auctore
1622 1671 1664 1727 p.
1691 1657 1779 1701 950
1808 1658 1847 1698 Α

46 1715 209 1761 αυτοῖς
236 1726 315 1768 pro
345 1714 509 1761 αυτοῖς
541 1715 709 1772 recepi3
742 1714 875 1758 libros
906 1723 1049 1759 autem
1080 1724 1252 1761 secutus
1280 1729 1326 1772 p.
1356 1715 1440 1760 951
1472 1717 1508 1758 D
1548 1709 1731 1771 ἄνασχῃ
1771 1728 1850 1770 pro

45 1763 217 1826 α’νίσχῃ
242 1774 443 1814 revocavi
472 1781 513 1817 et
531 1787 577 1829 p.
603 1774 689 1816 952
709 1774 748 1815 Α
779 1764 812 1814 ἃ
833 1781 931 1816 ante
959 1772 1167 1828 μαθοῦσι
1195 1774 1376 1829 sustuli,
1408 1775 1524 1827 quod
1553 1782 1645 1816 tum
1677 1775 1847 1816 demum
1879 1807 1885 1815 .

45 1829 344 1887 interpositum
374 1844 470 1874 esse
497 1832 691 1885 videtur,
725 1845 855 1885 quum
891 1834 1056 1875 intrusa
1083 1839 1179 1874 ante
1209 1826 1354 1887 ταύτῃ
1384 1831 1441 1887 τῇ
1469 1827 1632 1886 σκέψει
1667 1843 1848 1885 praepo-

47 1889 148 1931 sitio
176 1889 286 1931 ωε·
314 1890 568 1945 disciplinas
593 1889 830 1945 flagitaret,
870 1902 976 1943 quas
1008 1891 1254 1932 deliberatio
1285 1890 1413 1931 utiles
1443 1902 1537 1931 esse
1567 1890 1846 1936 decrevisset3

45 1958 161 1988 nunc
193 1957 245 1988 ea
271 1947 415 2001 potius
451 1946 633 1989 utilitate
666 1947 902 1997 intellecta,
943 1961 1052 2000 quae
1084 1949 1141 1989 ad
1177 1949 1317 2002 ipsam
1353 1948 1406 1989 de
1436 1948 1604 2002 legibus
1641 1946 1847 1987 delibera-

43 2005 204 2045 tionem
231 2002 810 2071 illusmdamymineret,
841 1997 894 2046 ἐν
920 2019 1089 2058 quoque
1115 2006 1404 2046 circumscribi
1433 2016 1542 2058 opus
1573 2008 1679 2048 erat.
1741 2003 1848 2043 Item

45 2072 91 2114 p.
122 2059 211 2104 953
241 2063 280 2103 Α
308 2055 397 2109 ἔως
421 2074 499 2115 pro
530 2073 660 2110 cume
686 2054 748 2103 ἃν
776 2064 809 2103 Ρ
838 2069 879 2104 et
905 2060 952 2102 Ω
980 2063 1242 2111 obtulerunt,
1273 2074 1351 2102 nec
1373 2062 1411 2102 si
1436 2074 1483 2116 p.
1508 2060 1596 2103 954
1619 2061 1657 2100 Α
1687 2072 1742 2101 ex
1773 2072 1848 2101 an-
1897 2107 1900 2112 ⁴

45 2118 166 2169 tique
204 2125 300 2158 mea
334 2119 579 2171 conjectura
618 2117 699 2171 (de
729 2120 884 2174 vestig.
917 2120 1048 2164 instit.
1087 2126 1171 2164 vet.
1203 2131 1247 2173 p.
1276 2117 1356 2172 65)
1386 2107 1420 2172 ἢ
1451 2120 1562 2160 inter
1591 2109 1766 2170 γυμνὸς
1807 2123 1848 2158 et

45 2172 328 2227 χιτωνίσκον
364 2174 548 2222 seclusi,
587 2177 731 2217 minus
761 2177 860 2217 ideo
896 2182 1088 2230 promtus
1124 2176 1189 2217 sul
1218 2189 1263 2230 p.
1295 2175 1381 2218 955
1409 2175 1443 2216 Β
1474 2175 1531 2217 ad
1561 2170 1848 2228 κλεμμάδιον

45 2243 124 2285 pro
156 2225 334 2284 κλέμμα
359 2224 430 2272 δι’
454 2226 618 2273 ὁτιοῦν
645 2232 710 2273 vel
738 2244 782 2286 p.
809 2231 895 2275 955
927 2233 960 2273 E
995 2234 1052 2275 ad
1080 2229 1430 2288 βουλευομένων
1463 2245 1543 2287 pro
1577 2225 1848 2288 βουλευόμε-

45 2299 135 2329 νον
157 2288 489 2338 restituendum,
517 2301 695 2341 quorum
722 2296 950 2342 utrumque
979 2291 1107 2332 etiam
1139 2288 1440 2332 Stallbaumius
1470 2291 1658 2332 retinuit.
1696 2288 1846 2342 Κλεμ-

43 2338 220 2398 μόδιον
257 2357 335 2399 pro
372 2344 637 2403 κλοπιμαίφ
666 2345 882 2388 confirmat
911 2346 1017 2393 Poll.
1049 2347 1199 2389 Onom.
1230 2348 1344 2394 vm.
1382 2347 1462 2397 34;
1494 2348 1671 2403 genitivi
1705 2355 1846 2389 autem

46 2403 195 2445 eadem
237 2402 326 2468 fere
355 2404 464 2446 ratio
499 2410 566 2445 est
595 2416 704 2456 quae
744 2404 926 2447 Phaedr.
959 2418 997 2450 c.
1029 2404 1086 2448 35
1114 2401 1365 2459 δεομένων.
1411 2426 1469 2437 -—·
1506 2406 1614 2448 Ibid.
1647 2402 1711 2461 τῷ
1742 2412 1846 2446 ante

45 2454 133 2498 τοῦ
157 2471 419 2515 αρηματος
447 2461 540 2503 tolli
579 2462 675 2503 Par.
711 2461 858 2512 ‘ussit3
895 2474 998 2504 mox
1033 2470 1175 2506 autem
1211 2463 1335 2505 facile
1372 2463 1623 2518 persuaderi
1654 2462 1760 2504 mihi
1793 2463 1846 2503 ab

47 2511 210 2577 m.
226 2530 380 2573 passus
406 2530 526 2570 sum,
557 2524 606 2559 ut
629 2475 724 2559 ἀπό
750 2514 1018 2568 λελοιπότος
1044 2533 1122 2575 pro
1149 2513 1514 2568 ἀπολελοιπότος
1544 2521 1728 2570 ederem,
1763 2532 1846 2572 quo

48 2571 93 2613 ln
126 2576 358 2630 emito
386 2588 468 2618 nec
494 2578 827 2632 praepositionis
863 2579 930 2619 vis
959 2590 1038 2620 nec
1067 2579 1245 2634 genitivi
1275 2584 1491 2620 structura·
1515 2578 1741 2620 commoda
1768 2589 1846 2629 ap-

44 2636 186 2683 paret.
217 2639 283 2668 -ο
303 2632 351 2678 Ρ.
382 2632 469 2676 957
495 2634 530 2676 Β
558 2632 769 2685 πολλῶν,
801 2635 918 2687 quod
950 2636 1042 2677 sine
1070 2636 1246 2678 articulo
1276 2649 1403 2692 aegre
1441 2648 1538 2677 cum
1569 2635 1844 2688 sequentibus

48 2687 152 2734 0032·
179 2697 259 2740 pro
284 2698 481 2745 aspecto
511 2695 679 2748 notam
713 2693 916 2748 deinceps
940 2706 1039 2735 vero
1067 2694 1180 2746 quod
1214 2693 1340 2749 vulgo
1371 2700 1470 2748 post
1494 2686 1693 2746 ἀγαθῶν
1726 2691 1843 2744 lege-

46 2741 172 2783 batur
202 2737 283 2785 nui
310 2745 464 2789 ναλὸν
492 2760 587 2791 cnm
615 2749 648 2791 P
680 2756 721 2792 et
757 2747 804 2791 a
834 2751 994 2804 abjeci,
1028 2752 1342 2804 eorundemque
1374 2752 1458 2793 ssde
1487 2763 1533 2804 p.
1566 2750 1653 2792 957
1684 2747 1715 2789 C
1746 2759 1842 2788 cum

47 2797 197 2845 Stallb.
230 2796 339 2852 πέρι
365 2813 446 2857 pro
470 2800 603 2859 πάρα
629 2814 728 2862 post
756 2801 911 2848 αὐτῶν
939 2816 980 2850 et
1008 2799 1041 2849 ἃ
1067 2816 1165 2850 ante
1193 2805 1326 2861 εἴπερ
1352 2808 1572 2855 τενοοενίς
1602 2816 1845 2858 quanquam

46 2853 130 2899 hoe
154 2867 268 2901 recte
293 2859 434 2904 'rm-te.
464 2864 715 2907 exturbasse
746 2866 946 2908 cancellis
971 2866 1149 2920 adJectis
1178 2865 1445 2920 significavi,
1472 2875 1689 2915 unumque
1717 2863 1847 2903 miror
