1976 3172
732 151 1050 202 ΝΟΜΩΝ
1083 146 1152 200 θ’.
1606 169 1609 171 ·
1666 151 1772 205 305

85 295 213 344 λων.
254 287 410 344 ταῦτ’
432 280 541 343 οὖν
558 285 627 358 δὴ
645 289 1015 357 δικαστηρίοις
1033 287 1343 383 ἐπιτρέπειν
1360 291 1576 357 κρίνειν
1591 287 1781 349 πάντα,

9 388 13 444 y
82 392 118 439 η
98 365 311 441 ’“μηδὲυ
334 368 643 426 ἀδύνατον·
681 370 744 424 ἓν
769 365 874 466 μὲν
900 363 1009 451 γὰρ
1037 364 1175 421 κατὰ
1207 366 1433 425 πάντων
1463 367 1774 440 ἀναγκαῖον

8 448 11 504 ἔ
81 454 395 522 ἐπιτρέπειν
409 461 614 523 κρῖναι,
636 447 700 507 τὸ
726 448 966 516 πότερον
984 444 1264 517 ἐγένετο”
1225 470 1260 519 η
1282 445 1388 503 οὐκ
1406 451 1676 519 ἐγένετο’”’
1643 473 1774 507 εκα-

8 515 11 535 ¹
82 550 218 588 στον
239 531 579 591 τούτων·τὸ
612 531 673 588 δὲ
692 527 866 602 μηδὲν
889 531 1200 600 ἐπιτρέπειν
1227 523 1303 584 αὖ
1334 531 1458 600 περὶ
1486 538 1590 586 τοῦ
1615 536 1672 587 τί
1696 535 1785 589 δεῖ

6 677 10 687 ,
80 619 419 686 ζημιοῦσθαι
435 618 530 672 καὶ
545 613 777 685 πάσχειν
804 617 862 668 τί
882 611 1063 691 χρεών
1078 608 1180 667 τὸν
1197 607 1541 682 ἀδικήσαντα
1558 613 1776 671 τούτων
1802 626 1891 675 876

80 717 150 766 τι,
170 694 296 754 ἀλλ’
313 695 493 754 αὐτὸν
512 697 638 765 περὶ
655 694 884 751 πάντων
903 688 1281 765 νομοθετῆσαι
1300 699 1553 764 σμικρων
1570 696 1660 750 καὶ
1675 716 1775 766 με-

77 777 287 848 γάλων,
307 774 507 848 σχεδὸν
522 775 821 832 ἀδύνατον.

221 864 340 916 ΚΛ.
384 863 478 924 Τίς
498 853 609 915 οὖν
626 856 656 916 ὁ
674 856 810 930 μετὰ
830 863 1035 913 τοῦτον
1054 856 1243 927 λόγος;

219 946 339 998 ΛΘ.
364 938 512 1010 Ὅδε,
534 938 621 996 ὅτι
637 938 705 995 τὰ
726 942 828 1010 μὲν
846 940 1198 1007 ἐπιτρεπτέον
1218 935 1608 1010 δικαστηρίοις,
1626 936 1694 994 τά
1714 937 1775 995 δὲ

76 1018 183 1079 οὐκ
202 1024 574 1093 ἐπιτρεπτέον,
594 1018 716 1077 ἀλλ’
741 1018 893 1095 αὐτῷ
915 1021 1337 1092 νομοθετητέον.

220 1109 340 1159 ΚΑ.
378 1109 524 1160 Ποῖα
554 1101 622 1175 δὴ
659 1105 1063 1175 νομοθετητέον
1092 1124 1151 1159 τε
1178 1103 1272 1161 καὶ
1306 1113 1436 1160 ποῖα
1465 1100 1799 1160 ἀποδοτέον-

79 1190 291 1251 κρίνειν
307 1197 421 1251 τοῖς
443 1189 814 1255 δικαστηρίοις
827 1209 843 1252 ;

219 1270 350 1323 xlv.
389 1272 509 1323 Ao.
552 1266 697 1323 Τάδε
727 1265 795 1337 δὴ
828 1265 965 1337 μετὰ
1004 1271 1177 1322 ταῦτα
1207 1263 1472 1339 ὀρθότατ’
1508 1265 1579 1323 ἄν
1600 1271 1774 1324 εἰπεῖν

77 1355 180 1418 εἰη,
202 1345 277 1412 ὥς
294 1351 357 1404 ἐν
380 1348 556 1417 πόλει,
577 1349 640 1404 ἐν
659 1340 699 1419 ᾗ
720 1347 1047 1418 δικαστήρια
1072 1354 1263 1418 φαῦλα
1293 1350 1384 1404 καὶ
1415 1347 1618 1419 ἄφωνα
1646 1351 1775 1406 κλέ-
1807 1365 1839 1406 Β

76 1447 285 1485 πτοντα
301 1426 403 1493 τὰς
418 1425 612 1498 αὐτῶν
637 1426 804 1493 δόξας
820 1428 1078 1499 κρύβδην
1095 1428 1193 1493 τοὶς
1219 1433 1428 1498 κρίσεις
1458 1429 1775 1501 διαδικάζει,

0 1495 2 1516 ¹
76 1509 217 1569 καὶᾶ
233 1510 440 1567 τούτου
458 1509 794 1582 δεινότερον,
825 1508 966 1566 ὅταν
992 1510 1131 1582 μηδὲ
1157 1516 1399 1580 σιγῶντα
1428 1509 1570 1566 άλλά
1590 1511 1776 1583 θορύ-
1846 1548 1853 1551 -

0 1638 1 1641 ,
77 1597 187 1663 βου
196 1591 367 1663 μεστά
385 1590 644 1663 καθάπερ
653 1595 867 1663 θέατρα
881 1591 1220 1648 ἐπαινοῦντά
1238 1613 1298 1648 τε
1311 1597 1420 1664 βοῇ
1431 1593 1523 1649 καὶ
1534 1595 1776 1664 ψέγοντα

0 1735 1 1738 ¹
78 1680 192 1730 τῶν
209 1674 464 1746 ρητόρων
483 1673 748 1744 ἑκάτερον
766 1677 828 1729 ἐν
858 1677 1012 1745 μέρει
1039 1679 1222 1746 κρίνῃ,
1241 1673 1489 1746 χαλεπὸν
1513 1675 1638 1731 τότε
1664 1675 1776 1731 πά-

0 1787 1 1793 =
78 1765 185 1823 θος
207 1755 311 1829 ὅλῃ
327 1762 396 1829 τῇ
417 1756 576 1814 πόλει
597 1763 895 1828 γίγνεσθαι
921 1762 1086 1828 φιλεῖ.
1125 1767 1239 1822 τοῖς
1265 1749 1373 1813 οὖν
1405 1755 1473 1830 δὴ
1505 1756 1776 1824 τοιούτοις

80 1842 456 1910 δικαστηρίοις
492 1846 824 1911 νομοθετεῖν
859 1836 973 1896 ὑπό
1009 1860 1160 1903 τινος
1203 1836 1447 1912 ἀνάγκης
1485 1842 1776 1912 ληφθέντα

77 1918 183 1976 ούκ
205 1919 429 1992 εὐτυχὲς
445 1923 568 1993 μέν,
587 1918 736 1993 ὅμως
755 1920 815 1980 δὲ
833 1922 888 1988 ἐξ
908 1918 1158 1994 ἀνάγκης
1171 1924 1502 1994 εἰλημμένον
1529 1921 1562 1977 ὅ
1580 1943 1632 1977 τι
1651 1924 1776 1993 περὶ

78 2003 417 2075 σμικρότατα
435 2006 791 2075 ἐπιτρεπτέον
810 2001 1000 2070 αὐτοῖς
1019 2002 1236 2059 τάττειν
1265 2002 1362 2069 τὰς
1382 2008 1588 2075 ζημίας,
1617 2001 1685 2059 τὰ
1715 2001 1775 2060 δὲ
1807 2014 1837 2056 C

77 2091 307 2142 πλεῖστα
325 2083 506 2142 αὐτὸν
526 2093 858 2157 νομοθετεῖν
877 2086 1205 2157 διαρρήδην,
1226 2084 1299 2140 ἄν
1317 2106 1397 2149 τις
1417 2083 1526 2158 ἄρα
1545 2084 1774 2159 τοιαύτη

78 2171 326 2240 πολιτείᾳ
345 2173 628 2240 νομοθετῇ
647 2170 805 2224 ποτέ·
840 2160 956 2240 ένῇ
977 2170 1037 2224 δὲ
1054 2162 1127 2223 ἂν
1155 2166 1315 2223 πόλει
1343 2167 1668 2240 δικαστήρια
1698 2172 1774 2234 είς

80 2248 324 2319 δύναμιν
345 2247 536 2320 ὀρθῶς
554 2256 891 2308 καθεστῶτα.
908 2244 946 2323 ᾗ
973 2252 1300 2323 τραφέντων
1329 2271 1388 2307 τε
1420 2243 1486 2306 εὖ
1507 2254 1623 2306 τοῖν
1641 2255 1774 2322 μελ-

77 2330 298 2388 λόντων
314 2330 558 2411 δικάζειν
579 2333 1039 2405 δοκιμασθέντων
1056 2354 1115 2389 τε
1143 2331 1235 2389 δια
1264 2331 1444 2404 πάσης
1471 2330 1771 2405 ἀκριβείας,

77 2414 329 2470 ἐνταῦθα
357 2405 543 2484 ὀρθόν
570 2416 663 2471 καὶ
691 2419 820 2486 ἔχον
847 2408 915 2471 εὖ
943 2416 1036 2471 καὶ
1059 2419 1242 2481 καλῶς
1259 2412 1327 2470 τὰ
1353 2412 1530 2472 πολλὰ
1561 2417 1774 2483 ἐπιτρέ-

78 2513 207 2550 πειν
224 2499 438 2566 κρίνειν
458 2506 574 2563 τοῖς
590 2498 865 2564 τοιούτοις
884 2501 1164 2564 δικασταῖς
1183 2502 1296 2555 τῶν
1316 2494 1612 2568 ὀφλόντων
1630 2500 1772 2568 πέρι,

81 2580 138 2631 τί
150 2574 253 2646 χρὴ
269 2576 501 2648 πάσχειν
518 2577 725 2646 αὐτοὺς
743 2578 781 2653 ἢ
810 2578 1108 2638 ἀποτίνειν.
1146 2577 1278 2652 ἡμῖν
1305 2577 1373 2650 δὴ
1409 2599 1476 2636 τα
1504 2585 1614 2635 νῦν
1642 2576 1773 2634 ἀνε-

82 2658 323 2754 μέσητον
338 2654 401 2714 τὸ
420 2658 496 2731 μὴ
510 2664 842 2734 υομὸθετεῦν
860 2660 1048 2728 αὐτοῖς
1064 2660 1131 2718 τὰ
1149 2663 1377 2733 μέγιστα
1403 2661 1495 2717 καὶ
1524 2666 1768 2730 πλεῖστα,
1807 2679 1835 2718 ί)

84 2734 120 2795 ἃ
149 2739 241 2795 καὶ
270 2740 688 2814 φαυλοτέρως”
651 2767 725 2802 αν
753 2745 1184 2815 πεπαιδευμένοι
1219 2743 1471 2799 δικασταὶ
1509 2740 1772 2799 δύναιντο

82 2822 327 2945 καῖιδετν
344 2824 450 2946 :lud
486 2826 824 2897 προσάπτειν
861 2826 1071 2903 ἑκάστω
1098 2847 1212 2883 των
1237 2823 1646 2952 ἁμαρτηὲιὲἱτων
1672 2823 1775 2898 τὴν

191 2914 311 2945 LAro
1153 2933 1171 2946 ο
