<?xml version="1.0" encoding="UTF-8"?>
<!DOCTYPE html PUBLIC "-//W3C//DTD XHTML 1.0 Transitional//EN"
    "http://www.w3.org/TR/xhtml1/DTD/xhtml1-transitional.dtd">
<html xmlns="http://www.w3.org/1999/xhtml" xml:lang="en" lang="en">
 <head>
  <title>
</title>
<meta http-equiv="Content-Type" content="text/html;charset=utf-8" />
  <meta name='ocr-system' content='tesseract 3.04.00' />
  <meta name='ocr-capabilities' content='ocr_page ocr_carea ocr_par ocr_line ocrx_word'/>
</head>
<body>
  <div class='ocr_page' id='page_1' title='image "./dialogisecumdumt05platuoft_0129.png"; bbox 0 0 1976 3172; ppageno 0'>
   <div class='ocr_carea' id='block_1_1' title="bbox 694 102 1785 201">
    <p class='ocr_par' dir='ltr' id='par_1_1' title="bbox 694 102 1785 201">
     <span class='ocr_line' id='line_1_1' title="bbox 694 102 1785 201; baseline 0.001 -12"><span class='ocrx_word' id='word_1_1' title='bbox 694 137 1014 189; x_wconf 68' lang='lat' dir='ltr'><strong><em>NOMszN</em></strong></span> <span class='ocrx_word' id='word_1_2' title='bbox 1044 131 1102 201; x_wconf 84' lang='grc' dir='ltr'><strong><em>γ’.</em></strong></span> <span class='ocrx_word' id='word_1_3' title='bbox 1681 137 1751 191; x_wconf 84' lang='grc'><strong><em>97</em></strong></span> <span class='ocrx_word' id='word_1_4' title='bbox 1782 102 1785 106; x_wconf 61' lang='lat'><strong><em>‘</em></strong></span> 
     </span>
    </p>
   </div>
   <div class='ocr_carea' id='block_1_2' title="bbox 62 348 1850 426">
    <p class='ocr_par' dir='ltr' id='par_1_2' title="bbox 62 348 1850 426">
     <span class='ocr_line' id='line_1_2' title="bbox 62 348 1850 426; baseline 0.002 -18"><span class='ocrx_word' id='word_1_5' title='bbox 62 359 158 423; x_wconf 86' lang='grc' dir='ltr'><strong><em>τῆς</em></strong></span> <span class='ocrx_word' id='word_1_6' title='bbox 186 355 247 408; x_wconf 85' lang='grc' dir='ltr'><strong><em>έν</em></strong></span> <span class='ocrx_word' id='word_1_7' title='bbox 274 358 598 424; x_wconf 69' lang='grc' dir='ltr'><strong><em>Μαραθῶνι</em></strong></span> <span class='ocrx_word' id='word_1_8' title='bbox 623 348 798 423; x_wconf 77' lang='grc' dir='ltr'><strong><em>μάχης</em></strong></span> <span class='ocrx_word' id='word_1_9' title='bbox 825 353 1126 422; x_wconf 77' lang='grc' dir='ltr'><strong><em>γενομένης</em></strong></span> <span class='ocrx_word' id='word_1_10' title='bbox 1151 358 1258 426; x_wconf 55' lang='grc' dir='ltr'><strong><em>μιιὲἶ4</em></strong></span> <span class='ocrx_word' id='word_1_11' title='bbox 1279 350 1474 426; x_wconf 79' lang='grc' dir='ltr'><strong><em>ἡμέρα.</em></strong></span> <span class='ocrx_word' id='word_1_12' title='bbox 1522 351 1659 425; x_wconf 77' lang='grc' dir='ltr'><strong><em>μετὰ</em></strong></span> <span class='ocrx_word' id='word_1_13' title='bbox 1691 353 1758 412; x_wconf 73' lang='grc' dir='ltr'><strong><em>δὲ</em></strong></span> <span class='ocrx_word' id='word_1_14' title='bbox 1845 383 1850 390; x_wconf 63' lang='grc'><em>’</em></span> 
     </span>
    </p>
   </div>
   <div class='ocr_carea' id='block_1_3' title="bbox 62 431 1754 750">
    <p class='ocr_par' dir='ltr' id='par_1_3' title="bbox 62 431 1754 750">
     <span class='ocr_line' id='line_1_3' title="bbox 65 431 1751 506; baseline 0.002 -18"><span class='ocrx_word' id='word_1_15' title='bbox 65 440 230 489; x_wconf 85' lang='grc' dir='ltr'><strong><em>τοῦτο</em></strong></span> <span class='ocrx_word' id='word_1_16' title='bbox 250 437 601 505; x_wconf 84' lang='grc' dir='ltr'><strong><em>παρασκευαί</em></strong></span> <span class='ocrx_word' id='word_1_17' title='bbox 612 453 672 488; x_wconf 91' lang='grc' dir='ltr'><strong><em>τε</em></strong></span> <span class='ocrx_word' id='word_1_18' title='bbox 685 431 920 504; x_wconf 84' lang='grc' dir='ltr'><strong><em>μεγάλαι</em></strong></span> <span class='ocrx_word' id='word_1_19' title='bbox 936 431 1231 503; x_wconf 77' lang='grc' dir='ltr'><strong><em>λεγόμεναι</em></strong></span> <span class='ocrx_word' id='word_1_20' title='bbox 1253 436 1345 488; x_wconf 88' lang='grc' dir='ltr'><strong><em>καὶ</em></strong></span> <span class='ocrx_word' id='word_1_21' title='bbox 1364 432 1585 490; x_wconf 81' lang='grc' dir='ltr'><strong><em>ἀπειλαὶ</em></strong></span> <span class='ocrx_word' id='word_1_22' title='bbox 1605 438 1751 506; x_wconf 84' lang='grc' dir='ltr'><strong><em>ἐφοί-</em></strong></span> 
     </span>
     <span class='ocr_line' id='line_1_4' title="bbox 62 510 1752 588; baseline 0.001 -18"><span class='ocrx_word' id='word_1_23' title='bbox 62 537 175 571; x_wconf 92' lang='grc' dir='ltr'><strong><em>των</em></strong></span> <span class='ocrx_word' id='word_1_24' title='bbox 193 521 387 588; x_wconf 84' lang='grc' dir='ltr'><strong><em>μυρίαι</em></strong></span> <span class='ocrx_word' id='word_1_25' title='bbox 403 510 554 583; x_wconf 79' lang='grc' dir='ltr'><strong><em>παρὰ</em></strong></span> <span class='ocrx_word' id='word_1_26' title='bbox 573 515 855 586; x_wconf 83' lang='grc' dir='ltr'><strong><em>βασιλέως.</em></strong></span> <span class='ocrx_word' id='word_1_27' title='bbox 885 513 1181 584; x_wconf 75' lang='grc' dir='ltr'><strong><em>προϊόντος</em></strong></span> <span class='ocrx_word' id='word_1_28' title='bbox 1198 514 1260 570; x_wconf 75' lang='grc' dir='ltr'><strong><em>δὲ</em></strong></span> <span class='ocrx_word' id='word_1_29' title='bbox 1277 518 1381 570; x_wconf 83' lang='grc' dir='ltr'><strong><em>τοῦ</em></strong></span> <span class='ocrx_word' id='word_1_30' title='bbox 1399 515 1608 586; x_wconf 85' lang='grc' dir='ltr'><strong><em>χρόνον</em></strong></span> <span class='ocrx_word' id='word_1_31' title='bbox 1628 523 1752 572; x_wconf 89' lang='grc' dir='ltr'><strong><em>Λα-</em></strong></span> 
     </span>
     <span class='ocr_line' id='line_1_5' title="bbox 63 594 1754 669; baseline 0 -15"><span class='ocrx_word' id='word_1_32' title='bbox 63 609 209 667; x_wconf 80' lang='grc' dir='ltr'><strong><em>ρεῖος</em></strong></span> <span class='ocrx_word' id='word_1_33' title='bbox 233 596 339 669; x_wconf 74' lang='grc' dir='ltr'><strong><em>μὲν</em></strong></span> <span class='ocrx_word' id='word_1_34' title='bbox 365 595 637 653; x_wconf 77' lang='grc' dir='ltr'><strong><em>τεθνάναι</em></strong></span> <span class='ocrx_word' id='word_1_35' title='bbox 662 597 880 667; x_wconf 78' lang='grc' dir='ltr'><strong><em>ἐλέχθη,</em></strong></span> <span class='ocrx_word' id='word_1_36' title='bbox 917 597 1043 661; x_wconf 86' lang='grc' dir='ltr'><strong><em>νέος</em></strong></span> <span class='ocrx_word' id='word_1_37' title='bbox 1072 595 1134 652; x_wconf 78' lang='grc' dir='ltr'><strong><em>δὲ</em></strong></span> <span class='ocrx_word' id='word_1_38' title='bbox 1163 597 1256 652; x_wconf 86' lang='grc' dir='ltr'><strong><em>καὶ</em></strong></span> <span class='ocrx_word' id='word_1_39' title='bbox 1284 594 1534 668; x_wconf 83' lang='grc' dir='ltr'><strong><em>σφοδρὸς</em></strong></span> <span class='ocrx_word' id='word_1_40' title='bbox 1568 595 1598 652; x_wconf 92' lang='grc' dir='ltr'>ὁ</span> <span class='ocrx_word' id='word_1_41' title='bbox 1629 598 1754 662; x_wconf 85' lang='grc' dir='ltr'><strong><em>υίὸς</em></strong></span> 
     </span>
     <span class='ocr_line' id='line_1_6' title="bbox 63 674 1754 750; baseline -0.001 -15"><span class='ocrx_word' id='word_1_42' title='bbox 63 677 244 735; x_wconf 75' lang='grc' dir='ltr'><strong><em>αὐτοῦ</em></strong></span> <span class='ocrx_word' id='word_1_43' title='bbox 260 680 661 749; x_wconf 72' lang='grc' dir='ltr'><strong><em>παρειληφέναι</em></strong></span> <span class='ocrx_word' id='word_1_44' title='bbox 679 674 782 748; x_wconf 86' lang='grc' dir='ltr'><strong><em>τὴν</em></strong></span> <span class='ocrx_word' id='word_1_45' title='bbox 800 674 980 749; x_wconf 81' lang='grc' dir='ltr'><strong><em>ἀρχὴν</em></strong></span> <span class='ocrx_word' id='word_1_46' title='bbox 1009 678 1101 734; x_wconf 87' lang='grc' dir='ltr'><strong><em>καὶ</em></strong></span> <span class='ocrx_word' id='word_1_47' title='bbox 1130 676 1389 750; x_wconf 77' lang='grc' dir='ltr'><strong><em>οὐδαμῶς</em></strong></span> <span class='ocrx_word' id='word_1_48' title='bbox 1408 676 1754 750; x_wconf 77' lang='grc' dir='ltr'><strong><em>ἀφίστασθαι</em></strong></span> 
     </span>
    </p>
   </div>
   <div class='ocr_carea' id='block_1_4' title="bbox 58 757 1866 836">
    <p class='ocr_par' dir='ltr' id='par_1_4' title="bbox 58 757 1866 836">
     <span class='ocr_line' id='line_1_7' title="bbox 58 757 1866 836; baseline -0.001 -20"><span class='ocrx_word' id='word_1_49' title='bbox 58 766 157 833; x_wconf 85' lang='grc' dir='ltr'><strong><em>τῆς</em></strong></span> <span class='ocrx_word' id='word_1_50' title='bbox 174 757 349 831; x_wconf 86' lang='grc' dir='ltr'><strong><em>ὁρμῆς</em></strong></span> <span class='ocrx_word' id='word_1_51' title='bbox 362 781 376 794; x_wconf 87' lang='grc'><em>·</em></span> <span class='ocrx_word' id='word_1_52' title='bbox 413 762 470 816; x_wconf 84' lang='grc' dir='ltr'><strong><em>οἱ</em></strong></span> <span class='ocrx_word' id='word_1_53' title='bbox 488 762 548 816; x_wconf 81' lang='grc' dir='ltr'><strong><em>δὲ</em></strong></span> <span class='ocrx_word' id='word_1_54' title='bbox 563 758 846 831; x_wconf 80' lang='grc' dir='ltr'><strong><em>Ἀθηναῖοι</em></strong></span> <span class='ocrx_word' id='word_1_55' title='bbox 863 766 977 816; x_wconf 81' lang='grc' dir='ltr'><strong><em>πᾶν</em></strong></span> <span class='ocrx_word' id='word_1_56' title='bbox 990 765 1155 816; x_wconf 86' lang='grc' dir='ltr'><strong><em>τοῦτο</em></strong></span> <span class='ocrx_word' id='word_1_57' title='bbox 1176 757 1355 836; x_wconf 72' lang='grc' dir='ltr'><strong><em>ᾤοντο</em></strong></span> <span class='ocrx_word' id='word_1_58' title='bbox 1374 761 1461 817; x_wconf 81' lang='grc' dir='ltr'><strong><em>ἐπὶ</em></strong></span> <span class='ocrx_word' id='word_1_59' title='bbox 1480 767 1626 833; x_wconf 79' lang='grc' dir='ltr'><strong><em>σφᾶς</em></strong></span> <span class='ocrx_word' id='word_1_60' title='bbox 1644 758 1750 817; x_wconf 83' lang='grc' dir='ltr'><strong><em>αὐ-</em></strong></span> <span class='ocrx_word' id='word_1_61' title='bbox 1780 770 1866 815; x_wconf 88' lang='grc'><strong><em>699</em></strong></span> 
     </span>
    </p>
   </div>
   <div class='ocr_carea' id='block_1_5' title="bbox 58 840 1753 915">
    <p class='ocr_par' dir='ltr' id='par_1_5' title="bbox 58 840 1753 915">
     <span class='ocr_line' id='line_1_8' title="bbox 58 840 1753 915; baseline 0 -18"><span class='ocrx_word' id='word_1_62' title='bbox 58 840 194 908; x_wconf 76' lang='grc' dir='ltr'><strong><em>τούς</em></strong></span> <span class='ocrx_word' id='word_1_63' title='bbox 210 841 733 915; x_wconf 71' lang='grc' dir='ltr'><strong><em>παρασκευάζεσθαι</em></strong></span> <span class='ocrx_word' id='word_1_64' title='bbox 751 841 842 898; x_wconf 79' lang='grc' dir='ltr'><strong><em>διὰ</em></strong></span> <span class='ocrx_word' id='word_1_65' title='bbox 869 841 931 897; x_wconf 90' lang='grc' dir='ltr'>τό</span> <span class='ocrx_word' id='word_1_66' title='bbox 954 848 1281 915; x_wconf 71' lang='grc' dir='ltr'><strong><em>Μαραθῶνι</em></strong></span> <span class='ocrx_word' id='word_1_67' title='bbox 1308 841 1630 915; x_wconf 88' lang='grc' dir='ltr'><strong><em>γενόμενον,</em></strong></span> <span class='ocrx_word' id='word_1_68' title='bbox 1660 844 1753 898; x_wconf 82' lang='grc' dir='ltr'><strong><em>καὶ</em></strong></span> 
     </span>
    </p>
   </div>
   <div class='ocr_carea' id='block_1_6' title="bbox 58 921 1759 998">
    <p class='ocr_par' dir='ltr' id='par_1_6' title="bbox 58 921 1759 998">
     <span class='ocr_line' id='line_1_9' title="bbox 58 921 1759 998; baseline 0.001 -19"><span class='ocrx_word' id='word_1_69' title='bbox 58 921 532 990; x_wconf 72' lang='grc' dir='ltr'><strong><em>ἆκούοντεςἍθω</em></strong></span> <span class='ocrx_word' id='word_1_70' title='bbox 554 945 614 981; x_wconf 92' lang='grc' dir='ltr'><strong><em>τε</em></strong></span> <span class='ocrx_word' id='word_1_71' title='bbox 632 925 1063 997; x_wconf 80' lang='grc' dir='ltr'><strong><em>διορυττόμενον</em></strong></span> <span class='ocrx_word' id='word_1_72' title='bbox 1081 926 1175 981; x_wconf 82' lang='grc' dir='ltr'><strong><em>καὶ</em></strong></span> <span class='ocrx_word' id='word_1_73' title='bbox 1197 923 1607 998; x_wconf 82' lang='grc' dir='ltr'><strong><em>Ἑλλήσποντον</em></strong></span> <span class='ocrx_word' id='word_1_74' title='bbox 1628 929 1759 992; x_wconf 74' lang='grc' dir='ltr'><strong><em>ξεν-</em></strong></span> 
     </span>
    </p>
   </div>
   <div class='ocr_carea' id='block_1_7' title="bbox 58 1003 1751 1159">
    <p class='ocr_par' dir='ltr' id='par_1_7' title="bbox 58 1003 1751 1159">
     <span class='ocr_line' id='line_1_10' title="bbox 58 1003 1751 1079; baseline 0 -18"><span class='ocrx_word' id='word_1_75' title='bbox 58 1004 345 1077; x_wconf 83' lang='grc' dir='ltr'><strong><em>γνύμενον</em></strong></span> <span class='ocrx_word' id='word_1_76' title='bbox 361 1009 455 1063; x_wconf 85' lang='grc' dir='ltr'><strong><em>καὶ</em></strong></span> <span class='ocrx_word' id='word_1_77' title='bbox 483 1005 545 1062; x_wconf 84' lang='grc' dir='ltr'><strong><em>τὸ</em></strong></span> <span class='ocrx_word' id='word_1_78' title='bbox 575 1012 691 1062; x_wconf 76' lang='grc' dir='ltr'><strong><em>τοῖν</em></strong></span> <span class='ocrx_word' id='word_1_79' title='bbox 718 1012 866 1062; x_wconf 76' lang='grc' dir='ltr'><strong><em>νεῶν</em></strong></span> <span class='ocrx_word' id='word_1_80' title='bbox 891 1012 1108 1078; x_wconf 86' lang='grc' dir='ltr'><strong><em>πλῆθος</em></strong></span> <span class='ocrx_word' id='word_1_81' title='bbox 1143 1003 1425 1079; x_wconf 76' lang='grc' dir='ltr'><strong><em>ἡγήσαντο</em></strong></span> <span class='ocrx_word' id='word_1_82' title='bbox 1455 1005 1584 1063; x_wconf 80' lang='grc' dir='ltr'><strong><em>οὔτε</em></strong></span> <span class='ocrx_word' id='word_1_83' title='bbox 1613 1005 1751 1063; x_wconf 79' lang='grc' dir='ltr'><strong><em>κατὰ</em></strong></span> 
     </span>
     <span class='ocr_line' id='line_1_11' title="bbox 59 1084 1751 1159; baseline 0.001 -17"><span class='ocrx_word' id='word_1_84' title='bbox 59 1092 169 1155; x_wconf 71' lang='grc' dir='ltr'><strong><em>γῆν</em></strong></span> <span class='ocrx_word' id='word_1_85' title='bbox 185 1093 379 1158; x_wconf 87' lang='grc' dir='ltr'><strong><em>σφίσιν</em></strong></span> <span class='ocrx_word' id='word_1_86' title='bbox 398 1086 539 1143; x_wconf 82' lang='grc' dir='ltr'><strong><em>εἶναι</em></strong></span> <span class='ocrx_word' id='word_1_87' title='bbox 557 1090 835 1158; x_wconf 84' lang='grc' dir='ltr'><strong><em>σωτηρίαν</em></strong></span> <span class='ocrx_word' id='word_1_88' title='bbox 847 1084 976 1143; x_wconf 78' lang='grc' dir='ltr'><strong><em>οὔτε</em></strong></span> <span class='ocrx_word' id='word_1_89' title='bbox 995 1087 1134 1143; x_wconf 76' lang='grc' dir='ltr'><strong><em>κατὰ</em></strong></span> <span class='ocrx_word' id='word_1_90' title='bbox 1154 1088 1465 1145; x_wconf 76' lang='grc' dir='ltr'><strong><em>θάλατταν·</em></strong></span> <span class='ocrx_word' id='word_1_91' title='bbox 1489 1086 1615 1144; x_wconf 75' lang='grc' dir='ltr'><strong><em>οὔτε</em></strong></span> <span class='ocrx_word' id='word_1_92' title='bbox 1642 1085 1751 1159; x_wconf 76' lang='grc' dir='ltr'><strong><em>γὰρ</em></strong></span> 
     </span>
    </p>
   </div>
   <div class='ocr_carea' id='block_1_8' title="bbox 61 1166 1765 1242">
    <p class='ocr_par' dir='ltr' id='par_1_8' title="bbox 61 1166 1765 1242">
     <span class='ocr_line' id='line_1_12' title="bbox 61 1166 1765 1242; baseline 0.001 -18"><span class='ocrx_word' id='word_1_93' title='bbox 61 1168 374 1240; x_wconf 80' lang='grc' dir='ltr'><strong><em>βοηθήσειν</em></strong></span> <span class='ocrx_word' id='word_1_94' title='bbox 397 1166 584 1235; x_wconf 81' lang='grc' dir='ltr'><strong><em>αὑτοῖς</em></strong></span> <span class='ocrx_word' id='word_1_95' title='bbox 613 1167 819 1225; x_wconf 79' lang='grc' dir='ltr'><strong><em>οὐδένα</em></strong></span> <span class='ocrx_word' id='word_1_96' title='bbox 851 1203 914 1211; x_wconf 94' lang='lat'><strong><em>——</em></strong></span> <span class='ocrx_word' id='word_1_97' title='bbox 939 1171 1278 1242; x_wconf 87' lang='grc' dir='ltr'><strong><em>μεμνημένοι</em></strong></span> <span class='ocrx_word' id='word_1_98' title='bbox 1305 1167 1380 1236; x_wconf 74' lang='grc' dir='ltr'><strong><em>ὥς</em></strong></span> <span class='ocrx_word' id='word_1_99' title='bbox 1408 1167 1534 1227; x_wconf 84' lang='grc' dir='ltr'><strong><em>οὐδ’</em></strong></span> <span class='ocrx_word' id='word_1_100' title='bbox 1567 1167 1659 1227; x_wconf 76' lang='grc' dir='ltr'><strong><em>ὅτε</em></strong></span> <span class='ocrx_word' id='word_1_101' title='bbox 1687 1167 1765 1225; x_wconf 71' lang='grc' dir='ltr'><strong><em>τὸ</em></strong></span> 
     </span>
    </p>
   </div>
   <div class='ocr_carea' id='block_1_9' title="bbox 59 1245 1754 1406">
    <p class='ocr_par' dir='ltr' id='par_1_9' title="bbox 59 1245 1754 1406">
     <span class='ocr_line' id='line_1_13' title="bbox 60 1245 1754 1325; baseline 0.002 -20"><span class='ocrx_word' id='word_1_102' title='bbox 60 1252 336 1325; x_wconf 79' lang='grc' dir='ltr'><strong><em>πρότερον</em></strong></span> <span class='ocrx_word' id='word_1_103' title='bbox 354 1245 540 1322; x_wconf 69' lang='grc' dir='ltr'><strong><em>ἦλθον</em></strong></span> <span class='ocrx_word' id='word_1_104' title='bbox 553 1254 645 1307; x_wconf 84' lang='grc' dir='ltr'><strong><em>καὶ</em></strong></span> <span class='ocrx_word' id='word_1_105' title='bbox 663 1249 730 1307; x_wconf 78' lang='grc' dir='ltr'><strong><em>τὰ</em></strong></span> <span class='ocrx_word' id='word_1_106' title='bbox 750 1253 877 1322; x_wconf 86' lang='grc' dir='ltr'><strong><em>περὶ</em></strong></span> <span class='ocrx_word' id='word_1_107' title='bbox 892 1249 1171 1322; x_wconf 84' lang='grc' dir='ltr'><strong><em>Ἐρέτριαν</em></strong></span> <span class='ocrx_word' id='word_1_108' title='bbox 1188 1252 1572 1323; x_wconf 80' lang='grc' dir='ltr'><strong><em>διεπράξᾰντο,</em></strong></span> <span class='ocrx_word' id='word_1_109' title='bbox 1595 1256 1754 1323; x_wconf 88' lang='grc' dir='ltr'><strong><em>σφίσι</em></strong></span> 
     </span>
     <span class='ocr_line' id='line_1_14' title="bbox 59 1330 1750 1406; baseline 0.002 -18"><span class='ocrx_word' id='word_1_110' title='bbox 59 1354 123 1402; x_wconf 87' lang='grc' dir='ltr'><strong><em>γε</em></strong></span> <span class='ocrx_word' id='word_1_111' title='bbox 136 1330 320 1396; x_wconf 75' lang='grc' dir='ltr'><strong><em>οὐδεὶς</em></strong></span> <span class='ocrx_word' id='word_1_112' title='bbox 336 1331 461 1387; x_wconf 90' lang='grc' dir='ltr'><strong><em>τότε</em></strong></span> <span class='ocrx_word' id='word_1_113' title='bbox 478 1331 793 1403; x_wconf 84' lang='grc' dir='ltr'><strong><em>ἐβοήθησεν</em></strong></span> <span class='ocrx_word' id='word_1_114' title='bbox 811 1330 931 1387; x_wconf 84' lang='grc' dir='ltr'><strong><em>οὐδ’</em></strong></span> <span class='ocrx_word' id='word_1_115' title='bbox 950 1333 1308 1389; x_wconf 80' lang='grc' dir='ltr'><strong><em>ἐκινδύνευσε</em></strong></span> <span class='ocrx_word' id='word_1_116' title='bbox 1320 1333 1750 1406; x_wconf 79' lang='grc' dir='ltr'><strong><em>ξυμμαχόμενος·</em></strong></span> 
     </span>
    </p>
   </div>
   <div class='ocr_carea' id='block_1_10' title="bbox 55 1411 1808 1486">
    <p class='ocr_par' dir='ltr' id='par_1_10' title="bbox 55 1411 1808 1486">
     <span class='ocr_line' id='line_1_15' title="bbox 55 1411 1808 1486; baseline 0.004 -18"><span class='ocrx_word' id='word_1_117' title='bbox 55 1411 267 1469; x_wconf 80' lang='grc' dir='ltr'><strong><em>ταύτὸν</em></strong></span> <span class='ocrx_word' id='word_1_118' title='bbox 294 1411 363 1485; x_wconf 87' lang='grc' dir='ltr'><strong><em>δὴ</em></strong></span> <span class='ocrx_word' id='word_1_119' title='bbox 393 1412 755 1484; x_wconf 83' lang='grc' dir='ltr'><strong><em>προσεδόκων</em></strong></span> <span class='ocrx_word' id='word_1_120' title='bbox 782 1414 875 1470; x_wconf 82' lang='grc' dir='ltr'><strong><em>καὶ</em></strong></span> <span class='ocrx_word' id='word_1_121' title='bbox 903 1415 1029 1469; x_wconf 90' lang='grc' dir='ltr'><strong><em>τότε</em></strong></span> <span class='ocrx_word' id='word_1_122' title='bbox 1057 1413 1396 1485; x_wconf 85' lang='grc' dir='ltr'><strong><em>γενήσεσθαι</em></strong></span> <span class='ocrx_word' id='word_1_123' title='bbox 1425 1415 1488 1471; x_wconf 91' lang='grc' dir='ltr'><strong><em>τό</em></strong></span> <span class='ocrx_word' id='word_1_124' title='bbox 1518 1437 1580 1486; x_wconf 90' lang='grc' dir='ltr'><strong><em>γε</em></strong></span> <span class='ocrx_word' id='word_1_125' title='bbox 1607 1412 1748 1472; x_wconf 78' lang='grc' dir='ltr'><strong><em>κατὰ</em></strong></span> <span class='ocrx_word' id='word_1_126' title='bbox 1776 1434 1808 1475; x_wconf 93' lang='grc' dir='ltr'><strong>Β</strong></span> 
     </span>
    </p>
   </div>
   <div class='ocr_carea' id='block_1_11' title="bbox 0 1487 1754 2714">
    <p class='ocr_par' dir='ltr' id='par_1_11' title="bbox 0 1487 1754 2714">
     <span class='ocr_line' id='line_1_16' title="bbox 59 1487 1752 1567; baseline -0.001 -15"><span class='ocrx_word' id='word_1_127' title='bbox 59 1500 256 1565; x_wconf 81' lang='grc' dir='ltr'><strong><em>γῆν-</em></strong></span> <span class='ocrx_word' id='word_1_128' title='bbox 276 1496 371 1552; x_wconf 83' lang='grc' dir='ltr'><strong><em>καὶ</em></strong></span> <span class='ocrx_word' id='word_1_129' title='bbox 396 1493 536 1552; x_wconf 76' lang='grc' dir='ltr'><strong><em>κατὰ</em></strong></span> <span class='ocrx_word' id='word_1_130' title='bbox 563 1493 853 1551; x_wconf 81' lang='grc' dir='ltr'><strong><em>θάλατταν</em></strong></span> <span class='ocrx_word' id='word_1_131' title='bbox 883 1493 939 1550; x_wconf 90' lang='grc' dir='ltr'><strong><em>δ’</em></strong></span> <span class='ocrx_word' id='word_1_132' title='bbox 971 1487 1046 1550; x_wconf 85' lang='grc' dir='ltr'><strong><em>αὖ</em></strong></span> <span class='ocrx_word' id='word_1_133' title='bbox 1074 1500 1263 1552; x_wconf 79' lang='grc' dir='ltr'><strong><em>πᾶσαν</em></strong></span> <span class='ocrx_word' id='word_1_134' title='bbox 1292 1493 1534 1567; x_wconf 81' lang='grc' dir='ltr'><strong><em>ἀπορίαν</em></strong></span> <span class='ocrx_word' id='word_1_135' title='bbox 1561 1497 1752 1567; x_wconf 80' lang='grc' dir='ltr'><strong><em>ἑώρων</em></strong></span> 
     </span>
     <span class='ocr_line' id='line_1_17' title="bbox 60 1574 1749 1650; baseline 0.002 -20"><span class='ocrx_word' id='word_1_136' title='bbox 60 1582 348 1649; x_wconf 80' lang='grc' dir='ltr'><strong><em>σωτηρίας,</em></strong></span> <span class='ocrx_word' id='word_1_137' title='bbox 377 1582 525 1634; x_wconf 71' lang='grc' dir='ltr'><strong><em>νεῶν</em></strong></span> <span class='ocrx_word' id='word_1_138' title='bbox 559 1582 752 1650; x_wconf 83' lang='grc' dir='ltr'><strong><em>χιλίων</em></strong></span> <span class='ocrx_word' id='word_1_139' title='bbox 787 1579 880 1634; x_wconf 83' lang='grc' dir='ltr'><strong><em>καὶ</em></strong></span> <span class='ocrx_word' id='word_1_140' title='bbox 910 1579 993 1632; x_wconf 86' lang='grc' dir='ltr'><strong><em>ἔτι</em></strong></span> <span class='ocrx_word' id='word_1_141' title='bbox 1024 1574 1281 1634; x_wconf 85' lang='grc' dir='ltr'><strong><em>πλεόνων</em></strong></span> <span class='ocrx_word' id='word_1_142' title='bbox 1315 1579 1749 1650; x_wconf 82' lang='grc' dir='ltr'><strong><em>ἐπιφερομένων.</em></strong></span> 
     </span>
     <span class='ocr_line' id='line_1_18' title="bbox 58 1655 1751 1732; baseline 0.001 -19"><span class='ocrx_word' id='word_1_143' title='bbox 58 1661 194 1727; x_wconf 89' lang='grc' dir='ltr'><strong><em>μίαν</em></strong></span> <span class='ocrx_word' id='word_1_144' title='bbox 229 1655 615 1731; x_wconf 69' lang='grc' dir='ltr'><strong><em>δή,σωτηρίαν</em></strong></span> <span class='ocrx_word' id='word_1_145' title='bbox 646 1657 972 1730; x_wconf 82' lang='grc' dir='ltr'><strong><em>ξυνενόουν,</em></strong></span> <span class='ocrx_word' id='word_1_146' title='bbox 1009 1657 1218 1732; x_wconf 80' lang='grc' dir='ltr'><strong><em>λεπτὴν</em></strong></span> <span class='ocrx_word' id='word_1_147' title='bbox 1254 1658 1358 1732; x_wconf 74' lang='grc' dir='ltr'><strong><em>μὲν</em></strong></span> <span class='ocrx_word' id='word_1_148' title='bbox 1394 1662 1486 1716; x_wconf 87' lang='grc' dir='ltr'><strong><em>καὶ</em></strong></span> <span class='ocrx_word' id='word_1_149' title='bbox 1516 1659 1751 1731; x_wconf 78' lang='grc' dir='ltr'><strong><em>ἄπορον,</em></strong></span> 
     </span>
     <span class='ocr_line' id='line_1_19' title="bbox 59 1734 1749 1815; baseline 0.002 -20"><span class='ocrx_word' id='word_1_150' title='bbox 59 1738 244 1811; x_wconf 84' lang='grc' dir='ltr'><strong><em>μόνην</em></strong></span> <span class='ocrx_word' id='word_1_151' title='bbox 274 1738 327 1796; x_wconf 88' lang='grc' dir='ltr'><strong><em>δ’</em></strong></span> <span class='ocrx_word' id='word_1_152' title='bbox 359 1734 485 1811; x_wconf 81' lang='grc' dir='ltr'><strong><em>οὖν,</em></strong></span> <span class='ocrx_word' id='word_1_153' title='bbox 515 1744 819 1814; x_wconf 80' lang='grc' dir='ltr'><strong><em>βλέψαντες</em></strong></span> <span class='ocrx_word' id='word_1_154' title='bbox 850 1741 989 1811; x_wconf 88' lang='grc' dir='ltr'><strong><em>πρὸς</em></strong></span> <span class='ocrx_word' id='word_1_155' title='bbox 1022 1741 1085 1798; x_wconf 89' lang='grc' dir='ltr'><strong><em>τὸ</em></strong></span> <span class='ocrx_word' id='word_1_156' title='bbox 1120 1741 1395 1815; x_wconf 88' lang='grc' dir='ltr'><strong><em>πρότερον</em></strong></span> <span class='ocrx_word' id='word_1_157' title='bbox 1422 1742 1749 1815; x_wconf 87' lang='grc' dir='ltr'><strong><em>γενόμενον,</em></strong></span> 
     </span>
     <span class='ocr_line' id='line_1_20' title="bbox 60 1817 1754 1896; baseline 0.002 -21"><span class='ocrx_word' id='word_1_158' title='bbox 60 1817 134 1885; x_wconf 74' lang='grc' dir='ltr'><strong><em>ὥς</em></strong></span> <span class='ocrx_word' id='word_1_159' title='bbox 149 1822 205 1887; x_wconf 77' lang='grc' dir='ltr'><strong><em>ἐξ</em></strong></span> <span class='ocrx_word' id='word_1_160' title='bbox 224 1819 457 1893; x_wconf 79' lang='grc' dir='ltr'><strong><em>ἀπόρων</em></strong></span> <span class='ocrx_word' id='word_1_161' title='bbox 475 1823 569 1879; x_wconf 83' lang='grc' dir='ltr'><strong><em>καὶ</em></strong></span> <span class='ocrx_word' id='word_1_162' title='bbox 587 1823 710 1879; x_wconf 89' lang='grc' dir='ltr'><strong><em>τότε</em></strong></span> <span class='ocrx_word' id='word_1_163' title='bbox 729 1826 985 1894; x_wconf 79' lang='grc' dir='ltr'><strong><em>ἐφαίνετο</em></strong></span> <span class='ocrx_word' id='word_1_164' title='bbox 1013 1825 1280 1894; x_wconf 83' lang='grc' dir='ltr'><strong><em>γενέσθαι</em></strong></span> <span class='ocrx_word' id='word_1_165' title='bbox 1306 1821 1368 1880; x_wconf 80' lang='grc' dir='ltr'><strong><em>τὸ</em></strong></span> <span class='ocrx_word' id='word_1_166' title='bbox 1403 1829 1627 1896; x_wconf 80' lang='grc' dir='ltr'><strong><em>νικῆσαι</em></strong></span> <span class='ocrx_word' id='word_1_167' title='bbox 1645 1845 1754 1895; x_wconf 90' lang='grc' dir='ltr'><strong><em>μα-</em></strong></span> 
     </span>
     <span class='ocr_line' id='line_1_21' title="bbox 0 1901 1754 1991; baseline 0.002 -34"><span class='ocrx_word' id='word_1_168' title='bbox 0 1937 4 1991; x_wconf 44' lang='grc'><strong><em>,</em></strong></span> <span class='ocrx_word' id='word_1_169' title='bbox 56 1904 352 1973; x_wconf 78' lang='grc' dir='ltr'><strong><em>χομένους·</em></strong></span> <span class='ocrx_word' id='word_1_170' title='bbox 388 1903 478 1960; x_wconf 78' lang='grc' dir='ltr'><strong><em>ἐπὶ</em></strong></span> <span class='ocrx_word' id='word_1_171' title='bbox 497 1904 558 1961; x_wconf 79' lang='grc' dir='ltr'><strong><em>δὲ</em></strong></span> <span class='ocrx_word' id='word_1_172' title='bbox 576 1908 674 1975; x_wconf 86' lang='grc' dir='ltr'><strong><em>τῆς</em></strong></span> <span class='ocrx_word' id='word_1_173' title='bbox 692 1905 912 1970; x_wconf 77' lang='grc' dir='ltr'><strong><em>ἐλπίδος</em></strong></span> <span class='ocrx_word' id='word_1_174' title='bbox 930 1901 1226 1976; x_wconf 83' lang='grc' dir='ltr'><strong><em>ὀχούμενοι</em></strong></span> <span class='ocrx_word' id='word_1_175' title='bbox 1259 1902 1462 1976; x_wconf 84' lang='grc' dir='ltr'><strong><em>ταύτης</em></strong></span> <span class='ocrx_word' id='word_1_176' title='bbox 1491 1903 1754 1974; x_wconf 79' lang='grc' dir='ltr'><strong><em>εὕρισκον</em></strong></span> 
     </span>
     <span class='ocr_line' id='line_1_22' title="bbox 57 1982 1751 2058; baseline 0.001 -18"><span class='ocrx_word' id='word_1_177' title='bbox 57 1982 591 2057; x_wconf 53' lang='grc' dir='ltr'><strong><em>καταφυγὴναύτοζ</em></strong></span> <span class='ocrx_word' id='word_1_178' title='bbox 610 1991 686 2053; x_wconf 85' lang='grc' dir='ltr'><strong><em>εἰς</em></strong></span> <span class='ocrx_word' id='word_1_179' title='bbox 704 1984 911 2053; x_wconf 77' lang='grc' dir='ltr'><strong><em>αὐτοὺς</em></strong></span> <span class='ocrx_word' id='word_1_180' title='bbox 922 1986 1134 2058; x_wconf 88' lang='grc' dir='ltr'><strong><em>μόνους</em></strong></span> <span class='ocrx_word' id='word_1_181' title='bbox 1151 1985 1395 2043; x_wconf 81' lang='grc' dir='ltr'><strong><em>εἶναικαὶ</em></strong></span> <span class='ocrx_word' id='word_1_182' title='bbox 1413 1984 1545 2051; x_wconf 81' lang='grc' dir='ltr'><strong><em>τοὺς</em></strong></span> <span class='ocrx_word' id='word_1_183' title='bbox 1562 1986 1751 2050; x_wconf 87' lang='grc' dir='ltr'><strong><em>θεούς.</em></strong></span> 
     </span>
     <span class='ocr_line' id='line_1_23' title="bbox 58 2061 1753 2140; baseline 0.001 -19"><span class='ocrx_word' id='word_1_184' title='bbox 58 2064 217 2121; x_wconf 84' lang='grc' dir='ltr'><strong><em>ταῦτ’</em></strong></span> <span class='ocrx_word' id='word_1_185' title='bbox 240 2061 349 2122; x_wconf 82' lang='grc' dir='ltr'><strong><em>οὖν</em></strong></span> <span class='ocrx_word' id='word_1_186' title='bbox 366 2065 554 2134; x_wconf 81' lang='grc' dir='ltr'><strong><em>αὐτοῖς</em></strong></span> <span class='ocrx_word' id='word_1_187' title='bbox 570 2068 753 2125; x_wconf 81' lang='grc' dir='ltr'><strong><em>πάντα</em></strong></span> <span class='ocrx_word' id='word_1_188' title='bbox 773 2074 965 2140; x_wconf 88' lang='grc' dir='ltr'><strong><em>φιλίαν</em></strong></span> <span class='ocrx_word' id='word_1_189' title='bbox 983 2066 1242 2140; x_wconf 80' lang='grc' dir='ltr'><strong><em>ἀλλήλων</em></strong></span> <span class='ocrx_word' id='word_1_190' title='bbox 1260 2070 1512 2139; x_wconf 82' lang='grc' dir='ltr'><strong><em>ἐνεποίει,</em></strong></span> <span class='ocrx_word' id='word_1_191' title='bbox 1525 2066 1556 2124; x_wconf 90' lang='grc' dir='ltr'>ὁ</span> <span class='ocrx_word' id='word_1_192' title='bbox 1577 2067 1753 2140; x_wconf 87' lang='grc' dir='ltr'><strong><em>φόβος</em></strong></span> 
     </span>
     <span class='ocr_line' id='line_1_24' title="bbox 60 2142 1751 2222; baseline 0.002 -21"><span class='ocrx_word' id='word_1_193' title='bbox 60 2142 92 2201; x_wconf 83' lang='grc' dir='ltr'>ὁ</span> <span class='ocrx_word' id='word_1_194' title='bbox 125 2145 249 2203; x_wconf 76' lang='grc' dir='ltr'><strong><em>τότε</em></strong></span> <span class='ocrx_word' id='word_1_195' title='bbox 278 2146 476 2219; x_wconf 70' lang='grc' dir='ltr'><strong><em>παρών</em></strong></span> <span class='ocrx_word' id='word_1_196' title='bbox 501 2147 534 2204; x_wconf 83' lang='grc' dir='ltr'>ὅ</span> <span class='ocrx_word' id='word_1_197' title='bbox 560 2170 619 2206; x_wconf 85' lang='grc' dir='ltr'><strong><em>τε</em></strong></span> <span class='ocrx_word' id='word_1_198' title='bbox 646 2151 710 2207; x_wconf 76' lang='grc' dir='ltr'><strong><em>ἐκ</em></strong></span> <span class='ocrx_word' id='word_1_199' title='bbox 737 2157 852 2206; x_wconf 72' lang='grc' dir='ltr'><strong><em>ταῖν</em></strong></span> <span class='ocrx_word' id='word_1_200' title='bbox 881 2149 1073 2221; x_wconf 86' lang='grc' dir='ltr'><strong><em>νόμων</em></strong></span> <span class='ocrx_word' id='word_1_201' title='bbox 1103 2155 1219 2212; x_wconf 75' lang='grc' dir='ltr'><strong><em>τῶν</em></strong></span> <span class='ocrx_word' id='word_1_202' title='bbox 1247 2153 1568 2222; x_wconf 79' lang='grc' dir='ltr'><strong><em>ἔμπροσθεν</em></strong></span> <span class='ocrx_word' id='word_1_203' title='bbox 1586 2171 1751 2220; x_wconf 86' lang='grc' dir='ltr'><strong><em>γεγο-</em></strong></span> 
     </span>
     <span class='ocr_line' id='line_1_25' title="bbox 58 2222 1752 2303; baseline 0.003 -21"><span class='ocrx_word' id='word_1_204' title='bbox 58 2225 188 2298; x_wconf 76' lang='grc' dir='ltr'><strong><em>νώς,</em></strong></span> <span class='ocrx_word' id='word_1_205' title='bbox 210 2222 280 2295; x_wconf 68' lang='grc' dir='ltr'><strong><em>ὢν</em></strong></span> <span class='ocrx_word' id='word_1_206' title='bbox 308 2227 670 2297; x_wconf 83' lang='grc' dir='ltr'><strong><em>δουλεύοντες</em></strong></span> <span class='ocrx_word' id='word_1_207' title='bbox 698 2242 811 2297; x_wconf 81' lang='grc' dir='ltr'><strong><em>τοῖς</em></strong></span> <span class='ocrx_word' id='word_1_208' title='bbox 835 2230 1093 2302; x_wconf 84' lang='grc' dir='ltr'><strong><em>πρόσθεν</em></strong></span> <span class='ocrx_word' id='word_1_209' title='bbox 1119 2228 1314 2302; x_wconf 87' lang='grc' dir='ltr'><strong><em>νόμοις</em></strong></span> <span class='ocrx_word' id='word_1_210' title='bbox 1343 2232 1651 2303; x_wconf 85' lang='grc' dir='ltr'><strong><em>ἐκέκτηντο,</em></strong></span> <span class='ocrx_word' id='word_1_211' title='bbox 1681 2228 1752 2302; x_wconf 79' lang='grc' dir='ltr'><strong><em>ἣν</em></strong></span> 
     </span>
     <span class='ocr_line' id='line_1_26' title="bbox 58 2306 1745 2386; baseline 0.002 -22"><span class='ocrx_word' id='word_1_212' title='bbox 58 2311 199 2365; x_wconf 76' lang='grc' dir='ltr'><strong><em>αἰδῶ</em></strong></span> <span class='ocrx_word' id='word_1_213' title='bbox 234 2309 502 2377; x_wconf 79' lang='grc' dir='ltr'><strong><em>πολλάκις</em></strong></span> <span class='ocrx_word' id='word_1_214' title='bbox 534 2314 599 2368; x_wconf 84' lang='grc' dir='ltr'><strong><em>έν</em></strong></span> <span class='ocrx_word' id='word_1_215' title='bbox 631 2323 745 2378; x_wconf 75' lang='grc' dir='ltr'><strong><em>τοῖς</em></strong></span> <span class='ocrx_word' id='word_1_216' title='bbox 776 2312 894 2369; x_wconf 78' lang='grc' dir='ltr'><strong><em>ἅνω</em></strong></span> <span class='ocrx_word' id='word_1_217' title='bbox 931 2312 1118 2383; x_wconf 88' lang='grc' dir='ltr'><strong><em>λόγοις</em></strong></span> <span class='ocrx_word' id='word_1_218' title='bbox 1155 2319 1399 2385; x_wconf 75' lang='grc' dir='ltr'><strong><em>εἴπομεν,</em></strong></span> <span class='ocrx_word' id='word_1_219' title='bbox 1430 2306 1469 2386; x_wconf 82' lang='grc' dir='ltr'><em>ᾗ</em></span> <span class='ocrx_word' id='word_1_220' title='bbox 1495 2315 1587 2370; x_wconf 84' lang='grc' dir='ltr'><strong><em>καὶ</em></strong></span> <span class='ocrx_word' id='word_1_221' title='bbox 1617 2317 1745 2369; x_wconf 87' lang='grc' dir='ltr'><strong><em>δου-</em></strong></span> 
     </span>
     <span class='ocr_line' id='line_1_27' title="bbox 0 2388 1752 2467; baseline 0.003 -21"><span class='ocrx_word' id='word_1_222' title='bbox 0 2397 2 2418; x_wconf 84' lang='grc'><strong>“</strong></span> <span class='ocrx_word' id='word_1_223' title='bbox 50 2389 244 2448; x_wconf 72' lang='grc' dir='ltr'><strong><em>λεύειν</em></strong></span> <span class='ocrx_word' id='word_1_224' title='bbox 270 2394 485 2464; x_wconf 71' lang='grc' dir='ltr'><strong><em>ἔφαμεν</em></strong></span> <span class='ocrx_word' id='word_1_225' title='bbox 511 2397 630 2450; x_wconf 77' lang='grc' dir='ltr'><strong><em>δεῖν</em></strong></span> <span class='ocrx_word' id='word_1_226' title='bbox 653 2392 786 2460; x_wconf 74' lang='grc' dir='ltr'><strong><em>τοὺς</em></strong></span> <span class='ocrx_word' id='word_1_227' title='bbox 809 2396 1110 2467; x_wconf 88' lang='grc' dir='ltr'><strong><em>μέλλοντας</em></strong></span> <span class='ocrx_word' id='word_1_228' title='bbox 1138 2393 1393 2466; x_wconf 78' lang='grc' dir='ltr'><strong><em>ἀγαθοὺς</em></strong></span> <span class='ocrx_word' id='word_1_229' title='bbox 1422 2400 1668 2466; x_wconf 84' lang='grc' dir='ltr'><strong><em>ἔσεσθαι,</em></strong></span> <span class='ocrx_word' id='word_1_230' title='bbox 1687 2388 1752 2467; x_wconf 86' lang='grc' dir='ltr'><strong><em>ἧς</em></strong></span> 
     </span>
     <span class='ocr_line' id='line_1_28' title="bbox 61 2468 1751 2551; baseline 0.004 -24"><span class='ocrx_word' id='word_1_231' title='bbox 61 2468 96 2527; x_wconf 75' lang='grc' dir='ltr'><strong>ὅ</strong></span> <span class='ocrx_word' id='word_1_232' title='bbox 114 2473 285 2544; x_wconf 71' lang='grc' dir='ltr'><strong><em>δῆμος</em></strong></span> <span class='ocrx_word' id='word_1_233' title='bbox 310 2472 607 2548; x_wconf 77' lang='grc' dir='ltr'><strong><em>ἐλεύθερος</em></strong></span> <span class='ocrx_word' id='word_1_234' title='bbox 634 2477 726 2534; x_wconf 85' lang='grc' dir='ltr'><strong><em>καὶ</em></strong></span> <span class='ocrx_word' id='word_1_235' title='bbox 751 2476 995 2551; x_wconf 74' lang='grc' dir='ltr'><strong><em>ἄφοβος·</em></strong></span> <span class='ocrx_word' id='word_1_236' title='bbox 1033 2475 1102 2533; x_wconf 83' lang='grc' dir='ltr'><strong><em>ὂν</em></strong></span> <span class='ocrx_word' id='word_1_237' title='bbox 1130 2482 1183 2534; x_wconf 84' lang='grc' dir='ltr'><strong><em>εί</em></strong></span> <span class='ocrx_word' id='word_1_238' title='bbox 1207 2476 1330 2535; x_wconf 87' lang='grc' dir='ltr'><strong><em>τότε</em></strong></span> <span class='ocrx_word' id='word_1_239' title='bbox 1361 2475 1435 2551; x_wconf 77' lang='grc' dir='ltr'><strong><em>μὴ</em></strong></span> <span class='ocrx_word' id='word_1_240' title='bbox 1469 2479 1592 2544; x_wconf 83' lang='grc' dir='ltr'><strong><em>δέος</em></strong></span> <span class='ocrx_word' id='word_1_241' title='bbox 1624 2484 1751 2535; x_wconf 76' lang='grc' dir='ltr'><strong><em>ἔλα-</em></strong></span> 
     </span>
     <span class='ocr_line' id='line_1_29' title="bbox 62 2550 1753 2633; baseline 0.003 -22"><span class='ocrx_word' id='word_1_242' title='bbox 62 2550 302 2622; x_wconf 54' lang='grc' dir='ltr'><strong><em>μηθένα</em></strong></span> <span class='ocrx_word' id='word_1_243' title='bbox 319 2554 394 2612; x_wconf 75' lang='grc' dir='ltr'><strong><em>ἄν</em></strong></span> <span class='ocrx_word' id='word_1_244' title='bbox 417 2577 551 2615; x_wconf 85' lang='grc' dir='ltr'><strong><em>ποτε</em></strong></span> <span class='ocrx_word' id='word_1_245' title='bbox 581 2557 874 2626; x_wconf 79' lang='grc' dir='ltr'><strong><em>ξυνελθών</em></strong></span> <span class='ocrx_word' id='word_1_246' title='bbox 900 2557 1150 2632; x_wconf 83' lang='grc' dir='ltr'><strong><em>ἠμύνατο</em></strong></span> <span class='ocrx_word' id='word_1_247' title='bbox 1183 2557 1309 2615; x_wconf 83' lang='grc' dir='ltr'><strong><em>οὐδ’</em></strong></span> <span class='ocrx_word' id='word_1_248' title='bbox 1342 2558 1558 2633; x_wconf 81' lang='grc' dir='ltr'><strong><em>ἤμυνεν</em></strong></span> <span class='ocrx_word' id='word_1_249' title='bbox 1587 2564 1753 2632; x_wconf 73' lang='grc' dir='ltr'><strong><em>ἱεροῖς</em></strong></span> 
     </span>
     <span class='ocr_line' id='line_1_30' title="bbox 48 2633 1751 2714; baseline 0.003 -23"><span class='ocrx_word' id='word_1_250' title='bbox 48 2651 123 2686; x_wconf 67' lang='grc' dir='ltr'><strong><em>«τε</em></strong></span> <span class='ocrx_word' id='word_1_251' title='bbox 142 2633 445 2708; x_wconf 56' lang='lat' dir='ltr'><strong><em>’cultivate</em></strong></span> <span class='ocrx_word' id='word_1_252' title='bbox 461 2641 556 2697; x_wconf 78' lang='grc' dir='ltr'><strong><em>καὶ</em></strong></span> <span class='ocrx_word' id='word_1_253' title='bbox 582 2646 806 2712; x_wconf 85' lang='grc' dir='ltr'><strong><em>πατρίδι</em></strong></span> <span class='ocrx_word' id='word_1_254' title='bbox 826 2642 920 2699; x_wconf 86' lang='grc' dir='ltr'><strong><em>καὶ</em></strong></span> <span class='ocrx_word' id='word_1_255' title='bbox 945 2654 1059 2707; x_wconf 80' lang='grc' dir='ltr'><strong><em>τοῖς</em></strong></span> <span class='ocrx_word' id='word_1_256' title='bbox 1087 2639 1274 2707; x_wconf 71' lang='grc' dir='ltr'><strong><em>ἄλλοις</em></strong></span> <span class='ocrx_word' id='word_1_257' title='bbox 1303 2644 1523 2708; x_wconf 83' lang='grc' dir='ltr'><strong><em>οἰκείοις</em></strong></span> <span class='ocrx_word' id='word_1_258' title='bbox 1550 2664 1608 2699; x_wconf 90' lang='grc' dir='ltr'><strong><em>τε</em></strong></span> <span class='ocrx_word' id='word_1_259' title='bbox 1638 2641 1751 2714; x_wconf 79' lang='grc' dir='ltr'><strong><em>ἅμα</em></strong></span> 
     </span>
    </p>
   </div>
   <div class='ocr_carea' id='block_1_12' title="bbox 0 265 1749 1933">
    <p class='ocr_par' dir='ltr' id='par_1_12' title="bbox 0 225 1749 1933">
     <span class='ocr_line' id='line_1_31' title="bbox 63 265 1749 344; baseline 0.001 -15.928"><span class='ocrx_word' id='word_1_260' title='bbox 63 269 369 342; x_wconf 83' lang='grc' dir='ltr'><strong><em>αὐτούς,ού</em></strong></span> <span class='ocrx_word' id='word_1_261' title='bbox 385 270 495 344; x_wconf 77' lang='grc' dir='ltr'><strong><em>γὰρ</em></strong></span> <span class='ocrx_word' id='word_1_262' title='bbox 513 278 674 342; x_wconf 75' lang='grc' dir='ltr'><strong><em>ἴσμεν</em></strong></span> <span class='ocrx_word' id='word_1_263' title='bbox 690 270 1013 341; x_wconf 82' lang='grc' dir='ltr'><strong><em>λεγόμενον,</em></strong></span> <span class='ocrx_word' id='word_1_264' title='bbox 1034 265 1261 342; x_wconf 77' lang='grc' dir='ltr'><strong><em>ὕστεροι</em></strong></span> <span class='ocrx_word' id='word_1_265' title='bbox 1281 273 1333 327; x_wconf 85' lang='grc' dir='ltr'><strong><em>δ’</em></strong></span> <span class='ocrx_word' id='word_1_266' title='bbox 1356 267 1462 330; x_wconf 82' lang='grc' dir='ltr'><strong><em>οὖν</em></strong></span> <span class='ocrx_word' id='word_1_267' title='bbox 1481 269 1749 344; x_wconf 78' lang='grc' dir='ltr'><strong><em>ἀφίκοντο</em></strong></span> 
     </span>
     <span class='ocr_line' id='line_1_32' title="bbox 0 1896 3 1933; baseline 0 0"><span class='ocrx_word' id='word_1_268' title='bbox 0 1896 3 1933; x_wconf 69' lang='grc' dir='ltr'><em>ν</em></span> 
     </span>
    </p>
   </div>
   <div class='ocr_carea' id='block_1_13' title="bbox 0 1996 4 2396">
    <p class='ocr_par' dir='ltr' id='par_1_13' title="bbox 0 1996 4 2396">
     <span class='ocr_line' id='line_1_33' title="bbox 0 1996 4 2396; baseline 0 0"><span class='ocrx_word' id='word_1_269' title='bbox 0 1996 4 2396; x_wconf 95' lang='lat' dir='ltr'><strong><em> </em></strong></span> 
     </span>
    </p>
   </div>
   <div class='ocr_carea' id='block_1_14' title="bbox 0 2650 7 2912">
    <p class='ocr_par' dir='ltr' id='par_1_14' title="bbox 0 2650 7 2912">
     <span class='ocr_line' id='line_1_34' title="bbox 0 2650 7 2912; baseline 0 260"><span class='ocrx_word' id='word_1_270' title='bbox 0 2650 7 2912; x_wconf 95' lang='lat' dir='ltr'><strong><em> </em></strong></span> 
     </span>
    </p>
   </div>
   <div class='ocr_carea' id='block_1_15' title="bbox 138 2804 1493 2864">
    <p class='ocr_par' dir='ltr' id='par_1_15' title="bbox 138 2804 1493 2864">
     <span class='ocr_line' id='line_1_35' title="bbox 138 2804 1493 2864; baseline 0.011 -15"><span class='ocrx_word' id='word_1_271' title='bbox 138 2804 294 2852; x_wconf 65' lang='lat' dir='ltr'><strong><em>Puro</em></strong></span> <span class='ocrx_word' id='word_1_272' title='bbox 326 2806 383 2855; x_wconf 87' lang='lat' dir='ltr'><strong><em>V.</em></strong></span> <span class='ocrx_word' id='word_1_273' title='bbox 1466 2820 1493 2864; x_wconf 89' lang='grc'><strong>7</strong></span> 
     </span>
    </p>
   </div>
   <div class='ocr_carea' id='block_1_16' title="bbox 1785 2082 1813 2123">
    <p class='ocr_par' dir='ltr' id='par_1_16' title="bbox 1785 2082 1813 2123">
     <span class='ocr_line' id='line_1_36' title="bbox 1785 2082 1813 2123; baseline 0 0"><span class='ocrx_word' id='word_1_274' title='bbox 1785 2082 1813 2123; x_wconf 91' lang='lat' dir='ltr'>C</span> 
     </span>
    </p>
   </div>
   <div class='ocr_carea' id='block_1_17' title="bbox 63 2713 1815 2799">
    <p class='ocr_par' dir='ltr' id='par_1_17' title="bbox 63 2713 1815 2799">
     <span class='ocr_line' id='line_1_37' title="bbox 63 2713 1815 2799; baseline -0.002 -15"><span class='ocrx_word' id='word_1_275' title='bbox 63 2713 155 2768; x_wconf 58' lang='grc' dir='ltr'><strong><em>καὶ</em></strong></span> <span class='ocrx_word' id='word_1_276' title='bbox 178 2717 375 2789; x_wconf 62' lang='grc' dir='ltr'><strong><em>φίλως,</em></strong></span> <span class='ocrx_word' id='word_1_277' title='bbox 393 2718 578 2798; x_wconf 74' lang='grc' dir='ltr'><strong><em>ὅσπερ</em></strong></span> <span class='ocrx_word' id='word_1_278' title='bbox 613 2721 731 2781; x_wconf 87' lang='grc' dir='ltr'><strong><em>τότ’</em></strong></span> <span class='ocrx_word' id='word_1_279' title='bbox 762 2724 1094 2799; x_wconf 79' lang='grc' dir='ltr'><strong><em>ἐβοήθησεν,</em></strong></span> <span class='ocrx_word' id='word_1_280' title='bbox 1123 2721 1262 2780; x_wconf 73' lang='grc' dir='ltr'><strong><em>ἄλλα</em></strong></span> <span class='ocrx_word' id='word_1_281' title='bbox 1291 2722 1430 2781; x_wconf 75' lang='grc' dir='ltr'><strong><em>κατὰ</em></strong></span> <span class='ocrx_word' id='word_1_282' title='bbox 1459 2722 1662 2797; x_wconf 74' lang='grc' dir='ltr'><strong><em>σμικροὶ</em></strong></span> <span class='ocrx_word' id='word_1_283' title='bbox 1681 2721 1751 2779; x_wconf 74' lang='grc' dir='ltr'><strong><em>ἂν</em></strong></span> <span class='ocrx_word' id='word_1_284' title='bbox 1782 2739 1815 2781; x_wconf 86' lang='grc' dir='ltr'><strong><em>Ι)</em></strong></span> 
     </span>
    </p>
   </div>
  </div>
 </body>
</html>
