1976 3172
238 151 341 203 148
853 146 1324 194 ΠΛΑΤΩΝΟΣ

178 298 211 337 D
240 281 379 354 αὐτοὶ
415 284 703 350 διακρίνοι,
735 280 1102 350 ἐπαναφέρων
1128 282 1214 343 -εἰς
1249 281 1351 349 τὴν
1381 276 1556 349 ἀρχὴν
1585 277 1669 353 ἀεὶ
1702 281 1793 334 καὶ
1821 301 1924 350 την

239 362 523 435 βούλησιν.
561 366 674 417 ἔστι
696 357 763 432 δὴ
784 366 886 416 τοῦ
904 366 1044 416 νοῦν
1074 363 1294 430 ἔχοντος
1325 366 1612 415 πολιτικοῦ
1640 360 1921 432 βούλησις,

241 446 443 515 φαμέν,
462 441 562 513 οὐχ
579 443 756 515 ἥνπερ
778 438 849 497 ἂν
873 446 931 498 οἱ
946 443 1137 498 πολλοὶ
1157 453 1340 513 φαῖεν,
1361 445 1477 497 δεῖν
1500 439 1807 517 βούλεσθαι
1826 442 1924 498 τὸν
1953 480 1956 482 v

241 523 464 596 ἀγαθὸν
483 527 797 596 νομοθέτην
817 521 891 589 ῶς
909 527 1170 595 μεγίστην
1187 545 1245 579 τε
1266 522 1406 579 εἶναι
1423 521 1529 595 τὴν
1546 524 1727 595 πόλιν,
1760 517 1796 595 ᾗ
1825 545 1926 579 νο-

242 613 323 664 ῶν
342 601 408 663 εὖ
418 615 741 681 γομοθετοῖ,
763 608 854 663 καὶ
876 605 907 663 ὅ
926 628 978 663 τι
1005 606 1238 678 μάλιστα
1267 613 1558 678 πλουσίαν,
1588 611 1926 677 κεκτημένην

217 699 221 705 ’
243 687 298 744 δ’
322 682 396 744 αὖ
414 694 610 760 χρυσία
630 692 720 745 καὶ
744 687 985 762 ἀργύρια
1005 692 1095 744 καὶ
1127 687 1267 744 κατὰ
1295 695 1403 760 γῆν
1427 689 1518 744 καὶ
1547 686 1687 743 κατὰ
1713 686 1926 743 θάλατ-

96 820 134 838 f
239 789 343 825 ταν
361 770 644 840 ἄρχουσαν
662 770 695 826 ὅ
713 792 764 826 τι
789 776 1087 827 πλείστων·
1110 779 1411 842 προσθεῖεν
1432 769 1483 826 δ’
1510 766 1583 826 ἂν
1607 771 1700 826 καὶ
1720 768 1793 834 ῶς
1812 767 1925 840 ἀρί-

242 866 378 920 στην
409 854 527 905 δεῖν
551 851 861 920 βούλεσθαι
887 845 991 921 τὴν
1019 853 1183 908 πόλιν
1213 852 1354 908 εἶναι
1382 855 1473 908 καὶ
1499 850 1572 917 ῶς
1601 851 1926 922 εὐδαιμονε-

184 939 215 978 Ε
245 929 448 1001 στάτην
483 930 584 986 τόν
619 951 682 1000 γε
718 929 909 1000 ὀρθῶς
935 923 1368 1001 νομοθετοῦντά
1405 934 1621 990 τούτων
1651 931 1797 989 δὲτὰ
1827 930 1928 1002 μὲν

242 1011 454 1067 δυνατά
473 1014 587 1066 ἐστι
606 1017 916 1082 γίγνεσθαι,
937 1012 1003 1066 τά
1025 1012 1085 1067 δὲ
1112 1010 1181 1066 οὗ
1203 1013 1412 1067 δυνατά
1431 1035 1442 1044 ·
1479 1013 1546 1067 τά
1573 1013 1674 1082 μὲν
1703 1008 1806 1069 οὗν
1827 1017 1928 1068 δυ-

239 1091 380 1147 νατά
397 1090 650 1162 βούλοιτ’
674 1088 745 1147 ἄν
765 1091 794 1148 6
819 1096 1154 1163 διακοσμῶν,
1175 1092 1242 1147 τά
1273 1093 1333 1148 δὲ
1360 1093 1434 1164 μὴ
1467 1092 1676 1148 δυνατὰ
1707 1092 1823 1149 οὔτ’
1858 1091 1928 1148 ἄν
1965 1094 1975 1102 “

240 1174 499 1246 βούλοιτο
538 1179 770 1244 ματαίας
805 1175 1100 1245 βουλήσεις
1137 1173 1263 1230 οὔτ’
1303 1171 1374 1230 ἂν
1409 1177 1680 1246 ἐπιχειροῖ.
1731 1176 1961 1246 σχεδὸνχ

240 1257 341 1326 μὲν
359 1253 468 1326 γὰρ
489 1251 821 1326 εὐδαίμονας
841 1253 953 1326 ἅμα
979 1258 1069 1311 καὶ
1094 1253 1349 1326 ἀγαθοὺς
1375 1254 1589 1327 ἀνάγκη
1618 1260 1942 1326 γίγνεσθαί·

239 1343 403 1392 τοῦτο
423 1335 525 1407 μὲν
544 1331 650 1392 οὖν
667 1336 915 1409 βούλοιτ’
938 1337 1035 1392 ἄν·
1071 1341 1373 1401 πλουσίους
1402 1336 1456 1392 δ’
1487 1331 1561 1393 αὖ
1589 1337 1810 1410 σφόδρα
1838 1341 1930 1395 καὶ

241 1416 493 1489 ἀγαθοὺς
511 1415 809 1487 ἀδύνατον,
831 1416 929 1482 οὕς
947 1440 1010 1488 γε
1030 1417 1096 1489 δὴ
1127 1422 1428 1483 πλουσίους
1457 1422 1514 1474 οἱ
1538 1423 1732 1475 πολλοὶ
1759 1442 1928 1475 κατα-

241 1502 491 1569 λέγουσι·
530 1503 753 1569 λέγουσι
773 1499 832 1555 δὲ
851 1498 984 1565 τούς
1002 1502 1372 1572 κεκτημένους
1391 1504 1452 1556 ἐν
1471 1498 1676 1570 ὀλίγοις
1695 1508 1807 1556 τῶν
1827 1499 1929 1555 ἀν·-

238 1580 490 1652 θροόπων
508 1583 769 1635 πλείστου
786 1586 1122 1652 νομίσματος
1139 1581 1262 1647 ἄξια
1281 1582 1544 1653 κτήματα,
1579 1579 1614 1636 ἂ
1642 1584 1733 1637 καὶ
1761 1581 1930 1647 κακός

124 1673 210 1721 743
239 1683 319 1726 τις
337 1658 554 1734 κεκτῇτ’
578 1660 665 1716 ἄν.
698 1665 747 1717 εἰ
763 1660 816 1717 δ’
849 1666 963 1718 ἔστι
989 1669 1154 1718 τοῦτο
1179 1661 1356 1728 οὕτως
1376 1667 1520 1733 ἔχον,
1543 1659 1645 1717 οὐκ
1665 1659 1737 1717 ἀν
1758 1667 1927 1734 ἔγωγε

239 1742 429 1818 ἀὐτοῖς
451 1742 582 1798 ποτὲ
602 1750 948 1815 συγχωροίην
964 1742 1064 1800 τὸν
1083 1745 1356 1800 πλούσιον
1376 1742 1678 1813 εὐδαίμονα
1705 1749 1773 1815 τῇ
1791 1744 1930 1815 ἀλη-

240 1829 372 1897 θείᾳ
389 1830 680 1895 γίγνεσθαι
703 1823 775 1896 μὴ
797 1826 887 1881 καὶ
907 1823 1130 1895 ἀγαθὸν
1149 1824 1300 1880 ὅντα·
1329 1823 1549 1894 ἀγαθὸν
1570 1823 1628 1879 δὲ
1653 1823 1787 1880 ὄντα
1808 1828 1929 1879 δια-

242 1904 527 1976 φερόντως
545 1908 636 1960 καὶ
665 1906 936 1962 πλούσιον
968 1905 1107 1961 εἶναι
1137 1904 1512 1977 διαφερόντως
1542 1903 1836 1967 ἀδύνατον.
1878 1911 1933 1960 τί
1955 1918 1961 1922 “

243 1984 311 2055 δή
326 2009 340 2052 3
364 1991 499 2057 φαίη
520 2008 601 2050 τις
620 1983 694 2042 ἀν
714 1995 858 2052 ἴσως.
897 1986 998 2057 ὅτι,
1021 1998 1224 2058 φαῖμεν
1242 1985 1330 2056 ἄν,
1349 1984 1388 2057 ἥ
1415 2007 1473 2040 τε
1506 1989 1567 2042 ἐκ
1597 1989 1814 2041 δικαίου
1837 1987 1927 2041 καὶ

243 2063 439 2121 ἀδίκου
469 2073 657 2138 κτῆσις
683 2070 854 2123 πλέον
882 2065 919 2139 ἦ
952 2071 1211 2124 διπλασία
1240 2070 1352 2123 ἐστὶ
1377 2073 1474 2138 τῆς
1502 2069 1563 2123 ἐκ
1590 2072 1691 2124 τοῦ
1712 2070 1927 2123 δικαίου
1975 2132 1976 2137 ¹

242 2144 437 2216 μόνον,
464 2148 531 2202 τά
549 2170 607 2204 τε
637 2149 968 2220 ἀναλώματα
995 2150 1132 2221 μήτε
1161 2154 1343 2214 καλῶς
1373 2148 1508 2220 μήτε
1537 2154 1772 2219 αἰσχρῶς
1800 2150 1929 2205 ἐθέ-

243 2234 412 2282 λοντα
431 2227 831 2287 ἀναλίσκεσθαι
856 2238 970 2287 τῶν
995 2238 1184 2287 καλῶν
1213 2234 1305 2288 καὶ
1337 2237 1412 2298 εἰς
1440 2231 1582 2289 καλὰ
1612 2231 1927 2288 ἐθελόντων

175 2325 209 2365 Β
247 2312 606 2364 δαπανᾶσθαι
626 2314 894 2385 διπλασίῳ
915 2313 1203 2368 ἐλάττονα·
1243 2313 1456 2370 οὔκουν
1475 2317 1606 2370 ποτὲ
1636 2312 1708 2369 ὅίν
1735 2320 1848 2368 τῶν
1869 2315 1926 2368 ἐκ
1975 2341 1976 2363 2

244 2393 550 2444 διπλασίων
568 2392 670 2459 μὲν
689 2394 998 2463 κτημάτων,
1030 2392 1274 2463 ἡμίσεων
1305 2396 1364 2450 δε
1393 2394 1771 2463 ἀναλωμάτων
1800 2392 1828 2447 6
1859 2392 1925 2447 τοὶ
1974 2434 1976 2462 ³

244 2473 469 2526 ἐναντία
494 2470 710 2526 τούτων
739 2471 996 2542 πράττων
1023 2472 1227 2542 γένοιτ’
1255 2496 1327 2528 αν
1335 2473 1777 2573 πλουσιῶτερος.
1815 2477 1926 2528 ἔστι

245 2549 349 2607 δὲ“
324 2573 353 2607 ο
375 2554 478 2622 μὲν
499 2549 716 2622 ἀγαθὸς
732 2553 963 2652 τουτων,
990 2550 1019 2609 ὁ
1042 2555 1102 2610 δὲ
1121 2552 1190 2609 οὐ
1209 2554 1395 2624 κακός,
1416 2554 1550 2610 όταν
1569 2557 1604 2627 ᾗ
1629 2555 1922 2626 φειδωλός·
1972 2581 1976 2610 ;

243 2632 364 2689 τότε
391 2635 454 2689 δέ
480 2653 612 2689 ποτε
630 2635 722 2690 καὶ
751 2634 1055 2706 πάγκακος·
1093 2634 1307 2707 ἀγαθὸς
1343 2640 1418 2707 δέ,
1456 2636 1592 2706 ὅπερ
1622 2645 1830 2708 εἴρηται
1859 2635 1924 2691 τὰ
1952 2663 1976 2707 μ

245 2720 372 2784 νῦν,
394 2712 685 2771 οὐδέποτε·
724 2713 752 2771 6
777 2715 1002 2788 μὲν-γὰρ
1024 2721 1245 2782 δικαίως
1273 2720 1365 2774 καὶ
1391 2716 1593 2784 ἀδίκως
1623 2719 1944 2790 λαμβάνων

244 2797 337 2852 καὶ
360 2795 494 2869 μήτε
516 2800 737 2863 δικαίως
755 2798 886 2870 μήτε
906 2797 1106 2864 ἀδίκως
1137 2799 1449 2858 ἀναλίσκων
1478 2801 1757 2871 πλούσιος,
1789 2800 1924 2875 ὅταν
