1976 3172
266 145 371 197 256
842 143 1317 192 ΠΛΑΤΩΝΟΣ

265 289 348 335 λει
373 277 662 347 εορταζειν
700 281 873 332 ταῦτα
895 275 995 349 μὲν
1014 271 1122 332 οὖν
1139 278 1229 332 καὶ
1249 277 1389 334 ἄλλα
1407 284 1633 334 τοιαῦτα
1654 277 1783 334 οὔτε
1800 285 1950 350 χαλε-

268 357 379 415 πὸν
400 364 631 430 γνῶναι,
652 361 775 413 τίνα
794 359 1004 429 τρόπον
1020 357 1121 429 χρὴ
1143 358 1345 424 τάξεως
1373 359 1613 430 ἐννόμου
1637 361 1950 432 λαγχάνειν,

268 439 395 496 οὐδ’
418 442 491 495 αὐ
515 440 913 511 μετατιθέμενα
930 443 1072 495 ἔνθα
1099 435 1134 509 ἢ
1154 442 1295 495 ἔνθα
1314 447 1451 511 μέγα
1480 447 1548 513 τῇ
1576 442 1733 497 πόλει
1759 445 1954 512 κέρδος

206 531 238 574 c
266 518 304 594 η’
323 517 561 594 ζημίαν
535 519 608 576 οἶν
633 524 818 591 φέροι·
859 519 893 575 ἂ
927 522 986 575 δε
1014 519 1087 591 μὴ
1118 521 1353 592 σμικρὸν
1381 526 1632 628 διαφέρει
1660 529 1878 579 πείθειν
1895 544 1955 579 τε

265 604 531 703 χαλεπόν,
547 609 692 658 θεοῦ
715 603 816 673 μὲν
839 601 1075 673 μαλιστα
1094 605 1276 675 ἔργον,
1299 612 1352 659 εἴ
1375 624 1490 669 πως
1519 600 1637 661 οἶόν
1664 626 1723 660 τε
1746 599 1819 676 ἦν
1837 607 1976 659 ἐπι--

267 686 444 752 ταξεις
462 682 633 749 αὐτας
662 681 792 755 παρ’
828 686 1045 739 ἐκείνου
1069 690 1383 784 γίγνεσθαι,
1410 692 1518 741 νῦν
1546 690 1604 741 δε
1642 683 1976 756 ανθρώπουῖ

267 775 549 839 τολμηροῦ
572 765 890 822 κινδυνεύει
910 770 1130 822 δεῖσθαί
1154 789 1317 837 τινος,
1341 765 1403 832 ὂς
1423 774 1738 840 παρρησίαν
1758 773 1956 838 διαφε-

269 849 479 920 ρόντως
496 851 673 917 τιμῶν
694 848 809 915 ἐρεῖ
821 867 888 900 τα
909 847 1227 902 δοκοῦντα’
1203 847 1379 917 ἄριστ’
1405 848 1546 904 εἶναι
1564 850 1723 905 πόλει
1741 851 1833 905 καὶ
1851 859 1956 904 πο-

269 936 457 999 λίταις,
486 930 546 983 έν
567 937 767 998 ψυχαῖς
787 930 1224 1001 διεφθαρμέναις
1241 927 1303 983 τὸ
1334 933 1546 998 πρέπον
1564 935 1655 987 καὶ
1682 932 1956 1004 ἑπόμενον

269 1012 419 1085 πάσῃ
437 1017 504 1083 τῇ
525 1015 771 1081 πολιτείᾳ
789 1009 1020 1079 τάττων,
1039 1011 1261 1065 ἐναντία
1279 1010 1459 1080 λέγων
1478 1022 1595 1075 ταῖς
1616 1019 1956 1082 μεγίσταισιν

268 1097 589 1164 ἐπιθυμίαις
607 1093 700 1148 καὶ
721 1088 826 1146 ούκ
845 1095 985 1161 ἔχων
1003 1090 1222 1163 βοηθὸν
1240 1089 1550 1161 ἄνθρωπον
1569 1090 1791 1165 οὐδένα,
1809 1092 1957 1168 λόγῳ

269 1176 537 1247 ἑπόμενος
557 1173 712 1247 μόνςο
732 1172 916 1244 μόνος.

207 1277 242 1318 D
409 1262 528 1312 KA.
574 1255 691 1312 Τίν’
725 1249 799 1311 αὖ
828 1262 955 1326 νῦν,
987 1249 1032 1310 ὦ
1067 1258 1204 1328 ξένε,
1242 1256 1415 1326 λόγον
1452 1259 1714 1328 λέγομεν;
1754 1253 1822 1311 ού
1849 1255 1956 1326 γάρ

266 1338 754 1411 πωιμανθάνομεν.

410 1427 530 1487 ΑΘ.
567 1421 817 1484 Εἰκότως
843 1440 933 1490 γε·
973 1415 1111 1474 ἀλλὰ
1134 1419 1201 1489 δὴ
1228 1418 1556 1489 πειράσομαι
1583 1417 1690 1488 ἐγώ
1725 1419 1955 1489 φράζειν

266 1501 400 1574 ὑμῖν
417 1506 496 1557 ἔτι
517 1505 875 1572 σαφέστερον.
903 1496 976 1564 ὦς
991 1498 1098 1570 γὰρ
1120 1505 1196 1564 εἰς
1213 1503 1468 1555 παιδείαν
1486 1493 1670 1570 ἦλθον
1689 1505 1766 1573 τῷ
1787 1498 1954 1572 λόγῳ,

270 1582 422 1639 εἶδον
441 1586 603 1648 νέους
621 1604 680 1638 τε
699 1583 791 1638 καὶ
809 1585 936 1647 νέας
955 1579 1286 1652 ὁμιλοῦντας
1307 1581 1666 1653 φιλοφρόνως
1685 1577 1956 1652 ἀλλήλοις·

267 1669 493 1736 εἰσῆλθε
531 1663 601 1735 δή
636 1685 720 1735 με,
755 1659 875 1719 οἷον
912 1663 1073 1735 εἰκός,
1113 1670 1438 1736 φοβηθῆναι
1475 1663 1875 1734 ξυννοήσαντα,
1907 1667 1964 1719 τί

166 1768 182 1778 ²
267 1769 349 1812 τις
384 1746 640 1818 χρήσεται
669 1753 738 1818 τῇ
769 1746 996 1820 τοιαύτῃ
1023 1744 1198 1816 πόλει,
1228 1748 1288 1803 ἐν
1317 1739 1354 1819 ᾗ
1384 1744 1450 1817 δὴ
1479 1750 1595 1802 νέοι
1623 1745 1874 1817 μὲννέαι
1901 1738 1968 1800 τε

271 1827 556 1899 εὐτρεφεῖς
585 1833 707 1899 εἰσί,
738 1829 932 1884 πόνων
960 1849 1019 1884 τε
1049 1832 1316 1900 σφοδρῶν
1345 1830 1438 1884 καὶ
1468 1826 1876 1902 ἀνελευθέρων,
1908 1832 1966 1882 οἳ

213 1923 247 1962 Ε
269 1909 507 1981 μάλιστα
539 1909 708 1981 ὕβριν
737 1910 1094 1982 σβεννύασιν,
1125 1909 1304 1982 ἀργοί,
1335 1914 1532 1965 θυσίαι
1567 1910 1628 1965 δὲ
1652 1911 1744 1965 καὶ
1775 1909 1958 1979 ἑορταὶ

269 1995 362 2049 καὶ
379 1994 535 2063 χοροὶ
554 1999 687 2048 πᾶσι
705 1998 933 2064 μέλουσι
953 1991 1042 2048 διὰ
1063 1998 1215 2064 βίου·
1253 1997 1377 2048 τίνα
1407 1992 1477 2063 δή
1499 2011 1631 2047 ποτε
1659 1991 1870 2062 τρόπον
1897 1994 1957 2046 ἐν

267 2073 440 2146 ταύτῃ
475 2081 543 2148 τῇ
576 2074 731 2131 πόλει
767 2075 1062 2146 ἀφέξονται
1087 2081 1200 2130 τῶν
1236 2072 1478 2138 πολλοὺς
1515 2073 1583 2144 δὴ
1620 2074 1712 2129 καὶ
1751 2070 1959 2137 πολλὰς

269 2160 586 2227 ἐπιθυμιῶν
614 2162 691 2222 εἰς
719 2162 917 2229 ἔσχατα
945 2163 1293 2229 βαλλουσῶν,
1330 2149 1410 2212 ῶν
1435 2152 1508 2211 ὄίν
1538 2153 1567 2211 ὁ
1596 2155 1764 2226 λόγος’
1790 2174 1958 2226 προς-

269 2236 437 2308 τάττῃ
471 2236 791 2310 ἀπέχεσθαι,
830 2239 1002 2311 νόμος
1041 2241 1332 2311 ἐπιχειρῶν
1366 2243 1687 2310 γίγνεσθαι;
1728 2231 1819 2293 καὶ
1846 2241 1958 2292 τῶν

269 2320 372 2390 μὲν
392 2326 616 2375 πολλῶν
645 2319 715 2375 ού
736 2319 1069 2391 θαυμαστὸν
1096 2324 1413 2391 ἐπιθυμιῶν
1433 2325 1485 2376 εἰ
1508 2329 1707 2390 κρατοῖ
1727 2318 1795 2373 τὰ
1818 2318 1958 2385 πρό-

153 2407 243 2453 836
272 2409 414 2458 σθεν
450 2400 656 2470 νόμιμα
691 2400 1099 2471 ταχθέντα·τὸ
1138 2423 1247 2496 γαρ
1283 2400 1357 2470 μὴ
1389 2407 1648 2455 πλουτεῖν
1675 2419 1734 2452 τε
1760 2401 1957 2462 ἐξεῖναι

270 2479 730 2553 υπερβαλλόντως
751 2478 974 2551 ἀγαθὸν
1003 2478 1141 2552 πρὸς
1169 2481 1231 2535 τὸ
1262 2489 1576 2549 σωφρονεῖν
1604 2478 1672 2534 οὐ
1702 2479 1955 2549 σμικρόν,

272 2566 365 2619 καὶ
388 2568 539 2618 πᾶσα
557 2560 591 2634 ἡ
612 2566 830 2618 παιδεία
849 2568 1105 2634 μετρίους
1129 2559 1268 2635 πρὸς
1294 2583 1362 2616 τα
1390 2558 1602 2616 τοιαῦτ’
1636 2566 1828 2631 εἴληφε
1854 2559 1956 2615 νό-

273 2666 429 2714 μους,
461 2644 553 2700 {aaz
585 2644 722 2714 πρὸς
750 2644 966 2710 τούτοις
990 2643 1023 2715 ἡ
1044 2651 1158 2700 τῶν
1187 2642 1474 2715 ἀρχόντων
1502 2641 1627 2710 ὄψις
1656 2646 1956 2714 διηναγκα-

274 2730 444 2797 σμένη
474 2725 547 2797 μὴ
586 2725 921 2798 ἀποβλέπειν
951 2727 1167 2798 ἄλλοσε,
1195 2738 1382 2799 τηρεῖν
1412 2727 1471 2781 δὲ
1506 2723 1590 2782 αεὶ
1621 2725 1750 2790 τοὺς
1777 2727 1953 2790 νέους.

272 2806 429 2863 ταῦτ’
454 2803 560 2863 οὖν
579 2807 717 2881 πρὸς
737 2811 838 2880 μὲν
856 2808 952 2874 τὰς
970 2809 1137 2875 ἄλλας
1154 2812 1467 2879 ἐπιθυμίας,
1499 2807 1605 2864 ὅσα
1633 2831 1696 2878 γε
1725 2807 1957 2878 ἄνθρῶ-
