1976 3172
254 138 360 192 376
872 140 1340 189 ΠΛΑΤΩΝΟΣ

180 277 184 281 ’
255 271 315 327 δὲ
335 273 570 344 ἰδιώτης,
593 271 626 329 ὅ
644 296 693 329 τι
710 271 812 344 χρὴ
842 281 1047 329 παθεῖν
1077 269 1114 343 ἢ
1142 270 1414 344 ἀποτῖσαι,
1445 275 1651 347 τιμάτω
1679 279 1802 346 περὶ
1831 276 1935 332 αὐ-

253 360 357 409 τοῦ
387 355 446 410 τὰ
481 353 851 452 δικαστήριον.
901 353 999 410 ἐὰν
1024 354 1084 409 δὲ
1112 356 1469 410 καταδέσεσιν
1501 352 1539 426 ἦ
1568 358 1874 429 ἐπαγωγαῖς
1900 356 1938 429 ἥ

253 450 398 490 τισιν
430 437 667 509 ἐπῳδαῖς
701 433 738 506 ἢ
771 441 886 491 τῶν
930 434 1200 490 τοιούτων
1236 442 1663 509 [φαρμακειῶν]
1679 436 1938 513 ῶτινιοῦν

195 520 226 559 Ε
258 513 434 587 δόξῃ
411 513 600 586 όμοιος
619 514 760 571 εἶναι
779 513 1105 586 βλάπτοντι,
1128 514 1227 572 ἐὰν
1254 516 1357 587 μὲν
1381 516 1574 588 μάντις
1602 540 1684 574 ων
1710 516 1747 590 ἢ
1775 541 1938 590 τερα-

252 596 541 666 τοσκόπος,
559 596 831 667 τεθνάτω,
849 595 952 652 ἐαν
970 596 1022 652 δ’
1044 597 1181 653 ἄνευ
1213 605 1495 670 μαντικῆς,
1524 596 1556 654 ὃ
1580 598 1653 655 ἄν
1680 622 1762 666 τις
1789 621 1938 673 φαρ-

251 682 477 746 μακείας
496 676 659 749 ὄφλῃ,
690 676 897 733 ταύτὸν
915 680 1007 734 καὶ
1025 677 1203 752 τούτῳ
1221 681 1529 748 γιγνέσθω·
1574 683 1698 751 περὶ
1726 681 1832 752 γὰρ
1865 674 1939 736 αὖ

250 758 343 811 καὶ
360 758 566 812 τούτου
583 759 788 826 τιμάτω
807 757 867 813 τὸ
884 758 1298 829 δικαστήριον,
1277 759 1310 814 ό
1328 782 1379 814 τι
1397 757 1470 814 ἄν
1489 758 1676 826 αυτοῖς
1695 765 1813 817 δεῖν
1832 760 1956 817 αὐ-“

252 834 353 891 τὸν
374 834 507 909 δόξῃ
528 836 759 907 πάσχειν
777 834 814 907 ἢ
835 835 1131 892 ἀποτίνειν.
1168 837 1272 892 όσα
1290 859 1371 902 τις
1401 836 1475 893 ἂν
1503 841 1695 911 ἕτερον
1726 842 1935 912 [ἄλλον]

254 917 479 989 πημήνῃ
497 920 750 973 κλέπτων
767 916 805 988 ἦ
823 917 1162 988 βιαζόμενος,
1183 913 1256 972 σ’ἰν
1277 921 1378 988 μὲν
1397 924 1576 990 μείζω,
1598 927 1816 991 μείζονα
1833 923 1939 994 τὴν

192 1010 195 1013 ’
253 1005 462 1057 ἔκτισιν
498 1009 577 1074 τῷ
612 1003 961 1072 πημανθέντι
994 1003 1203 1071 τινέτω,
1241 1001 1445 1057 ἐλάττω
1482 1000 1541 1058 δὲ
1569 1000 1636 1072 δὴ
1667 1003 1940 1073 ζημιώσας

255 1085 639 1153 σμικροτέραν,
660 1080 809 1154 παρὰ
830 1082 1011 1137 πάντα
1031 1081 1090 1137 δὲ
1106 1081 1386 1154 τοσαύτην
1405 1081 1566 1154 ἡλίκα
1591 1079 1663 1138 ἂν
1681 1083 1938 1140 ἑκάστοτε

254 1162 492 1235 ζημιώσῃ
519 1169 599 1228 τίς
621 1184 763 1236 τινα,
792 1168 1051 1236 μέχριπερ
1074 1160 1147 1220 ἄν
1170 1164 1389 1236 ἰάσηται
1417 1163 1478 1220 τό
1511 1168 1742 1238 βλαβέν·
1781 1168 1940 1236 δίκην

256 1245 315 1302 δὲ
333 1246 561 1310 ἕκαστος
576 1243 716 1318 πρὸς
732 1245 945 1319 ,ἑκάστῳ
965 1250 1044 1318 τῷ
1072 1246 1491 1318 κακουργήματι
1520 1245 1941 1318 σωφρονιστύος

136 1346 222 1391 934
254 1328 419 1384 ἕνεκα
438 1331 818 1399 ξυνεπομένην
846 1326 1276 1399 προσεκτισάτω,
1305 1326 1335 1383 ὁ
1365 1328 1467 1398 μὲν
1501 1326 1665 1401 ἀνοίᾳ
1695 1349 1936 1399 κακουρ-

251 1411 426 1483 γήσας
447 1407 726 1483 ἀλλοτρία,
747 1417 939 1465 πειθοῖ
955 1408 1044 1464 διὰ
1066 1409 1299 1479 νεότητα
1327 1407 1364 1480 ἤ
1381 1430 1433 1463 τι
1450 1415 1710 1465 τοιοῦτον
1727 1410 1937 1481 χρησά-

252 1513 434 1563 μενος,
467 1491 861 1561 ἐλαφροτέραν,
881 1488 909 1545 ὁ
934 1491 993 1545 δὲ
1021 1490 1111 1544 διὰ
1138 1493 1346 1544 οἰκείαν
1372 1488 1573 1545 ἄνοιαν
1599 1486 1636 1559 ἦ
1665 1488 1737 1544 δι’
1762 1487 1940 1560 ἀκρά-

212 1584 215 1587 ’
251 1593 407 1628 τειαν
422 1569 646 1641 ἡδονῶν
672 1567 709 1641 ἦ
727 1576 924 1626 λυπῶν
956 1574 1017 1626 ἐν
1046 1570 1243 1641 φόβοις
1271 1573 1471 1634 δειλοῖς
1497 1569 1534 1640 ἥ
1562 1586 1708 1626 τισιν
1739 1573 1940 1627 ἐπιθυ-

240 1658 399 1727 μίαις
417 1646 454 1722 ἢ
471 1650 712 1721 φθόνοις
741 1647 779 1721 ἦ
806 1659 1010 1722 θυμοῖς
1037 1650 1319 1715 δυσιάτοις
1346 1651 1675 1723 γιγνόμενος
1702 1654 1941 1723 βαρυτέ-

251 1756 378 1804 ραν,
394 1731 496 1803 ούχ
516 1734 677 1788 ἕνεκα
695 1738 799 1787 τοῦ
815 1740 1194 1804 κακουργῆσαι
1215 1733 1404 1798 διδους
1420 1734 1524 1804 τήν
1543 1737 1719 1805 δίκην,
1742 1733 1812 1789 οὐ
1829 1733 1938 1804 γὰρ
1962 1757 1970 1760 ί

251 1814 310 1870 τὸ
350 1811 582 1884 γεγονὸς
619 1812 890 1912 άγένῃτον
928 1819 1078 1870 ἔσται
1113 1819 1263 1884 ποτέ,
1295 1821 1398 1870 τοῦ
1436 1812 1491 1869 δ’
1523 1820 1600 1879 εἰς
1634 1814 1734 1871 τὸν
1771 1808 1940 1878 αὖθις

190 1910 223 1951 Β
255 1897 416 1952 ἕνεκα
435 1895 642 1967 χρόνον
660 1889 695 1966 ἢ
710 1894 770 1951 τὸ
795 1895 1060 1967 παράπαν
1078 1903 1304 1967 μισῆσαι
1321 1896 1425 1968 τὴν
1445 1895 1666 1952 οἷδικίαν
1681 1893 1857 1952 αὐτόν
1880 1915 1938 1950 τε

253 1980 345 2033 καὶ
385 1999 516 2042 τους
554 1977 778 2042 ἰδόντας
815 1975 988 2033 αὐτὸν
1017 1977 1426 2048 δικαιούμενον,
1456 1973 1493 2075 ῃ“
1523 1983 1778 2078 λωφῆσαι
1801 1980 1937 2074 μέρη

252 2058 429 2139 πολλα
447 2066 542 2131 τῆς
559 2059 818 2159 τοιαύτης
846 2065 1145 2130 ξυμφορᾶς.
1187 2059 1266 2114 ῶν
1296 2058 1362 2129 δὴ
1391 2058 1619 2114 πάντων
1647 2061 1810 2114 ἕνεκα
1835 2056 1938 2129 χρὴ

253 2137 344 2195 καὶ
363 2140 503 2209 πρὸς
520 2140 702 2197 πάντα
721 2163 788 2196 τα
808 2148 1034 2197 τοιαῦτα
1062 2141 1367 2213 βλέποντας
1394 2162 1525 2220 τους
1553 2139 1762 2212 νόμους
1779 2141 1940 2206 τοξό-

254 2242 355 2276 του
373 2219 447 2290 μὴ
469 2228 649 2277 κακοῦ
669 2221 1029 2293 στοχάζεσθαι
1053 2226 1214 2294 δίκην
1231 2227 1335 2278 τοῦ
1355 2243 1414 2278 τε
1433 2216 1710 2294 μεγέθους
1725 2228 1820 2293 τῆς
1839 2241 1939 2276 κο·-

253 2300 465 2366 λάσεως
501 2302 749 2357 ἑκάστων
773 2304 936 2358 ἕνεκα
964 2304 1056 2358 καὶ
1087 2310 1367 2368 παντελῶς
1389 2311 1485 2374 τῆς
1517 2303 1698 2368 ἀξίας·
1733 2300 1939 2357 ταύτὸν

255 2381 303 2438 δ’
326 2386 493 2453 ἔργον
518 2386 738 2451 δρῶντα
759 2385 1155 2453 ξυνυπηρετεῖν
1174 2387 1260 2438 δεῖ
1271 2391 1349 2455 τῷ
1366 2386 1645 2454 νομοθέτῃ
1664 2380 1764 2437 τὸν
1781 2384 1938 2436 δικα-

254 2465 411 2535 στήν,
431 2463 566 2519 ὅταν
585 2461 735 2538 αὐτῷ
764 2485 846 2528 τις
871 2462 1044 2534 νόμος
1068 2464 1326 2536 ἐπιτρέπῃ
1347 2468 1530 2536 τιμᾷν,
1561 2460 1595 2518 ὅ
1617 2483 1670 2517 τι
1695 2460 1798 2533 χρὴ
1830 2460 1940 2516 πά-

199 2560 228 2600 c
261 2560 412 2616 σχειν
431 2542 533 2600 τὸν
551 2545 884 2616 κρινόμενον
901 2541 938 2617 ἢ
962 2542 1269 2601 ἀποτίνειν·
1306 2545 1415 2601 τὸν
1438 2546 1516 2614 δέ,
1546 2543 1805 2613 καθάπερ
1836 2546 1938 2608 ζω-

254 2627 495 2698 γράφον,
526 2625 877 2699 ὑπογράφειν
900 2631 1033 2699 ἕργα
1061 2627 1301 2698 ἑπόμενα
1329 2629 1396 2698 τῇ
1425 2630 1631 2699 γραφῇ.
1674 2622 1707 2678 ὃ
1742 2621 1809 2693 δὴ
1847 2625 1939 2678 καὶ

256 2719 381 2783 νῦν,
410 2705 458 2766 ῶ
473 2714 719 2782 Μέγιλλε
742 2715 834 2768 καὶ
852 2718 1098 2784 Κλεινία,
1124 2713 1379 2781 ποιητέον
1396 2707 1528 2780 ἡμῖν
1547 2706 1580 2763 ὅ
1594 2729 1646 2763 τι
1673 2706 1938 2763 κάλλιστα

256 2797 348 2850 καὶ
378 2793 575 2866 ἄριστα
590 2816 602 2827 ·
640 2801 752 2852 τῶν
771 2800 1053 2852 κλοπαίων
1072 2816 1130 2850 τε
1147 2794 1237 2850 καὶ
1265 2797 1464 2865 βιαίων
1484 2790 1710 2848 πάντων
1729 2789 1826 2852 τὰς
1847 2791 1938 2858 ζη-
