1976 3172
673 74 982 125 ΝΟΜΩΝ
1016 68 1098 124 ια’.
1612 73 1719 127 369

26 214 252 279 λείσθω,
271 213 489 280 βέλτιον
509 208 569 264 δὲ
587 204 624 280 ἦ
645 213 763 264 τῶν
781 205 957 263 αὑτοῦ
982 206 1122 266 κατὰ
1152 212 1495 280 προθυμίαν,
1524 209 1626 264 ἕνα
1657 212 1781 266 δὲΒ

25 295 230 346 τοῦτον
247 288 426 360 νόμον
449 291 590 360 ἔχων
611 285 881 361 ὀρφαναῑν
898 288 1023 358 πέρι
1040 292 1149 354 πᾶς
1164 291 1590 358 ἐπιτροπευέτω·
1612 290 1715 346 ἐαν

27 370 88 427 δὲ
125 368 305 436 ἄλλως
338 391 420 435 τις
454 372 583 442 περὶ
616 368 684 426 τὰ
717 373 954 427 τοιαῦτα
978 367 1190 441 πράττῃ
1227 368 1377 441 παρὰ
1413 371 1512 428 τὸν
1538 367 1718 442 νόμον

0 468 3 518 5
25 445 257 521 τόνδε,
227 473 259 508 ο
276 450 441 550 μὴ’
401 472 592 523 αρχων
609 447 883 522 ζημιούτω
900 446 1000 505 τὸν
1018 450 1334 521 ἐπίτροπον,
1364 449 1394 506 ὁ
1419 452 1479 507 δὲ
1497 453 1721 523 ἐπίτρο-

0 550 3 588 ι
26 550 132 597 πος
145 529 250 588 τὸν
266 553 510 604 αρχοντα
529 536 606 599 είς
621 530 684 588 τὰ
696 536 811 586 τῶν
828 532 1095 600 ἐκκρίτων
1105 531 1463 602 δικαστήριον
1477 531 1718 603 εἰσάγων

24 612 299 685 ζημιούτω
317 620 398 688 τῷ
415 613 634 680 δόξαντι
655 610 914 683 τιμήματι
940 617 1021 683 τῷ
1045 614 1376 686 δικαστηρίω
1399 615 1580 686 διπλῇ.
1619 612 1718 669 ἐὰν

25 691 80 750 δ’
118 697 413 766 ἐπίτροπος
448 692 670 766 ἀμελεῖν
691 688 730 765 ἦ
749 703 1085 763 κακουργεῖν
1114 696 1254 766 δοκῇ
1283 704 1396 759 τοῖς
1427 698 1649 761 οἰκείοις
1679 691 1716 767 ἦ

21 776 116 831 καὶ
132 780 248 831 τῶν
265 773 455 832 ἄλλων
482 777 591 832 τινὶ
620 781 881 844 πολιτῶν,
911 778 987 839 εἰς
1015 771 1221 830 ταύτὸν
1252 772 1717 848 ἆγέτωδικαστή-

22 876 173 927 ριον·
210 854 244 911 ὅ
270 878 324 912 τι
353 855 409 913 δ’
441 853 515 913 ἄν
542 856 711 929 ὄφλῃ,
740 861 1144 927 τετραπλασίαν
1162 856 1265 928 μὲν
1293 856 1498 914 τούτου
1525 863 1715 928 τίνειν,
1747 875 1776 915 C
1879 911 1894 920 ,

21 942 308 1010 γιγνέσθω
327 938 390 995 δὲ
406 937 470 995 τὸ
490 941 595 1011 μὲν
612 937 785 1010 ἥμισυ
805 943 909 994 τοῦ
928 937 1140 1008 παιδός,
1159 938 1222 994 τὸ
1245 936 1298 995 δ’
1315 937 1489 1011 ἥμισυ
1507 946 1608 996 τοῦ
1624 962 1717 997 κα·

21 1022 473 1093 ταδικασαμένου
490 1020 594 1094 τὴν
613 1025 789 1094 δίκην.
829 1018 942 1092 ἅμα
972 1017 1026 1076 δ’
1056 1016 1128 1076 ἂν
1157 1019 1340 1094 ἡβήσῃ
1368 1042 1458 1088 τις
1470 1028 1587 1079 τοῖν
1615 1021 1717 1093 ὀρ-

22 1108 247 1174 φανῶν,
275 1102 376 1160 ἐὰν
401 1100 603 1176 ἡγῆται
633 1109 819 1170 κακοῖς
844 1106 1332 1175 ἐπιτροπευθῆναι,
1360 1107 1518 1176 μέχρι
1554 1107 1717 1162 πέντε

21 1188 164 1241 ἐτῶν
181 1183 479 1257 ἐξηκούσης
499 1191 597 1257 τῆς
616 1188 910 1257 ἐπιτροπῆς
934 1189 1073 1241 ἔστω
1093 1188 1254 1257 δίκην
1281 1192 1467 1257 λαχεῖν
1498 1189 1719 1258 ἐπιτρο-

21 1271 173 1331 πίας·
207 1264 308 1322 ἐὰν
327 1268 392 1322 δέ
404 1288 487 1332 τις
503 1265 654 1340 ὄφλῃ
680 1289 794 1323 των
815 1266 1147 1337 ἐπιτρόπων,
1167 1273 1332 1341 τιμᾷν
1354 1266 1423 1323 τὸ
1455 1268 1722 1340 δικαστή-

21 1368 147 1417 ριον
175 1345 210 1403 ὅ
247 1368 300 1402 τι
330 1345 435 1419 χρὴ
479 1354 686 1416 παθεῖν
729 1342 767 1417 ἦ
809 1346 1108 1415 ἀποτίνειν,
1139 1347 1237 1402 ἐὰν
1274 1347 1334 1404 δὲ
1372 1346 1439 1419 δὴ
1471 1354 1586 1404 τῶν
1617 1347 1721 1420 020-

19 1426 255 1500 πόντων,
284 1426 509 1502 ἀμελείᾳ
537 1427 641 1500 μὲν
679 1428 842 1495 δόξας
878 1431 1126 1482 κακῶσαι
1159 1425 1261 1482 τὸν
1294 1424 1568 1499 ὀρφανόν,
1600 1428 1635 1484 ὅ
1668 1451 1719 1485 τι

19 1506 124 1582 χρὴ
147 1514 321 1565 τίνειν
338 1506 512 1566 αὐτὸν
531 1514 607 1581 τῷ
627 1513 798 1581 παιδί,
827 1507 1033 1580 τιμάτω
1050 1506 1111 1564 vd
1133 1507 1506 1581 δικαστήριον,
1530 1510 1630 1566 ἐὰν
1651 1513 1710 1566 δὲ
1742 1521 1777 1562 D

21 1586 226 1664 ἀδικίᾳ,
258 1587 398 1662 πρὸς
425 1597 506 1665 τῷ
535 1590 796 1663 τιμήματι
826 1594 924 1662 τῆς
954 1586 1123 1661 ἀρχῆς
1157 1596 1273 1651 τῶν
1302 1590 1718 1663 νομοφυλάκων

22 1668 377 1744 ἀφιστάσθω,
396 1671 458 1729 τό
482 1673 541 1731 δὲ
561 1670 759 1730 κοινὸν
782 1677 878 1744 τῆς
894 1670 1107 1736 πόλεως
1123 1671 1316 1743 ἕτερον
1344 1672 1716 1745 νομοφύλακα

19 1749 145 1811 ἀντὶ
164 1753 371 1811 τούτου
388 1754 708 1813 καθιστάτω
726 1760 794 1828 τῇ
812 1754 966 1828 χώρα
985 1745 1074 1810 καὶ
1096 1759 1166 1825 τῇ
1183 1754 1643 1812 πόλει..

19 1882 28 1887 .
161 1838 244 1892 lx.
274 1838 559 1909 Διαφοραὶ
573 1840 828 1908 πατέρων
847 1858 906 1894 τε
918 1857 1059 1908 προς
1078 1833 1264 1893 αὑτων
1281 1839 1482 1903 παῖδας
1498 1842 1725 1941 γίγνονὲ

20 1938 110 1974 ται
125 1918 219 1974 καὶ
242 1921 461 1975 παίδων
479 1917 621 1990 πρός
637 1920 908 1991 γεννητὰς
924 1913 1195 1990 μείζους’“
1158 1941 1192 1990 η
1222 1919 1421 1990 χρεών,
1452 1920 1515 1975 ἐν
1550 1914 1637 1985 αἷς
1666 1921 1725 1975 οἳ

21 2020 80 2056 τε
112 2002 343 2070 πατέρες
376 1998 593 2072 ἡγοῖντ’
633 2024 708 2057 αν
746 1996 903 2057 δεῖν
898 1999 998 2056 τόν
1033 2002 1349 2071 νομοθέτην
1387 2006 1719 2071 νομοθετεῖν

18 2082 227 2148 ἐξεῖναί
237 2097 434 2152 σφισιν
450 2080 549 2138 ἐαν
567 2081 884 2154 βούλωνται
903 2079 1003 2136 τὸν
1016 2078 1189 2136 υἱὸν*
1159 2078 1272 2136 υπὸ
1284 2081 1539 2153 κήρυκος
1559 2083 1716 2138 ἐναν·

19 2166 142 2219 τίον
177 2160 446 2219 ἁπάντων
479 2161 730 2219 ἀπειπεῖν
768 2160 896 2219 υἱὸν
934 2160 1072 2219 κατὰ
1111 2161 1290 2234 νόμον
1318 2159 1509 2235 μηκέτ’
1549 2160 1710 2235 εἶναι,
1746 2181 1775 2220 Ε

22 2245 161 2309 υἱεῖς
179 2241 228 2299 τ’
251 2236 328 2300 αὖ
345 2248 503 2315 σφίσι
522 2245 760 2316 πατέρας
780 2240 889 2301 ὑπὸ
912 2243 1102 2300 νόσων
1132 2238 1171 2316 ἦ
1196 2242 1383 2316 γήρως
1401 2246 1718 2315 διατιθεμέ-

21 2344 159 2390 νους
177 2327 413 2396 αἰσχραῖς
436 2326 635 2391 ἐξεῖναι
653 2329 961 2396 παρανοίας
976 2325 1320 2396 γράφεσθαι·
1341 2332 1517 2382 ταῦτα
1535 2326 1595 2383 δὲ
1616 2324 1718 2382 ὄν-

22 2425 130 2471 τος
146 2406 209 2462 ἐν
224 2404 528 2476 παγκάκων
541 2404 739 2479 ἤθεσιν
756 2405 1082 2477 ἀνθρώπων
1099 2412 1395 2479 γίγνεσθαι
1414 2414 1579 2479 φιλεῖ,
1601 2410 1717 2465 ἐπεὶ

24 2486 270 2560 ἡμίσεών
292 2511 356 2560 γε
373 2489 556 2548 ὄντων
574 2497 689 2549 τῶν
703 2499 912 2564 κακῶν,
930 2487 1052 2549 οἷον
1070 2491 1144 2565 μὴ
1166 2498 1346 2550 κακοῦ
1362 2493 1466 2563 μὲν
1489 2491 1714 2565 πατρός,

25 2572 176 2636 υἱέος
199 2572 280 2641 δέ,
305 2566 343 2643 ἢ
360 2570 710 2647 τούναντίον,
737 2572 807 2632 οὐ
826 2581 1112 2646 γίγνονται
1140 2573 1421 2646 ξυμφοραὶ
1447 2574 1715 2646 τηλικαύ-

25 2674 121 2723 της
137 2656 340 2723 ἔχθρας
358 2652 593 2725 ἔκγονοι.
632 2660 694 2715 ἐν
721 2656 824 2729 μὲν
854 2650 959 2712 οὖν
984 2654 1125 2728 ἄλλῃ
1153 2658 1400 2729 πολιτείᾳ
1416 2664 1543 2723 παῖς
1571 2652 1716 2712 άπο-

27 2735 438 2857 καηςῃνξίνες
461 2734 564 2795 ούκ
583 2733 657 2795 ἄν
685 2741 740 2805 ἐξ
770 2736 1016 2809 α’νάγκης
1045 2734 1238 2803 ἄπολις
1265 2734 1603 2864 εἴη,2ἱαύτης
1636 2740 1714 2805 δέ,
