1976 3172
697 96 1009 146 Nommv
1042 83 1126 146 ια’.
1634 94 1739 149 357

57 240 213 292 κείαν
230 235 367 303 γένη
390 230 747 301 διαβέβληταί
755 247 814 285 τε
830 228 923 284 καὶ
940 229 1004 284 ἐν
1020 232 1263 300 αἰσχροῖς
1279 232 1511 302 γέγονεν
1530 228 1739 288 ὀνείδε-

59 334 165 373 σιν.
214 314 331 371 ἐπεὶ
348 319 404 368 εἰ
414 333 513 380 τις,
539 307 573 365 ὃ
589 308 669 381 μή
684 327 817 366 ποτε
832 308 1048 377 γένοιτο
1072 306 1199 366 οὐδ’
1231 314 1400 380 ἔσται,
1419 329 1741 383 προσαναγ-

56 397 332 455 κάσειε--
349 399 571 465 γελοῖον
596 390 699 463 μὲν
722 392 913 457 εἰπεῖν,
940 386 1091 459 ὅμως
1117 391 1178 447 δὲ
1206 391 1480 463 εἰρήσεται
1506 427 1577 437 -
1596 413 1742 449 παν-
1768 410 1802 452 Ε

56 482 318 533 δοκεῦσαι
335 472 468 539 τοὺς
486 475 734 542 πανταχῇ
751 466 1011 542 ἀρίστους
1028 467 1356 545 ἀνδρας-ἐπί
1380 494 1504 528 τινα
1535 473 1743 544 χρόνον

57 554 96 630 ἢ
111 556 448 628 καπηλεύειν
464 553 503 625 ἦ
518 574 572 611 τι
588 555 703 609 τών
716 550 990 607 τοιούτων
1009 552 1287 623 πράττειν,
1307 548 1344 622 ἦ
1367 554 1459 609 καὶ
1476 566 1742 623 γυναῖκας

0 657 1 678 ³
53 644 116 695 ἐκ
133 661 287 704 τινος
302 636 548 707 ἀνάγκης
566 635 894 705 εἱμαρμένης
908 637 1010 687 τοῦ
1027 632 1287 688 τοιούτου
1303 641 1591 704 μετασχεῖν
1608 636 1744 706 τρό-7

51 739 183 788 πον,
203 723 467 788 γνοίημεν
484 715 575 785 ἄν,
606 712 681 780 ώς
712 718 879 785 φίλον
906 715 998 770 καὶ
1023 711 1309 785 ἀγαπητόν
1336 718 1485 771 ἐστιν
1507 716 1744 772 ἕκαστον

50 799 287 869 τούτων,
315 799 409 855 καὶ
436 803 488 854 εἰ
511 794 652 853 κατὰ
682 795 855 866 λόγον
882 794 1236 866 ἀδιάφθορον
1256 801 1517 868 γίγνοιτο,
1547 799 1609 852 ἐν
1637 819 1744 869 μη·

50 877 183 950 τρὸς
210 875 284 936 ἀν
318 880 411 935 καὶ
444 883 662 947 τροφοῦ
695 876 928 948 σχήματι
956 882 1160 951 τιμῷτο
1179 875 1246 932 τὰ
1277 883 1506 933 τοιαῦτα
1534 877 1741 935 πάντα·

51 966 163 1017 νῦν
192 961 252 1017 δὲ
282 958 493 1016 ὁπόταν
523 962 601 1023 εἰς
637 957 875 1029 ἐρήμους
907 979 989 1023 τις
1019 962 1316 1028 καπηλείας
1342 959 1507 1015 ἕνεκα
1536 959 1743 1025 τόπους
1770 973 1858 1022 919

52 1040 470 1111 καὶπανταχόσε
490 1037 636 1109 μήκη
655 1042 878 1109 ἔχοντας
905 1036 1055 1092 ὀδών
1087 1037 1456 1110 ἱδρυσάμενος
1484 1041 1739 1112 οἰκήσεις,
1807 1072 1811 1077 ·

49 1125 114 1178 ἐν
133 1120 339 1195 ἀπορίᾳ
354 1126 720 1192 γιγνομένους
730 1120 1097 1176 καταλύσεσιν
1110 1117 1412 1192 ἀγαπηταῖς
1430 1121 1739 1193 δεχόμενος,

48 1199 85 1273 ἦ
102 1202 212 1260 ὑπὸ
237 1203 526 1274 χειμώνων
548 1200 760 1271 ἀγρίων
777 1205 872 1273 βία
890 1202 1315 1272 ἐλαυνομένους,
1338 1200 1615 1273 εὐδιεινὴν
1634 1224 1739 1273 γα·-

48 1285 225 1382 λη’νην
258 1300 562 1353 παρασχων
597 1279 635 1353 ἦ
667 1286 922 1352 πνίγεσιν
955 1280 1267 1354 ἀναψυχήν,
1302 1282 1369 1340 τὰ
1399 1282 1535 1356 μετὰ
1565 1290 1739 1340 ταῦτα

47 1364 151 1436 οὐχ
170 1362 246 1430 ὥς
263 1364 512 1433 ἑταίρους
538 1362 834 1431 δεξάμενος
851 1362 1045 1433 φιλικοὶ
1060 1365 1317 1435 παράσχῃ
1330 1366 1526 1430 ξένια
1497 1365 1739 1436 επόμενα

50 1458 167 1512 ταῖς
195 1445 511 1516 ὑποδοχαῖς,
531 1440 607 1508 ώς
641 1441 694 1499 δ’
730 1442 971 1514 ἐχθρους
1005 1444 1383 1515 αἰχμαλώτους
1409 1448 1738 1517 κεχειρωμέ-

49 1548 187 1593 νους
213 1525 583 1597 ἀπολυτρώσῃ
601 1531 718 1605 τῶν
739 1525 1096 1596 μιαρωτάτων
1113 1525 1204 1580 καὶ
1236 1522 1445 1584 ἀδίκων
1475 1529 1567 1582 καὶ
1598 1526 1737 1582 ἀκα-

46 1610 276 1679 θάρτων
304 1607 543 1676 λύτρων,
580 1602 754 1662 ταῦτά
784 1609 899 1662 ἐστι
926 1608 1020 1663 καὶ
1045 1605 1113 1663 τά
1148 1612 1376 1664 τοιαῦτα
1406 1610 1468 1664 ἐν
1494 1608 1736 1680 ξύμπασι
1758 1627 1794 1669 Β

45 1702 160 1755 τοῖς
175 1689 451 1754 τοιούτοις
461 1693 698 1758 αἰσχρῶς
715 1683 1142 1759 ἁμαρτανόμενα
1160 1686 1257 1753 τὰς
1274 1689 1536 1762 διαβολάς
1553 1697 1623 1763 τῇ
1639 1696 1736 1762 τῆς

44 1769 279 1842 ἀπορίας
314 1769 668 1842 ἐπικουρήσει
704 1770 1174 1841 παρεσκευακότα.
1230 1771 1444 1828 τούτων
1480 1794 1587 1828 ουν
1629 1770 1730 1845 χρὴ

44 1852 344 1925 φάρμακον
362 1850 449 1909 ἀεὶ
463 1854 685 1923 τέμνειν
701 1849 803 1907 τόν
820 1855 1149 1923 νομοθέτην.
1184 1849 1367 1922 ὀρθὸν
1393 1873 1495 1923 μεν
1524 1850 1591 1923 δὴ
1623 1852 1734 1908 πά-

44 1942 137 1992 λαι
152 1956 210 1991 τε
232 1936 523 2006 εἰρημένον
542 1930 616 1999 ώς
630 1933 771 2010 πρὸς
790 1932 893 1989 δύο
912 1933 1187 2005 μάχεσθαι
1214 1936 1305 1990 καὶ
1332 1937 1554 1990 ἐναντία
1570 1940 1734 2005 χαλε-

43 2017 175 2087 πόν,
203 2016 460 2086 καθάπερ
490 2017 553 2072 ἐν
572 2027 689 2080 ταῖς
715 2014 902 2080 νόσοις
930 2022 1154 2081 πολλοῖς
1181 2036 1238 2071 τε
1265 2014 1503 2071 ἄλλοισι·
1542 2017 1635 2071 καὶ
1664 2012 1732 2087 δὴ

43 2099 137 2154 καὶ
152 2102 264 2154 νῦν
287 2095 323 2168 ἡ
342 2096 561 2153 τούτων
580 2098 817 2167 καὶπερὶ
836 2101 1009 2152 ταῦτα
1035 2099 1156 2153 ἐστὶ·
1167 2096 1307 2167 πρὸς
1324 2096 1427 2153 δύο
1446 2096 1609 2169 μάχη,
1630 2116 1732 2151 πε-

44 2183 174 2236 νίαν
210 2181 302 2235 καὶ
338 2183 602 2247 πλοῦτον,
638 2176 740 2234 τὸν
778 2178 881 2249 μὲν
918 2177 1104 2249 ψυχὴν
1132 2178 1512 2251 διεφθαρκότα
1543 2183 1733 2250 τρυφῇ

43 2266 159 2316 τών
176 2258 517 2330 ἀνθρώπων,
536 2257 640 2331 τὴν
659 2258 721 2316 δὲ
739 2258 939 2325 λύπαις
959 2263 1446 2333 προτετραμμένην
1465 2264 1542 2325 εἰς
1570 2256 1729 2315 ἀναι-
1759 2270 1791 2314 O

42 2347 307 2412 σχυντίαν
326 2339 531 2412 αὑτήν·
566 2347 646 2408 τίς
664 2334 769 2398 οὖν
788 2340 855 2413 δὴ
872 2348 969 2414 τῆς
988 2341 1165 2399 νόσου
1192 2343 1395 2413 ταύτης
1423 2340 1613 2414 ἀρωγὴ
1641 2346 1729 2412 γί-

42 2421 221 2492 »νοντ’
243 2445 315 2480 αν
333 2424 395 2481 ἐν
412 2429 558 2481 νοῦν
577 2423 779 2497 ἐχούσῃ
799 2423 982 2492 πόλει;
1015 2430 1240 2495 πρῶτον
1258 2423 1413 2496 μὲν“
1379 2447 1409 2480 ο
1430 2446 1482 2480 τι
1506 2440 1726 2495 σμικρο-

43 2501 192 2576 τάτφ
225 2512 466 2576 χρῆσθαι
500 2504 641 2564 κατὰ
689 2507 933 2579 δύναμιν
966 2512 1045 2581 τῷ
1088 2528 1203 2563 των
1245 2505 1511 2575 καπήλων
1558 2505 1725 2575 γένει,

44 2589 232 2642 ἔπειτα
245 2586 462 2654 τούτοις
477 2610 592 2647 των
608 2587 934 2661 ἀνθρώπων
953 2588 1332 2657 προστάττειν,
1354 2608 1435 2642 ων
1460 2590 1726 2658 διαφθει-

45 2670 298 2740 ρομένων
316 2664 422 2725 οὑκ
438 2690 511 2726 αν
524 2676 769 2743 γίγνοιτο
786 2670 999 2742 μεγάλη
1017 2671 1162 2740 λύμη
1183 2674 1250 2741 τῇ
1270 2667 1447 2737 πόλει,
1455 2673 1644 2736 τρίτον
1664 2669 1725 2724 δὲ

44 2747 233 2816 αὐτοῖς
248 2762 360 2816 τοῖς
376 2759 705 2825 μετασχοῦσι
724 2752 939 2818 τούτων
956 2772 1068 2807 των
1084 2748 1530 2822 ἐπιτηδευμάτων
1540 2743 1725 2818 εὑρεῖν
