1976 3172
705 120 1015 170 NOMszzv
1045 115 1108 183 η’.
1640 117 1747 172 259

50 263 103 316 εἰ
128 258 375 315 δυνατὸν
402 263 504 328 εἴη,
531 254 847 326 κωλύοιμεν
875 251 978 320 ἄν;
1016 247 1055 324 ἦ
1092 259 1210 319 πῶς
1246 258 1498 327 λέγομεν,
1538 248 1584 311 ὦ
1617 260 1746 326 φίλε

51 346 332 412 Μέγιλλε;

191 426 322 478 ΜΕ.
361 419 560 491 Πάντη
578 440 663 475 τοι
685 422 885 485 καλως,
906 438 950 472 ω
982 418 1120 488 ξένε,
1149 419 1276 488 περὶ
1307 415 1499 474 αὐτων
1527 419 1747 477 τούτων

48 511 275 576 εἴρηκας
290 500 358 559 τὰ
376 508 501 558 νῦν.
1775 511 1811 553 Ε

190 591 310 642 ΑΘ.
339 581 530 639 Ἐοικιέ
553 602 636 653 γε,
670 579 808 651 ὅπερ
837 583 930 638 καὶ
960 580 1243 653 ἐτόπαζον,
1272 566 1460 653 τυχεῖν
1489 588 1586 653 τῆς
1623 588 1743 653 σῆς,

50 691 95 724 ω
120 672 266 739 φίλε,
288 669 584 741 ξυνφδίας·
613 662 716 720 τὸν
734 661 796 720 δὲ
812 664 994 736 νόμον
1019 661 1202 735 ὑμῶν,
1234 661 1268 720 ὅ
1295 685 1348 720 τι
1380 674 1504 720 νοεῖ
1521 665 1648 734 περὶ
1674 663 1742 720 τὰ

45 757 291 817 τοιαῦτα,
312 745 491 806 ουδεν-
498 767 566 819 με
586 744 854 812 ἐξετάζειν
872 748 971 816 δεῖ,
1002 748 1264 817 δέχεσθαι
1284 744 1344 802 δὲ
1367 742 1472 817 τὴν
1488 751 1567 819 τῷ
1593 743 1745 820 λόγῳ
1783 786 1789 796 .

46 829 414 902 συγχώρησιν.
469 832 701 901 Κλεινίᾳ
735 826 796 883 δὲ
829 826 966 899 μετὰ
993 834 1168 884 ταῦτα
1199 829 1293 884 καὶ
1329 831 1583 893 εἰσαῦθις
1617 827 1744 900 περὶ

45 911 237 974 αὐτῶν
271 911 492 969 τούτων
523 911 858 983 πειράσομαι
899 910 1126 985 ἐπᾳδων
1162 914 1397 966 πείθειν.
1453 909 1516 965 τὸ
1554 911 1620 967 δέ
1649 932 1744 981 μοι

46 991 403 1066 δεδομένον’
370 992 480 1050 υπό
513 999 679 1068 σφων
706 1000 822 1063 ἴτω,
851 995 945 1049 καὶ
972 967 1344 1065 διεξέλθωμεν
1361 991 1584 1058 πάντως
1610 989 1743 1058 τοὺς

48 1095 272 1146 νθμθυς·

187 1163 318 1214 ΜΕ.
351 1155 659 1229 Ὀρθότατα
676 1159 866 1227 λέγεις.

184 1244 304 1293 ΑΘ.
348 1240 563 1309 Τέχνην
580 1238 651 1310 δή
667 1236 765 1294 τιν’
789 1230 866 1293 αὖ
882 1236 1087 1293 τούτου
1103 1242 1208 1294 τοῦ
1221 1237 1403 1309 νόμου
1420 1243 1516 1310 τῆς
1529 1237 1742 1303 θέσεως

44 1422 155 1461 πον
179 1403 538 1461 παντάπασιν
556 1400 631 1470 ὥς
649 1398 735 1459 οἷό
739 1425 773 1459 ν
790 1425 847 1459 τε
863 1403 1273 1475 χαλεπωτάτην.

185 1492 318 1543 ΜΕ.
353 1491 486 1552 Πῶς
506 1483 574 1557 δὴ
594 1486 798 1558 λέγεις;

183 1573 303 1624 ΑΘ.
326 1568 515 1640 Ἴσμεν
545 1587 658 1625 που
685 1570 778 1625 καὶ
807 1566 875 1624 τὰ
905 1573 1016 1624 νῦν
1044 1565 1176 1633 τούς
1195 1572 1487 1634 πλείστους
1505 1573 1620 1624 τοῖν
1637 1566 1740 1624 ἆν-

41 1648 315 1720 vaduam,
334 1653 533 1722 καίπερ
561 1650 924 1722 παρανόμους
953 1648 1135 1721 ὄντας,
1166 1649 1240 1716 ὦς
1270 1643 1336 1706 εὖ
1369 1672 1429 1707 τε
1456 1653 1548 1708 καὶ
1578 1649 1741 1721 ἄκρι-

38 1737 155 1806 βῶς
174 1739 452 1803 εἴργονται
468 1739 565 1804 τῆς
583 1739 697 1789 τῶν
715 1737 904 1789 καλῶν
926 1739 1229 1799 συνουσίας
1254 1731 1359 1791 οὐκ
1380 1731 1628 1806 ἄκοντες,
1663 1730 1737 1800 ὦς

39 1810 165 1872 οἷόν
181 1836 241 1872 τε
266 1815 328 1872 δὲ
345 1815 585 1888 μάλιστα
605 1815 843 1882 ἑκόντες.
991 1831 996 1835 “

17 1904 18 1907 ’
180 1904 313 1955 ΜΕ
350 1897 498 1955 Πότε
515 1901 716 1969 λέγεις;

15 2021 17 2035 2
182 1986 302 2036 Ae.
322 1979 497 2037 ’Ὅταν
520 1977 764 2052 ἀδελφὸς
791 1975 829 2052 ἦ
869 1978 1087 2052 ἀδελφή
1122 2001 1201 2056 τω
1235 1982 1510 2051 γένωνται
1548 1982 1735 2077 καλοί·

15 2061 134 2118 καὶ
162 2063 287 2132 περὶ
303 2058 509 2127 vidos*
470 2084 505 2133 η
528 2061 814 2132 θυγατρὸς
842 2060 872 2118 ὁ
894 2060 1062 2127 αὐτὸς
1085 2062 1258 2133 νόμος
1278 2059 1534 2133 ἄγραφος
1560 2082 1642 2117 ων
1666 2058 1740 2126 ὡς
1779 2074 1810 2116 Β

15 2136 165 2198 οἶόν
191 2162 251 2199 τε
282 2141 595 2199 ἱκανώτατα
626 2143 892 2214 φυλάττει
929 2143 1066 2215 μήτε
1097 2163 1355 2214 φανερως
1385 2141 1520 2215 μήτε
1550 2141 1737 2241 λάθρᾳ

15 2242 18 2275 1
39 2224 560 2295 συγκαθεύδοντα“’
522 2248 557 2298 η
578 2245 695 2291 πως
714 2223 894 2291 ἄλλως
914 2221 1298 2298 ἀσπαζόμενον
1315 2225 1592 2282 ἅπτεσθαι
1613 2224 1736 2280 τού·

13 2325 177 2363 ττων·
198 2305 325 2365 ἀλλ’
345 2305 470 2364 ουδ’
495 2310 767 2380 ἐπιθυμία
785 2307 988 2380 ταύτης
1015 2314 1112 2380 τῆς
1140 2314 1444 2373 συνουσίας
1472 2306 1534 2363 τὸ
1555 2327 1737 2379 παρα-

14 2411 17 2419 ’
39 2406 153 2446 παν
172 2393 471 2462 εἰσέρχεται
491 2389 626 2457 τούς
643 2391 904 2456 πολλούς.

181 2476 312 2530 ΜΕ.
345 2469 554 2545 Ἀληθῆ
573 2475 760 2544 λέγεις.

182 2559 299 2611 ΑΘ.
337 2554 571 2614 Οὐκοῦν
588 2554 828 2629 σμικρὸν
846 2557 995 2630 ῥῆμα
1012 2559 1421 2629 κατασβέννυσι
1441 2554 1621 2622 πάσας
1639 2553 1735 2621 τὰς

11 2655 13 2660 ’
40 2633 302 2701 τοιαύτας
317 2633 552 2709 ἡδονᾶςς
996 2690 1005 2696 .

183 2718 430 2776 ΜΕ.Τό
451 2732 614 2779 nom
633 2721 701 2796 δὴ
726 2726 926 2795 λέγεις;

192 2799 414 2859 ΑΘ.Τό
445 2809 618 2861 ταῦτα
647 2803 788 2863 εἶναι
821 2826 999 2877 φαναι
1026 2800 1462 2931 μηδαμῶςΙῖέσια,
1493 2807 1734 2873 θεομισῆ

42 1320 108 1376 ἐν
126 1324 205 1394 τῷ
225 1325 336 1375 νῦν
365 1320 602 1390 παρόντι
626 1325 694 1391 τῇ
715 1321 819 1390 μὲν
838 1321 1040 1393 ῥᾳδίαν
1058 1323 1182 1390 ἔχω,
1202 1324 1271 1391 τῇ
1290 1318 1343 1375 δ’
1366 1314 1442 1375 αὖ
1461 1317 1587 1376 τινα
1605 1319 1741 1391 τρό-
1768 1333 1859 1379 838
1931 1336 1941 1344 ”
