1976 3172
276 140 379 194 164
887 138 1397 187 ΠΛΑΤΩΝΟΣ’

202 281 240 324 Β
274 273 577 329 συνάπτειν
596 269 734 341 πρὸς
759 268 968 341 ἡμέραν
989 268 1256 341 ἄρχοντας
1285 268 1532 342 ἄρχουσι,
1563 271 1950 342 φρουροῦντάς

272 375 331 410 τε
352 350 666 425 φρουροῦσι
685 355 1105 422 διαδεχομένους
1123 349 1207 407 ἀεὶ
1234 354 1324 407 καὶ
1352 352 1757 421 παραδιδόντας
1784 355 1952 422 μηδέ-

266 441 406 491 ποτε
426 436 629 505 λήγειν.
652 440 869 505 πλῆθος
887 434 948 489 δὲ
967 431 1036 488 οὐ
1056 431 1301 489 δυνατὸν
1320 430 1485 499 ὀξέως
1504 431 1769 488 οὐδέποτε
1788 431 1954 489 οὐδὲν

203 533 211 540 ·
275 518 490 572 τούτων
525 514 785 584 πράττειν
803 535 813 546 ·
847 511 1151 583 ἀναγκαῖον
1183 513 1250 585 δὴ
1289 512 1419 579 τούς
1442 515 1544 585 μὲν
1568 512 1810 578 πολλοὺς
1842 521 1956 570 τῶν

278 601 601 668 βουλευτῶν
618 597 704 651 ἐπὶ
715 595 776 651 τό
796 602 1054 651 πλεῖστον
1070 599 1173 651 τοῦ
1190 594 1397 666 χρόνου
1416 598 1516 667 ἐᾷν
1535 596 1624 651 ἐπὶ
1642 606 1754 660 τοῖς
1770 592 1976 651 αὑτῶν·

276 680 463 733 ἰδίοισι
481 679 750 747 μένοντας
773 674 1211 748 εὐθημονεῖσθαι
1228 674 1296 731 τοὶ
1325 675 1463 732 κατὰ
1481 675 1579 741 τὰς
1598 673 1784 731 αὑτῶν
1802 674 1976 747 οἰκή-·

277 773 407 826 σεις,
442 755 503 811 τὸ
544 758 605 811 δὲ
637 759 949 812 δωδέκατον
985 759 1149 828 μέρος
1181 754 1371 813 αὐτῶν
1409 759 1496 813 ἐπὶ
1531 756 1745 812 δώδεκα
1781 763 1959 827 μῆνας

275 841 570 906 νείμαντας
590 840 652 891 ἓν
677 836 769 906 ἐφ’
803 839 885 891 ἑνὶ
914 840 1171 906 παρέχειν
1202 836 1407 900 αὐτοὺς
1434 837 1704 908 φύλακας,
1736 837 1878 893 ἰόντι
1903 837 1964 892 τέ

212 921 245 963 0
275 922 390 974 τινί
402 924 584 973 ποθεν
602 915 848 973 ἄλλοθεν
866 924 973 972 εἴτε
991 918 1086 971 καὶ
1104 919 1158 982 ἐξ
1177 914 1346 987 αὐτῆς
1372 921 1470 986 τῆς
1497 917 1709 982 πόλεως
1738 917 1961 987 ἑτοίμως

277 1003 566 1069 ἐπιτυχεῖν,
588 997 661 1053 ἄν
678 1019 736 1054 τε
755 996 1040 1068 ἀγγέλλειν
1054 997 1326 1069 βούληταί
1343 1019 1424 1063 τις
1441 997 1541 1054 ἐάν
1558 996 1609 1054 τ’
1641 992 1715 1053 αὖ
1733 996 1976 1053 πυνθά-ζ

210 1100 215 1107 ‘
278 1084 483 1136 νεσθαί
496 1101 549 1135 τι
566 1086 678 1134 τῶν
698 1071 779 1135 ῶν
799 1077 1067 1150 προσήκει
1085 1079 1243 1136 πόλει
1261 1078 1401 1152 πρὸς
1419 1078 1603 1144 πόλεις
1623 1078 1791 1144 ἄλλας
1819 1077 1961 1134 ἀπο-ν

278 1165 578 1229 κρίνεσθαί
617 1182 677 1216 τε
717 1165 810 1216 καὶ
850 1163 1207 1233 ἐρωτήσασαν
1240 1162 1427 1230 ἑτέρας
1460 1160 1833 1226 ἀποδέξασθαι
1865 1159 1963 1225 τὰς

279 1241 613 1313 ἀποκρίσεις,
634 1244 726 1300 καὶ
744 1242 812 1314 δὴ
834 1246 926 1299 καὶ
944 1248 1060 1299 τῶν
1076 1245 1214 1300 κατὰ
1233 1242 1398 1300 πόλιν
1416 1244 1673 1300 ἑκάστοτε
1703 1263 1960 1312 νεωτερι-

280 1331 438 1396 σμῶν
458 1325 619 1381 ἕνεκα
650 1328 1021 1380 παντοδαπῶν
1053 1324 1338 1382 εἰωθότων
1363 1323 1447 1380 ἀεὶ
1475 1329 1782 1395 γίγνεσθαι,
1814 1323 1962 1388 ὅπως

195 1412 246 1453 Α1)
281 1403 353 1462 ἄν
375 1405 610 1476 μάλιστα
630 1406 732 1476 μὲν
749 1407 824 1476 μὴ
845 1411 1159 1476 γίγνωνται,
1181 1409 1501 1476 γενομένων
1520 1404 1580 1460 δὲ
1605 1403 1640 1460 δ’
1657 1427 1709 1460 τι
1735 1404 1960 1475 τάχιστα

196 1514 204 1526 ,
282 1490 619 1557 αἰσθομένης
635 1491 730 1556 τῆς
748 1484 958 1550 πόλεως
977 1490 1115 1557 ἰαθῇ
1133 1485 1193 1540 τὸ
1214 1486 1519 1556 γενόμενον
1533 1508 1544 1518 ·
1572 1485 1657 1541 διὸ
1677 1485 1962 1554 ξυλλόγων

280 1587 339 1621 τε
359 1564 444 1622 ἀεὶ
463 1569 551 1621 δεῖ
563 1571 727 1621 τοῦτο
745 1565 884 1622 εἶναι
902 1565 964 1621 τὸ
984 1566 1417 1637 προκαθήμενον
1433 1573 1528 1638 τῆς
1546 1567 1755 1630 πόλεως
1765 1565 1962 1637 κύριον

281 1648 374 1703 καὶ
394 1645 710 1702 διαλύσεων·
721 1654 836 1703 τῶν
854 1669 912 1703 τε
931 1647 1070 1702 κατὰ
1087 1647 1296 1718 νόμους
1314 1654 1427 1703 τῶν
1439 1668 1495 1704 τε
1518 1649 1774 1718 ἐξαίφνης
1792 1666 1962 1717 προς-

280 1733 608 1784 πιπτουσῶν
626 1734 695 1799 τῇ
727 1727 894 1784 πόλει.
933 1734 1107 1784 ταῦτα
1124 1732 1225 1801 μὲν
1244 1723 1349 1785 οὖν
1367 1730 1548 1785 πάντα
1565 1729 1625 1785 τό
1648 1732 1961 1784 δωδέκατον

283 1807 356 1865 ἂν
383 1813 547 1880 μέρος
562 1815 657 1882 τῆς
676 1816 882 1882 βουλῆς
910 1819 993 1881 εἴη
1021 1810 1082 1866 τό
1119 1815 1476 1882 διακοσμοῦν,
1505 1810 1572 1866 τὰ
1599 1812 1795 1866 ἕνδεκα
1821 1808 1963 1865 ἀνα-

283 1891 606 1962 παυόμενον
623 1897 724 1947 τοῦ
744 1894 1001 1948 ἐνιαυτοῦ
1017 1894 1154 1963 μέρη
1169 1913 1180 1925 ·
1202 1898 1364 1963 κοινῇ
1383 1895 1443 1947 δὲ
1470 1890 1604 1962 μετὰ
1634 1898 1748 1947 τῶν
1775 1891 1962 1947 ἄλλων

284 1969 471 2043 ἀρχῶν
484 1976 570 2028 δεῖ
577 1972 672 2037 τὰς
684 1973 937 2044 φυλακὰς
948 1972 1150 2038 ταύτας
1163 1973 1463 2043 φυλάττειν
1475 1974 1611 2030 κατὰ
1625 1973 1788 2029 πόλιν
1800 1980 1963 2029 τοῦτο

284 2054 345 2109 τὸ
367 2053 565 2125 μόριον
582 2061 678 2125 τῆς
696 2061 902 2126 βουλῆς
921 2053 1021 2114 ἀεί.

293 2187 298 2189 ,
425 2138 531 2189 VII.
567 2137 677 2191 Καὶ
694 2135 762 2190 τὰ
781 2140 883 2206 μὲν
902 2135 1038 2192 κατὰ
1058 2136 1223 2192 πόλιν
1240 2135 1416 2201 οὕτως
1435 2139 1628 2207 ἔχοντα
1645 2138 1877 2209 μετρίως
1893 2153 1964 2189 αν

227 2226 261 2268 Ε
293 2222 375 2284 εἴη
395 2218 811 2287 διατεταγμένα·
833 2224 928 2288 τῆς
947 2218 1006 2274 δε
1023 2217 1190 2290 ἄλλης
1206 2240 1386 2289 χωρας
1400 2217 1577 2289 ποξσης
1595 2221 1675 2281 τίς
1692 2218 1965 2286 ἐπιμέλεια

284 2298 378 2352 καὶ
395 2300 475 2360 τίς
492 2297 662 2360 ταξις;
691 2296 786 2365 ἄρ’
807 2296 909 2367 οὐχ
932 2296 1095 2369 ἡνίκα
1128 2306 1278 2353 πασα
1305 2300 1407 2370 μὲν
1437 2296 1471 2369 ἡ
1499 2298 1674 2367 πόλις,
1704 2298 1964 2386 σύμπασα

286 2375 347 2433 δε
373 2373 407 2446 ἡ
437 2372 589 2447 χῶρα
618 2375 758 2431 κατὰ
793 2377 1008 2446 δώδεκα
1034 2382 1171 2453 μέρη
1193 2381 1589 2448 διανενέμηται,
1625 2378 1720 2446 τῆς
1750 2377 1965 2442 πόλεως

286 2454 458 2528 αυτῆς
474 2455 624 2512 ὁδῶν
641 2458 733 2514 καὶ
752 2456 1025 2528 οἰκήσεων
1042 2461 1134 2514 καὶ
1153 2462 1488 2529 οἰκοδομιῶν
1505 2460 1597 2513 καὶ
1617 2460 1854 2528 λιμένων
1872 2459 1964 2521 καὶ

287 2537 494 2610 ἀγορας
511 2540 603 2594 καὶ
620 2545 844 2609 κρηνῶν
861 2541 952 2596 καὶ
973 2538 1038 2610 δὴ
1059 2541 1150 2596 καὶ
1167 2545 1412 2610 τεμενῶν
1426 2541 1516 2595 καὶ
1535 2542 1702 2610 ἱερῶν
1721 2543 1811 2595 καὶ
1830 2559 1962 2594 παν-

286 2639 400 2756 τῖωυ
417 2625 532 2676 τῶν
550 2620 819 2676 τοιούτων
838 2619 1158 2694 έπιμελητας
1178 2624 1266 2678 δεῖ
1288 2644 1443 2697 τινας
1471 2620 1962 2699 αποδεδειγμένους

287 2721 314 2756 ε
336 2721 455 2768 ναις

427 2788 544 2840 ΚΛ.
583 2789 712 2849 Πῶς
728 2782 835 2856 γὰρ
856 2783 953 2851 οὕς
