1976 3172
305 144 410 197 366
454 200 458 203 ,
911 146 1392 196 ΠΛΑΤΩΝΟΣ

306 276 576 347 σωμάτων
594 275 878 347 νοσήματα
898 279 990 334 καὶ
1007 276 1277 349 πηρώσεις
1303 275 1341 350 ἦ
1372 282 1618 346 διανοίας
1644 286 1707 338 ἔν
1734 299 1843 338 τισι
1872 289 1976 339 τῶν

301 361 737 430 ἐπιταττομένων
756 371 952 430 γαμεῖν
979 356 1018 431 ἢ
1043 367 1340 431 γαμεῖσθαι
1366 367 1631 434 γίγνηται.
1672 365 1888 421 τούτων
1915 365 1976 436 δὴ

302 439 476 512 μηδὲν
506 445 818 511 φροντίζειν
843 437 962 512 τάχ’
986 438 1060 497 ἂν
1090 440 1119 497 ὁ
1151 444 1462 515 νομοθέτης
1489 445 1665 521 δόξειέ
1688 464 1849 518 τισιν,
1878 447 1976 504 οὐκ

302 522 491 595 ὀρθῶς
511 528 735 579 δοκοῦν.
766 527 905 579 ἔστω
922 530 1116 580 τοίνυν
1133 527 1424 595 εἰρημένον
1441 522 1582 597 ὑπέρ
1594 547 1652 583 τε
1670 532 1976 600 νομοθέτου

301 602 444 660 καῖ’
412 603 553 675 νπὲρ
581 607 1071 676 νομοθετουμένου
1099 604 1298 676 σχεδὸν
1316 601 1436 662 οἷον
1455 608 1651 664 κοινὸν
1674 617 1976 681 προοίμιον,

303 703 648 783 συγγνωμην
658 686 762 756 μὲν
781 692 860 759 τῷ
880 690 1159 759 νομοθέτῃ
1174 687 1307 754 τοὺς
1326 689 1780 789 ἐπιταττομένους
1799 693 1976 763 δεόμε-

301 787 407 821 νον
426 772 586 837 ἔχειν,
615 764 699 821 ὅτι
716 773 831 822 τῶν
849 789 1059 828 κοινων
1082 770 1510 840 ἐπιμελούμενος
1529 767 1633 827 οὐκ
1652 771 1726 826 ἄν
1739 791 1870 828 ποτε
1891 772 1976 827 δυ’-

300 869 457 903 ναιτο
478 845 750 902 διοικεῖν”
725 845 840 916 άμα
858 850 950 902 καὶ
974 846 1071 912 τὰς
1094 852 1234 914 ἰδίας
1262 851 1472 924 ἑκάστω
1499 854 1829 923 γιγνομένας
1846 858 1976 924 ξυμ-

185 950 272 996 926
301 929 498 1000 φοράς,
521 927 855 1000 ξυγγνώμην
884 925 935 984 δ’
959 948 1032 984 αν
1011 921 1142 984 καὶ
1159 940 1271 996 τοῖς
1289 935 1804 1003 νομοθετουμένοις,
1827 931 1900 999 ὦς
1917 936 1976 990 τοὶ

299 1017 402 1066 τοῦ
422 1015 869 1082 νομοθετοῦντος
887 1009 1111 1075 εἰκότως
1127 1011 1302 1066 ἐνίοτε
1320 1008 1392 1066 οὐ
1411 1011 1678 1067 δύνανται
1698 1015 1976 1086 προστάγ-

300 1114 445 1164 ματα
466 1098 659 1161 τελεῖν,
681 1089 718 1146 α’
746 1091 819 1162 μὴ
844 1091 1174 1162 γιγνώσκων
1193 1094 1532 1163 προστάττει.

441 1179 561 1229 ΚΛ.
599 1177 670 1229 Τί
696 1173 762 1244 δή
795 1193 876 1238 τις
902 1167 1023 1245 οὖν,
1064 1166 1109 1230 ὦ
1135 1176 1272 1245 ξένε,
1307 1177 1459 1246 δρῶν
1486 1173 1626 1245 πρὸς
1654 1175 1720 1232 τὰ
1756 1182 1976 1232 τοιαῦτα

298 1255 691 1327 ἐμμετρότατος
712 1251 784 1311 ἄν
803 1263 914 1326 εἴης

279 1411 281 1413 ¹
437 1344 556 1394 ΑΘ.
587 1336 906 1409 Διαιτητάς,
926 1330 973 1392 εὖ
997 1341 1244 1405 Κλεινία,
1266 1347 1381 1402 τοῖς
1398 1338 1667 1404 τοιούτοις
1684 1338 1876 1410 νόμοις
1891 1340 1976 1394 καὶ

297 1421 804 1491 νομοθετουμένοις
821 1415 1125 1487 ἀναγκαῖον
1140 1421 1431 1487 αἱρεῖσθαι.

439 1506 560 1556 ΚΛ.
594 1505 726 1564 Πῶς
744 1500 946 1568 λέγεις;
1379 1495 1382 1497 ’

439 1586 556 1637 ΑΘ.
577 1577 768 1636 ’Ἐστιν
787 1577 879 1634 ὅτε
898 1583 1170 1634 πλουσίου
1187 1575 1392 1649 πατρὸς
1411 1576 1744 1648 ἀδελφιδοῦς
1761 1578 1864 1650 τὴν
1882 1586 1976 1635 τοῦ

235 1675 269 1716 Β
298 1665 464 1719 θείου
480 1663 767 1732 θυγατέρα
786 1657 931 1728 ἑκών
959 1656 1063 1715 οὐκ
1086 1656 1159 1714 ἂν
1189 1660 1375 1715 ἐθέλοι
1403 1659 1726 1732 λαμβάνειν,
1747 1667 1976 1732 τρυφῶν

295 1746 388 1800 καὶ
409 1745 497 1800 ἐπὶ
526 1747 730 1814 μείζοσι
756 1741 954 1813 γάμοις
982 1738 1086 1813 τὴν
1114 1741 1370 1797 διάνοιαν
1394 1742 1630 1813 ἐπέχων·
1664 1746 1779 1799 ἔστι
1805 1740 1856 1798 δ’
1889 1740 1976 1798 ὅτε

295 1825 388 1880 καὶ
409 1822 703 1895 ξυμφορὰν
721 1820 826 1895 τὴν
842 1827 1105 1895 μεγίστην
1131 1828 1233 1878 τοῦ
1263 1825 1578 1894 νομοθέτου
1606 1824 1976 1895 προστάττον-

295 1928 391 1973 τος
409 1904 666 1963 ἀπειθεῖν
691 1903 1044 1978 ἀναγκάζοιτ’
1065 1902 1140 1962 ἂν
1151 1910 1231 1979 τῷ
1249 1905 1422 1980 νόμῳ,
1443 1907 1750 1978 μαινόμενα
1769 1907 1976 1979 κηδεύ-

295 2012 439 2061 ματα
459 1987 864 2060 ἀναγκάζοντος
882 1986 1188 2060 λαμβάνειν
1203 1982 1240 2059 ἦ
1261 1985 1446 2053 δεινάς
1472 1986 1640 2053 ἄλλας
1657 1987 1927 2060 σωμάτων
1945 1987 1976 2060 ἢ

294 2077 493 2142 ψυχῶν
513 2070 818 2143 ξυμφοράς,
847 2068 912 2136 ἂς
938 2068 1178 2142 ἀβίωτον
1206 2074 1302 2142 ζῇν
1331 2073 1662 2146 κεκτημένῳ.
1703 2068 1732 2125 ὁ
1771 2068 1838 2141 δὴ
1871 2075 1976 2126 νῦν

297 2152 462 2221 λόγος
478 2150 609 2223 ἡμῖν
626 2151 981 2223 περὶτούτων
1007 2150 1042 2207 δ’
1043 2154 1105 2207 δε
1122 2151 1293 2223 νόμος
1312 2156 1521 2208 κείσθω
1536 2174 1547 2186 ·
1586 2151 1688 2208 ἐάν
1709 2171 1853 2216 τινες
1872 2150 1976 2224 ἄρα

235 2245 266 2288 C
297 2235 421 2301 περὶ
458 2236 732 2306 διαθήκης
768 2237 1041 2306 ἐγκαλῶσι
1076 2246 1190 2299 τοῖς
1219 2237 1490 2305 κειμένοις
1515 2231 1723 2304 νόμοις,
1762 2237 1893 2304 περί
1923 2254 1976 2288 τε

297 2315 484 2370 ἄλλων
513 2312 869 2371 ὡντινωνοῦν
899 2317 991 2371 καὶ
1029 2315 1099 2385 δὴ
1135 2317 1227 2371 καὶ
1246 2316 1370 2384 περὶ
1387 2314 1600 2386 γάμων,
1630 2308 1670 2384 ἦ
1694 2314 1806 2384 μὴν
1835 2333 1976 2379 παρ-

298 2397 434 2453 όντα
463 2398 555 2452 καὶ
590 2400 768 2462 ζῶντα
797 2394 973 2451 αὐτὸν
1001 2395 1102 2451 τὸν
1123 2399 1439 2465 νομοθέτην
1468 2393 1672 2464 μήποτ’
1703 2391 1776 2448 ἄν
1803 2391 1976 2463 ἀναγ-

298 2478 466 2534 κάσαι
483 2477 743 2547 πράττειν
761 2475 909 2532 οὕτω
928 2476 1064 2548 μηδὲ
1082 2482 1251 2546 γῆμαι
1268 2478 1406 2545 μηδὲ
1422 2474 1705 2546 γήμασθαι
1725 2471 1854 2539 τοὺς
1871 2482 1976 2530 νῦν

299 2559 777 2630 ἀναγκαζομένους
798 2558 1027 2628 ἑκάτερα
1053 2561 1211 2630 δρᾷν,
1241 2555 1270 2611 ὁ
1292 2559 1356 2612 δέ
1378 2576 1459 2622 τις
1476 2563 1589 2616 τῶν
1612 2559 1830 2612 οἰκείων
1845 2554 1883 2627 ἤ
1900 2577 1976 2622 τις

296 2645 589 2711 ἐπίτροπος
607 2646 707 2714 φῇ,
736 2640 1010 2712 διαιτητὰς
1037 2639 1214 2710 φάναι
1241 2641 1335 2695 καὶ
1361 2640 1598 2707 πατέρας
1624 2634 1755 2702 τούς
1783 2646 1976 2693 πεντε-

295 2727 526 2780 καίδεκα
544 2729 659 2780 τῶν
676 2722 1091 2795 νομοφυλάκων
1108 2727 1426 2777 καταλιπεῖν
1452 2731 1564 2785 τοῖς
1591 2717 1860 2791 ὀρφανοῖς
1885 2719 1976 2774 καὶ

296 2804 571 2877 ὀρφαναῖς
587 2804 688 2862 τὸν
704 2807 1042 2876 νομοθέτην·
1080 2801 1219 2873 πρὸς
1248 2799 1347 2868 οὓς
1378 2802 1700 2866 ἐπανιόντες
1728 2802 1976 2856 διαδικα-
