1976 3172
239 133 345 186 184
835 92 1317 183 ἠΛΑΤΩΝοΣ

241 266 301 323 δὲ
334 270 491 323 δυεῖν
510 278 682 338 μναῖν
714 263 742 321 ὁ
773 265 836 321 τὸ
867 268 1126 338 μέγιστον
1155 274 1358 340 τίμημα
1387 272 1734 342 κεκτημένος,
1769 271 1921 344 ὀφειε-

240 352 378 407 λέτω
399 351 502 420 μὲν
521 356 599 423 τῷ
620 353 868 423 δημοσίῳ
887 356 1158 407 τοσοῦτον
1177 352 1387 422 ἕτερον,
1407 349 1469 406 τὸ
1489 353 1549 407 δὲ
1569 356 1742 409 δοθὲν
1772 351 1807 425 ἢ
1826 363 1921 426 λη’-

238 433 390 502 φθὲν
409 428 561 503 ἱερὸν
576 434 718 486 ἔστω
739 437 835 503 τῆς
859 428 1033 500 ’Ἠρας
1051 454 1109 488 τε
1136 434 1228 488 καὶ
1257 439 1358 488 τοῦ
1383 433 1539 504 Διός,
1570 436 1923 506 πραττόντων

174 528 209 569 Ε
240 511 299 568 δὲ
318 515 377 568 οἶ
388 518 575 583 ταμίαι
594 512 819 568 τούτοιν
835 523 958 568 τοῖν
982 520 1160 584 θεοῖν,
1192 514 1448 586 καθάπερ
1477 515 1691 588 ἐρρήθη
1718 523 1830 573 τῶν
1851 516 1921 588 μὴ
1972 503 1976 509 ’

237 593 574 665 γαμούντων
604 597 729 663 πέρι
755 591 888 658 τοὺς
922 599 1116 665 ταμίας
1152 596 1477 667 ἐκπράττειν
1508 597 1763 653 ἑκάστοτε
1795 595 1924 662 τούς
1966 642 1971 663 2

238 682 335 748 τῆς
357 672 589 746 ’Ἠραςῆ
620 675 753 748 παρ’
791 673 980 731 αὐτῶν
1011 676 1274 742 ἑκάστους
1301 677 1403 751 τὴν
1442 683 1637 750 ζημίαν
1672 682 1923 735 ἐκτίνειν.
1971 670 1976 681 ⁷

237 757 445 828 ἐγγύην
481 757 540 812 δὲ
577 755 717 830 εἶναι
762 764 964 829 κυρίαν
1000 756 1205 826 πατρὸς
1242 759 1343 830 μὲν
1379 767 1620 830 πρῶτον,
1659 763 1925 829 δευτέραν

236 839 488 907 πάππου,
509 844 700 908 τρίτην
720 841 781 905 δὲ
800 837 1061 909 άδελφῶν
1080 838 1434 910 ὁμοπατρίων
1447 863 1458 874 ·
1494 840 1592 899 ἐὰν
1615 842 1676 898 δὲ
1693 844 1830 914 μηδὲ
1849 838 1924 906 εἷς

136 976 150 986 ,
236 914 274 993 ᾗ
307 919 540 987 τούτων,
583 916 689 989 τὴν
734 917 874 988 πρὸς
919 917 1126 990 μητρὸς
1162 919 1298 989 μετὰ
1336 927 1500 977 τοῦτο
1538 922 1675 978 εἶναι
1722 929 1925 995 κυρίαν
1971 990 1973 994 ⁴

238 999 527 1064 ὡσαύτως·
574 998 671 1056 ἐὰν
711 998 763 1054 δ’
804 996 913 1071 ἄρα
949 999 1085 1071 τύχη
1126 1021 1206 1065 τις
1243 997 1426 1071 ἀήθης
1461 1008 1757 1075 συμβαίνῃ,
1794 1003 1925 1070 τούς
1962 1003 1966 1007 ’

235 1081 507 1153 ἐγγύτατα
526 1085 724 1152 γένους
753 1078 837 1135 ἀεὶ
868 1087 1098 1148 κυρίους
1119 1079 1258 1136 εἶναι
1287 1082 1424 1152 μετὰ
1450 1088 1566 1137 τῶν
1593 1082 1920 1154 ἐπιτρόπων.

236 1164 340 1221 ὅσα
362 1163 422 1219 δὲ
452 1164 740 1234 προτέλεια
772 1162 970 1233 γάμων
1006 1161 1042 1233 ἤ
1071 1176 1151 1227 τις
1180 1160 1321 1233 ἄλλη
1352 1164 1478 1234 περὶ
1504 1161 1571 1218 τοὶ
1599 1170 1827 1220 τοιαῦτα
1846 1166 1925 1220 ίε-

118 1266 205 1314 775
237 1251 471 1319 ρουργία
492 1245 812 1317 μελλόντων
843 1240 879 1315 ἦ
909 1248 1258 1316 γιγνομένων
1288 1241 1325 1316 ἢ
1361 1245 1676 1316 γεγονότων
1711 1246 1925 1317 προσή-

234 1329 414 1385 κουσά
446 1330 562 1383 ἐστι
599 1335 894 1398 τελεῖσθαι,
933 1325 1065 1391 τούς
1094 1325 1356 1398 ἐξηγητὰς
1376 1329 1666 1398 ἐρωτῶντα
1694 1325 1796 1400 χρὴ
1830 1329 1923 1384 καὶ

232 1411 576 1480 πειθόμενον
600 1412 829 1473 ἐκείνοις
848 1410 1080 1463 ἕκαστον
1109 1406 1366 1478 ἡγεῖσθαι
1394 1408 1578 1465 πάντα
1607 1410 1783 1482 ἑαυτῷ
1823 1430 1922 1479 με·-

232 1497 395 1561 τρίως
412 1495 721 1561 γίγνεσθαι.

324 1571 328 1574 ’
359 1576 549 1628 XVIII.
590 1575 729 1641 Περὶ
769 1573 829 1627 δὲ
855 1578 970 1627 τῶν
996 1570 1310 1642 ἑστιάσεων,
1341 1578 1539 1642 φίλους
1568 1573 1670 1642 μὲν
1697 1570 1798 1642 χρὴ
1830 1572 1923 1626 καὶ

231 1659 396 1726 φίλας
418 1653 491 1726 μὴ
514 1659 736 1718 πλείους
753 1660 915 1710 πέντε
935 1654 1210 1724 ἑκατέρων
1221 1660 1535 1725 συγκαλεῖν,
1557 1659 1846 1724 συγγενῶν
1864 1652 1922 1709 δὲ
1968 1666 1976 1693 ·‘

230 1739 324 1794 καὶ
352 1742 571 1793 οἰκείων
593 1733 856 1801 ὡσαύτως
885 1735 1188 1801 τοσούτους
1217 1733 1421 1802 ἄλλους
1450 1737 1748 1808 ἑκατέρων·
1782 1733 1922 1790 α’νά-
1970 1784 1976 1799 ,

230 1825 388 1889 λωμα
410 1818 469 1872 δὲ
496 1816 569 1888 μὴ
604 1823 900 1889 γίγνεσθαι
927 1821 1096 1874 πλέον
1121 1813 1160 1888 ἦ
1178 1816 1316 1873 κατα
1345 1815 1449 1888 τὴν
1476 1816 1676 1873 οὐσίαν
1705 1820 1918 1887 μηδενί,
1972 1867 1976 1869 .

233 1906 308 1974 τῷ
334 1899 437 1972 μὲν
454 1905 530 1965 εἰς
554 1900 805 1971 χρήματα
824 1905 1257 1974 μεγίστῳλμνοῖν,
1286 1907 1364 1974 τῷ
1395 1896 1448 1955 δ’
1480 1898 1654 1971 ἥμισυ
1686 1905 1791 1954 τοῦ
1823 1919 1919 1953 το-
1974 1916 1976 1918 ·

171 2005 205 2047 Β
234 1982 459 2053 σούτου,
478 1988 557 2056 τῷ
577 1980 631 2037 δ’
659 1984 853 2054 ἐφεξῆς
872 1981 1038 2053 οὕτω,
1059 1982 1319 2052 καθάπερ
1339 1979 1689 2053 ὑποβέβηκεν
1709 1979 1939 2053 ἑκάστω
1970 1978 1976 1982 ’

229 2066 289 2123 τὸ
335 2070 565 2138 τίμημα·
605 2065 697 2120 καὶ
731 2064 830 2120 τὸν
862 2063 964 2136 μὲν
999 2063 1343 2135 πειθόμενον
1378 2071 1456 2138 τῷ
1480 2062 1636 2137 νόμῳ
1673 2065 1920 2118 ἐπαινεῖν
1974 2095 1976 2098 -

227 2147 330 2219 χρὴ
351 2149 581 2218 πάντας,
600 2148 699 2204 τόν
723 2150 783 2203 δὲ
816 2146 1163 2203 ἀπειθοῦντα
1191 2146 1542 2213 κολαζόντων
1573 2149 1630 2202 οἰ
1661 2144 1920 2216 νομοφύ-

228 2238 390 2294 λακες
412 2229 485 2294 ὥς
514 2230 890 2300 ἀπειρόκαλόν
911 2251 968 2285 τε
999 2230 1135 2286 ὄντα
1163 2233 1256 2286 καὶ
1285 2227 1622 2285 ἀπαίδευτον
1652 2234 1766 2283 τῶν
1795 2228 1919 2298 περὶ

206 2310 326 2377 ’τὰς
345 2310 627 2382 νυμφικὰς
646 2313 887 2376 Μούσας
918 2312 1124 2383 νόμων.
1176 2316 1359 2366 πίνειν
1381 2313 1443 2366 δὲ
1472 2315 1549 2375 εἰς
1574 2313 1757 2380 μέθην
1789 2306 1918 2363 οὔτε

185 2418 198 2429 ²
228 2393 432 2450 ἄλλοθί
459 2413 570 2448 που
601 2395 815 2464 πρέπει,
844 2393 989 2462 πλὴν
1019 2397 1080 2448 έν
1107 2405 1223 2456 ταῖς
1255 2397 1358 2446 τοῦ
1393 2389 1496 2446 τὸν
1525 2390 1681 2445 οἶνον
1719 2389 1917 2452 δόντος

226 2482 370 2533 θεοῦ
406 2476 631 2545 ἑορταῖς,
671 2473 796 2531 οὐδ’
835 2471 1096 2545 ἀσφαλές,
1133 2472 1254 2529 οὔτ’
1295 2466 1400 2528 οὖν
1435 2471 1502 2542 δὴ
1540 2474 1665 2541 περὶ
1702 2471 1917 2541 γάμους

228 2557 631 2628 ἐσπουδακότα,
652 2560 713 2614 ἐν
730 2553 815 2623 οἷς
835 2562 1093 2629 ἔμφρονα
1114 2555 1352 2627 μάλιστα
1373 2553 1514 2610 εἶναι
1540 2557 1739 2625 πρέπει
1768 2552 1916 2623 νύμ-

169 2654 199 2696 C
231 2662 348 2712 φην
367 2643 457 2697 καὶ
478 2648 727 2712 νυμφίον
747 2639 1057 2712 μεταβολὴν
1087 2636 1156 2695 οὐ
1186 2638 1426 2710 σμικρὰν
1455 2643 1584 2709 βίου
1612 2634 1915 2707 μεταλλάτ-

227 2745 440 2795 τοντας,
459 2721 572 2795 ἅμα
594 2726 653 2781 δὲ
682 2726 773 2780 καὶ
803 2722 864 2779 τὸ
893 2722 1250 2794 γεννώμενον
1279 2720 1430 2785 ὅπως
1459 2718 1491 2775 ὅ
1516 2742 1568 2774 τι
1595 2719 1831 2790 μάλιστα
1860 2719 1913 2781 ἐξ

228 2806 527 2880 ἐμφρόνων
559 2805 644 2864 ἀεὶ
681 2813 959 2879 γίγνηται·
1001 2803 1199 2878 σχεδὸν
1229 2803 1336 2877 γὰρ
1357 2803 1587 2875 ἄδηλον,
1610 2799 1773 2858 ὁποία
1812 2801 1913 2865 νὺξ
1946 2850 1971 2890 ἡ,

869 2989 898 3015 t
