1976 3172
0 155 2 242 η
677 159 998 211 ΝΟΜΩΝ
1032 151 1082 206 ε’.
1639 153 1742 207 133

50 301 141 358 καὶ
153 298 413 370 ἐπιχώρια
424 291 834 366 διεληλύθαμεν
853 286 1053 359 σχεδὸν
1072 286 1407 385 ὁμιλήματα·
1430 310 1491 344 το
1474 286 1566 344 δὲ
1586 289 1743 355 ποῖός

50 404 131 447 τις
156 404 235 436 ων
270 376 439 443 αὐτὸς
467 399 541 432 αν
572 372 835 431 κάλλιστα
874 368 1128 467 διαγάγοι
1163 369 1264 424 τὸν
1295 373 1440 439 βίον,
1466 369 1741 441 ἑπόμενον

49 462 228 536 τούτω
256 464 574 528 διεξελθεῖν,
612 451 724 524 ὅσ’,
761 448 835 507 ἀν
871 448 945 522 μὴ
984 449 1172 520 νόμος,
1205 445 1331 505 ἀλλ’
1360 453 1583 548 ἔπαινος
1610 471 1740 507 παι-

51 544 235 599 δεύων
250 543 342 598 καὶ
360 538 535 611 ψόγος
554 535 823 599 ἑκάστους
850 530 1109 603 εὐηνίους
1127 536 1341 603 μᾶλλον
1370 531 1463 586 καὶ
1492 529 1740 601 εὐμενεῖς

49 637 163 690 τοῖς
180 620 520 692 τεθήσεσθαι
538 621 802 690 μέλλουσι
832 614 1025 686 νόμοις
1046 611 1424 684 ἀπεργάζεται,
1446 616 1585 667 ταῦτ
1592 610 1741 668 ’ἐστὶ

49 705 184 779 μετὰ
197 708 382 760 τοῦτο
407 702 540 775 ἡμῖν
571 702 786 773 ῥητέον.
842 695 1083 769 ἀλήθεια
1116 693 1182 768 δὴ
1215 695 1445 751 πάντων
1467 694 1572 766 μεν
1601 692 1740 765 ἀγα-

45 792 174 843 θῶν
198 793 356 850 θεοῖς
379 781 605 856 ἡγεῖται,
635 780 864 838 πάντων
897 779 956 836 δὲ
985 776 1336 850 ἀνθρώποις·
1363 769 1428 849 ἧς
1453 774 1482 832 ὁ
1505 775 1743 848 γενήσε-
1781 793 1810 835 c

51 876 190 924 σθαι
215 869 434 938 μέλλων
460 862 733 937 μακάριός
757 883 818 918 τε
850 864 942 918 καὶ
969 860 1250 933 εὐδαίμων
1279 861 1333 926 ἐξ
1358 858 1528 931 ἀρχῆς
1562 855 1742 932 εὐθὺς

47 950 275 1021 μέτοχος
293 950 447 1020 εἴη,”
422 969 515 1004 ινα
536 969 610 1012 ως
626 951 886 1001 πλεῖστον
916 942 1124 1014 χρόνον
1150 940 1367 1013 ἀληθὴς
1403 962 1486 996 ων
1519 943 1736 1013 διαβιοῖ.

46 1030 239 1095 πιστὸς
260 1030 399 1102 γάρ·
437 1026 467 1085 6
487 1024 593 1085 δὲ’
567 1027 853 1099 άπιστος,
834 1017 879 1080 ὦ
906 1030 1072 1096 φίλον
1091 1026 1298 1091 ψεῦδος
1317 1022 1602 1079 ἑκούσιον·
1630 1019 1739 1096 ὅτω

50 1108 161 1167 δὲ’
129 1111 418 1181 ακούσιον,
436 1109 626 1173 ανους.
656 1129 738 1163 ων
765 1082 1063 1178 οὐδέτερον
1094 1103 1361 1177 ζηλωτόν·
1402 1101 1602 1176 άφιλος
1630 1103 1738 1175 γὰρ

50 1190 130 1263 δὴ
154 1199 260 1258 πᾶς
297 1192 331 1249 ὅ
359 1213 419 1247 τε
454 1190 682 1255 ἄπιστος
717 1190 810 1245 καὶ
840 1185 1082 1259 ἀμαθής,
1111 1186 1320 1259 χρόνου
1350 1189 1410 1242 δὲ
1445 1185 1741 1258 προϊόντος

47 1278 325 1344 γνωσθεὶς
343 1278 420 1338 εἰς
437 1271 499 1329 τὰ
521 1269 766 1342 χαλεπὸν
782 1276 956 1341 γῆρας
975 1273 1207 1340 ἐρημίαν
1226 1267 1379 1343 αὐτῷ
1398 1275 1588 1324 πᾶσαν
1606 1289 1741 1324 κατ-

30 1354 386 1411 εσκευάσατο
412 1354 500 1409 ἐπὶ
520 1355 662 1408 τέλει
690 1358 795 1407 τοῦ
812 1357 957 1422 βίου,
980 1349 1123 1406 ὥστε
1142 1349 1367 1426 ζεόντων
1389 1353 1482 1406 καὶ
1498 1350 1571 1423 μὴ
1595 1351 1741 1408 ἑταί-

46 1459 164 1508 ρων
181 1437 274 1493 καὶ
297 1438 513 1492 παίδων
542 1431 743 1505 σχεδὸν
772 1430 979 1509 ὁμοίως,
1003 1431 1261 1504 ὀρφανὸν
1288 1430 1439 1508 αὐτῷ
1468 1436 1735 1505 γενέσθαι
1768 1440 1802 1481 D

46 1517 315 1591 τὸν-βίον.
353 1523 528 1589 τίμιος
550 1515 653 1590 μὲν
678 1514 746 1588 δὴ
776 1519 868 1573 καὶ
903 1514 934 1574 6
971 1517 1144 1590 μηδὲν
1170 1513 1405 1572 ἀδικῶν·
1443 1512 1472 1572 ὁ
1509 1518 1569 1574 δὲ
1606 1515 1735 1589 μηδ’

49 1603 356 1673 ἐπιτρέπων
374 1611 488 1665 τοῖς
506 1598 800 1656 ἀδικοῦσιν
830 1596 1043 1655 ἀδικεῖν
1073 1602 1245 1656 πλέον
1271 1593 1310 1670 ἦ
1341 1601 1629 1676 διπλασίας
1658 1620 1737 1654 τι-

49 1693 154 1757 μῆς
172 1684 323 1752 ἄξιος
338 1688 582 1742 ἐκείνου·
614 1682 644 1742 ὁ
663 1683 765 1757 μὲν
782 1682 891 1756 γὰρ
913 1683 1053 1754 ἑνός,
1083 1681 1112 1741 6
1144 1686 1204 1740 δὲ
1233 1689 1458 1740 πολλῶν
1486 1680 1741 1748 ἀντάξιος

47 1769 267 1841 ἑτέρων,
297 1771 531 1842 μηνύων
549 1769 654 1844 τὴν
683 1777 799 1828 τῶν
835 1770 1023 1828 ἄλλων
1045 1782 1158 1836 τοῖς
1195 1770 1465 1842 ἄρχουσιν
1490 1769 1735 1826 ἀδικίαν·

46 1846 77 1906 ὁ
98 1848 159 1906 δὲ
175 1852 267 1908 καὶ
287 1854 641 1923 ξυγκολάζων
669 1859 748 1921 εἰς
778 1853 1022 1926 δύναμιν
1049 1864 1163 1918 τοῖς
1191 1851 1477 1925 ἄρχουσιν,
1511 1850 1540 1908 ὁ
1570 1856 1739 1923 μέγας

36 1930 192 2004 ’ἀνὴρ
212 1936 273 1991 ἐν
284 1935 444 1993 πόλει
461 1940 555 1993 καὶ
569 1941 773 2003 τέλειος
792 1929 955 2003 οὗτος
973 1934 1408 2009 ἀναγορευέσθω
1430 1934 1739 2007 νικηφόρος

0 2020 3 2079 >
47 2012 231 2087 ἀρετῇ.
262 2017 364 2074 τὸν
383 2017 558 2075 αὐτὸν
587 2017 655 2091 δὴ
684 2025 888 2076 τοῦτον
912 2023 1144 2076 ἔπαινον
1167 2019 1259 2074 καὶ
1279 2020 1405 2090 περὶ
1433 2015 1735 2088 σωφροσύ-
1765 2031 1798 2072 Ε

47 2118 148 2167 νης
165 2097 266 2169 χρὴ
295 2101 476 2170 λέγειν
494 2104 587 2157 καὶ
614 2103 741 2170 περὶ
759 2099 1103 2172 φρονήσεως,
1134 2100 1226 2155 καὶ
1253 2097 1359 2155 ὅσα
1386 2098 1529 2156 ἄλλα
1547 2097 1739 2171 ἀγαθά

46 2201 127 2244 τις
147 2182 398 2254 κέκτηται
427 2181 639 2238 δυνατὰ
657 2180 732 2255 μὴ
757 2183 937 2255 μόνον
966 2180 1144 2238 αὐτὸν
1173 2186 1318 2253 ἔχειν
1345 2180 1484 2238 ἀλλά
1512 2183 1604 2237 καὶ
1636 2179 1740 2237 άλ-

48 2267 164 2328 λοις
182 2263 559 2334 μεταδιδόναι·
591 2266 683 2320 καὶ
702 2262 803 2321 τὸν
820 2266 922 2336 μὲν
939 2264 1304 2336 μεταδιδόντα
1325 2286 1397 2329 ως
1427 2261 1740 2335 ἀκρότατον

0 2342 148 2433 χρὴ
169 2351 351 2418 τιμᾷν,
365 2343 467 2402 τὸν
486 2345 540 2402 δ’
565 2340 640 2402 αὖ
657 2347 732 2419 μὴ
751 2348 1085 2419 δυνάμενον,
1106 2349 1374 2403 ἐθέλοντα
1393 2347 1470 2418 δέ,
1492 2349 1592 2420 ἐᾷν
1613 2344 1738 2402 δεύ-

0 2445 10 2482 ο
46 2446 228 2498 τερον,
251 2426 353 2484 τὸν
369 2428 431 2485 δὲ
449 2435 784 2500 φθονοῦντα
802 2430 893 2487 καὶ
913 2428 1112 2487 ἑκόντα
1131 2430 1327 2502 μηδενὶ
1348 2428 1626 2486 κοινωνὸν
1645 2427 1738 2484 διὰ

2 2525 8 2571 ῐ
54 2510 235 2575 φιλίας
264 2510 600 2584 γιγνόμενον
635 2510 873 2584 ἀγαθῶν
907 2518 1079 2570 τινῶν
1108 2508 1285 2568 αὐτὸν
1308 2513 1411 2584 μὲν
1432 2513 1642 2584 ψέγειν,
1673 2509 1734 2568 τὸ

1 2593 8 2620 ’
54 2588 114 2645 δὲ
144 2587 320 2663 κτῆμα
353 2593 525 2667 μηδὲν
559 2600 774 2667 μᾶλλον
811 2593 902 2652 διά
930 2593 1034 2652 τὸν
1064 2596 1404 2667 κεκτημένον
1434 2592 1732 2667 ἀτιμάζειν,
1767 2599 1851 2646 731

0 2693 7 2747 ‚¹
54 2669 197 2727 ἀλλὰ
224 2670 462 2733 κτᾶσθαι
487 2677 631 2735 κατὰ
661 2678 920 2751 δύναμιν.
953 2682 1334 2750 φιλονεικείτω
1365 2681 1424 2735 δὲ
1459 2675 1594 2750 ἡμῖν
1632 2683 1739 2741 πᾶς

2 2777 8 2791 ’
54 2754 193 2823 πρὸς
228 2752 430 2829 ἆοετὴν
462 2756 748 2835 ἀφθόνως.
801 2758 831 2818 ὁ
862 2759 965 2833 μὲν
1004 2761 1112 2833 γὰρ
1151 2767 1400 2826 τοιοῦτος
1426 2758 1523 2824 τὰς
1548 2759 1738 2823 πόλεις

0 2862 11 2905 r
53 2834 223 2907 αὔξει,
238 2835 614 2911 ἁμιλλώμενος
633 2842 735 2915 μὲν
753 2842 941 2917 αὐτός,
954 2844 1086 2910 τούς
1098 2843 1302 2909 άλλους
1322 2842 1382 2899 δὲ
1393 2841 1462 2899 οὐ
1481 2840 1738 2897 κολούων
