1976 3172
667 124 979 177 ΝΟΜΩΝ
1013 116 1094 172 ια’.
1613 115 1719 172 377

37 275 164 341 μίας
180 267 478 337 λεγομένας
500 263 619 326 οἵας
641 263 729 317 δεῖ
738 263 1049 330 γίγνεσθαι,
1070 254 1365 327 λεκτέον,“
1332 276 1482 322 οπως
1500 252 1573 312 ἄν
1590 252 1723 326 ἡμῖν

38 355 342 418 παρείκωσι
356 346 483 402 θεοὶ
501 344 595 399 καὶ
610 346 770 399 θεῶν
786 342 977 404 παῖδες
996 346 1338 410 νομοθετεῖν.

175 432 307 486 XIII.
341 424 703 496 Μαινόμενος
719 418 838 477 δὲ”
798 442 875 476 αν
891 441 972 485 τις
990 413 1044 492 ᾗ,
1066 419 1141 492 μὴ
1162 417 1408 492 φανερὸς
1424 423 1564 475 ἔστω
1582 416 1721 474 κατὰ

36 511 223 568 πόλιν·
251 514 311 567 οί
322 507 697 581 προσήκοντες
712 499 769 558 δ’
787 501 1037 558 ἑκάστων
1046 499 1187 557 κατὰ
1204 497 1303 565 τὰς
1320 505 1496 565 οἰκίας
1516 505 1725 570 φυλατ-

34 594 251 650 τόντων
267 589 491 660 αὐτούς,
509 586 621 661 ὅτῳ
638 582 712 640 ἄν
730 586 1058 640 ἐπίστωνται
1074 581 1282 654 τρόπω,
1299 577 1337 652 ἢ
1361 585 1558 652 ζημίαν
1574 576 1720 637 έκτι-
1745 590 1781 631 D

36 674 274 742 νόντων,
292 670 324 729 6
352 675 457 743 μὲν
481 674 587 725 τοῦ
614 670 876 739 μεγίστου
902 664 1205 736 τιμήματος
1230 663 1429 720 ἑκατὸν
1458 660 1725 735 δραχμάς,

34 755 136 811 έάν
152 753 203 810 τ’
230 748 339 810 οὖν
355 757 564 809 δοῦλον
585 750 686 806 έάν
701 746 750 804 τ’
776 741 883 805 οὖν
899 750 990 804 καὶ
1009 747 1315 817 ἐλεύθερον
1330 750 1583 818 περιορᾷ,
1604 747 1726 800 δευ·

35 838 202 905 τέρου
220 837 281 893 δὲ
291 834 589 906 τιμήματος
608 834 838 902 τέτταρα
846 833 985 902 μέρη
1001 836 1097 900 τῆς
1114 850 1258 900 μνας
1274 832 1390 884 τῶν
1408 828 1590 896 πέντε,
1602 830 1728 895 τρία

36 916 92 973 δ’
113 913 143 973 6
162 922 361 986 τρίτος,
383 918 476 971 καὶ
497 912 647 969 δύο’
621 934 652 968 ο
670 915 940 983 τέταρτος.
978 915 1271 983 μαίνονται
1288 908 1391 981 μὲν
1411 902 1519 965 οὖν
1531 906 1730 964 πολλοὶ

36 996 280 1063 πολλοὺς
295 996 563 1068 τρόπους·
602 994 702 1060 οὓς
724 997 828 1066 μὲν
850 1001 959 1051 νῦν
977 1001 1223 1064 εἴπομεν,
1245 989 1357 1048 ὑπὸ
1380 989 1595 1047 νόσων·
1626 990 1733 1046 εἰσὶ

37 1080 99 1136 δὲ
118 1084 177 1135 οἳ
188 1078 279 1135 διὰ
295 1083 490 1150 θυμοῦ
506 1076 688 1149 κακήν
702 1076 881 1149 φύσιν
900 1098 1015 1147 αμα
1043 1077 1136 1132 καὶ
1164 1072 1383 1146 τροφὴν
1401 1078 1729 1144 γενομένην,
1754 1136 1759 1141 ,

37 1165 97 1216 οἳ
127 1159 195 1232 δὴ
234 1168 469 1234 σμικρᾶς
497 1164 703 1232 ἔχθρας
736 1161 1039 1231 γενομένης
1075 1155 1291 1229 πολλὴν
1326 1153 1527 1227 φωνὴν
1562 1157 1733 1220 ἱέντες

36 1248 222 1308 κακῶς
250 1241 523 1313 ἀλλήλους
551 1247 1015 1315 βλασφημοῦντες
1042 1242 1321 1311 λέγουσιν,
1341 1237 1412 1294 ού
1426 1241 1648 1308 πρέπον
1671 1237 1734 1292 έν
1761 1242 1796 1284 Ε

37 1321 263 1397 εὐνόμφ
291 1324 451 1379 πόλει
478 1330 775 1395 γίγνεσθαι
809 1329 1068 1382 τοιοῦτον
1103 1319 1273 1378 οὐδὲν
1306 1319 1529 1392 οὐδαμῇ
1559 1316 1734 1375 οὐδα-

36 1411 173 1478 μῶς.
210 1401 289 1471 εἷς
308 1406 375 1477 δή
399 1406 524 1474 περὶ
541 1410 878 1477 κακηγορίας
895 1408 1035 1460 ἔστω
1054 1403 1229 1474 νόμος
1245 1404 1370 1472 περὶ
1387 1402 1600 1467 πάντας
1618 1399 1732 1457 ὅδε·

37 1489 249 1558 μηδένα
266 1491 643 1559 κακηγορείτω
660 1490 850 1558 μηδείς
861 1507 873 1519 ·
912 1483 942 1542 ὁ
964 1484 1024 1542 δὲ
1043 1482 1412 1557 ἀμφισβητῶν
1430 1486 1491 1538 ἔν
1509 1498 1618 1539 τισι
1636 1481 1736 1538 λό-

40 1590 161 1641 γοις
182 1567 352 1636 ἄλλος
373 1563 523 1645 ἄλλῳ
541 1573 844 1627 διδασκέτω
855 1571 946 1625 καὶ
964 1571 1318 1640 μανθανέτω,
1329 1565 1432 1623 τόν
1450 1587 1511 1623 τε
1530 1564 1735 1638 άμφις-

39 1657 321 1723 βητοῦντα
338 1652 431 1708 καὶ
449 1649 582 1717 τούς
599 1651 880 1720 παρόντας
898 1648 1240 1720 α’πεχόμενος
1269 1647 1494 1715 πάντως
1511 1655 1615 1704 τοῦ
1631 1669 1735 1704 κα-

41 1744 303 1805 κηγορεῖν
315 1753 328 1765 ·
365 1735 428 1789 ἐκ
445 1733 554 1804 γὰρ
572 1738 674 1790 τοῦ
682 1732 1067 1804 ’κατεύχεσθαί
1084 1751 1144 1788 τε
1172 1727 1429 1802 ἀλλήλοις
1447 1731 1733 1803 ἐπαρωμέ-

41 1835 178 1880 νους
211 1817 304 1871 καὶ
339 1814 421 1870 δι’
457 1819 704 1887 αἰσχρῶν
737 1814 1032 1887 ὀνομάτων
1068 1816 1351 1885 ἐπιφέρειν
1378 1803 1735 1885 γυναικείους

0 1939 3 1945 ·
39 1899 254 1963 ἑαυτοῖς
271 1896 461 1969 φήμας
477 1904 703 1969 πρῶτον
717 1898 821 1970 μὲν
838 1899 899 1955 ἐκ
920 1897 1122 1969 λόγων,
1143 1896 1369 1967 κούφου
1396 1895 1734 1968 πράγματος,
1766 1909 1852 1956 935

40 1983 186 2054 ἔργῳ
204 1984 336 2051 μίση
356 2000 416 2036 τε
442 1982 536 2036 καὶ
553 1983 752 2052 ἔχθραι
780 1979 1087 2052 βαρύταται
1113 1984 1414 2050 γίγνονται.
1461 1978 1740 2050 πράγματι

42 2058 153 2130 γὰρ
171 2058 464 2134 α’χαρίστφ,
483 2067 673 2136 θυμῷ,
700 2061 1055 2133 χαριζόμενος
1074 2057 1104 2116 6
1129 2063 1326 2131 λέγων,
1347 2059 1620 2132 ἐμπιπλὰς
1639 2058 1740 2131 ὀρ-

40 2140 154 2213 γὴν
167 2148 360 2198 κακῶν
374 2142 735 2215 ἑστιαμάτων,
756 2141 895 2199 ὅσον
907 2140 1016 2199 ὑπὸ
1037 2142 1285 2208 παιδείας
1298 2138 1566 2214 ἡμερώθη
1586 2145 1739 2212 ποτέ,

42 2222 213 2278 πάλιν
247 2225 516 2294 ἐξαγριῶν
544 2231 643 2296 τῆς
668 2230 847 2297 ψυχῆς
874 2222 936 2281 τὰ
966 2229 1241 2294 τοιοῦτον,
1268 2222 1648 2296 θηριούμενος
1678 2225 1739 2279 έν

42 2307 310 2378 δυσκολίᾳ
329 2308 439 2371 ζῶν
465 2310 728 2377 γίγνεται,
757 2304 964 2378 πικρὰν
990 2313 1094 2363 τοῦ
1120 2310 1318 2377 θυμοῦ
1340 2304 1507 2378 χάριν
1533 2302 1739 2362 ἀποδε-

40 2385 298 2457 χόμενος·
334 2391 717 2459 μετεκβαίνειν
745 2391 806 2444 δὲ
834 2382 909 2444 αὖ
937 2407 1054 2455 πως
1082 2388 1317 2445 είῶθασι
1347 2388 1552 2452 πάντες
1580 2385 1740 2458 θαμὰ

42 2465 108 2520 έν
121 2475 236 2532 τοῖς
251 2466 523 2534 τοιούτοις
534 2472 611 2535 είς
626 2468 690 2526 τό
709 2490 762 2525 τι
778 2476 999 2541 γελοῖον
1010 2473 1132 2541 περὶ
1153 2475 1256 2526 τοῦ
1275 2472 1532 2526 ἐναντίου
1551 2469 1737 2538 φθέγ-
1764 2479 1797 2521 Β

45 2552 275 2614 γεσθαι·
310 2545 343 2603 ὅ
361 2568 444 2615 τις
458 2549 778 2623 ἐθιζόμενος
801 2548 985 2616 οὐδεὶς
999 2550 1222 2607 πώποτε
1243 2546 1303 2614 ὃς
1330 2546 1400 2605 ού
1429 2553 1534 2604 τοῦ
1561 2562 1741 2604 σπον-

46 2629 211 2682 δαίου
226 2626 440 2696 τρόπου
462 2627 586 2701 ἤτοι
611 2630 676 2688 τὸ
709 2631 976 2700 παράπαν
1000 2631 1299 2702 διήμαρτεν
1316 2625 1354 2701 ἦ
1379 2634 1741 2701 μεγαλονοίας

47 2705 302 2764 ἀπώλεσε
318 2710 460 2781 μέρη
477 2712 669 2769 πολλά.
705 2705 790 2767 ῶν
808 2711 876 2782 δὴ
899 2711 1062 2782 χάριν
1093 2714 1155 2767 έν
1180 2711 1284 2783 μὲν
1309 2713 1439 2785 ἱερῷ
1469 2710 1533 2767 τὸ
1556 2709 1741 2778 παρά-

45 2811 159 2847 καν
186 2792 376 2864 μηδεὶς
401 2798 660 2851 τοιοῦτον
687 2797 996 2867 φθέγξηται
1025 2793 1297 2866 μηδέποτε
1328 2792 1502 2866 μηδὲν
1526 2789 1655 2865 μηδ’
1677 2787 1742 2848 ἔν’
