1976 3172
284 132 385 186 288
897 133 1071 180 HAA
1090 131 1371 180 ΤΩΝΟΣ

283 266 497 323 λασθὲν
527 275 639 329 τοῖς
669 268 842 336 δρωσι
867 265 960 321 καὶ
988 264 1296 335 πάσχουσιν
1325 266 1556 330 ἑκάστας
1574 286 1690 321 των
1707 266 1967 338 βλάψεων

283 350 346 406 ἐκ
393 351 664 419 διαφορᾶς
702 349 778 411 εἰς
811 350 1002 417 φιλίαν
1037 350 1326 415 πειρατέον
1361 345 1446 403 ἀεὶ
1483 350 1815 451 καθιστάναι
1859 361 1970 416 τοῖς

283 429 492 501 νόμοις.

425 516 544 568 ΚΛ.
582 515 782 574 Καλως
799 509 975 565 ταῦτά
991 531 1070 580 γε.

423 599 544 648 ΑΘ.
587 586 699 657 Τὰς
717 596 919 655 τοίνυν,
934 590 1160 658 ἀδίκους
1189 586 1263 648 αὖ
1292 593 1503 665 βλάβας
1530 595 1624 651 καῖ
1655 597 1841 666 κέρδη,
1871 596 1969 651 ε’άν

281 696 362 740 τις
380 672 593 729 ἀδικῶν
609 672 734 729 τινὰ
754 677 1067 745 κερδαίνειν
1095 680 1243 746 ποιῇ,
1271 676 1487 731 τούτων
1508 674 1686 733 ὁπόσα
1705 677 1808 749 μὲν
1827 677 1967 747 ἰατά,

286 753 359 820 ὡς
379 754 568 811 οὐσῶν
587 759 647 811 ἐν
662 762 810 826 ψυχῇ
831 757 1036 827 νόσων,
1069 761 1286 812 ἰᾶσθαι·
1327 755 1387 812 τὸ
1411 760 1471 813 δὲ
1501 764 1595 830 τῆς
1626 761 1820 824 ἰάσεως
1839 757 1969 830 ἡμῖν

282 843 380 907 τῆς
397 835 614 900 ἀδικίας
631 841 764 907 τῇδε
785 839 972 907 ῥέπειν
989 835 1092 909 χρὴ
1112 837 1300 908 φάναι.

423 923 543 973 ΚΛ.
583 922 701 988 Πῇ;

212 1014 246 1053 D
423 1006 543 1056 ΑΘΣ
577 998 762 1064 Ὅπως
789 998 820 1054 ὅ
845 1005 902 1055 τί
923 1022 1004 1065 τις
1041 997 1114 1055 ἀν
1149 999 1387 1073 ἀδικήσῃ
1414 1003 1554 1072 μέγα
1588 998 1622 1072 ἢ
1652 1005 1902 1075 σμικρόν,
1938 1003 1966 1060 6

283 1082 455 1153 νόμος
483 1079 660 1148 αὐτὸν
686 1081 891 1147 διδάξει
925 1084 1017 1137 καὶ
1052 1080 1355 1153 ἀναγκάσει
1379 1082 1440 1139 τὸ
1469 1084 1736 1155 παράπαν
1765 1090 1841 1149 εἰς
1866 1078 1970 1139 αὖ-

281 1172 376 1230 θις
393 1162 455 1220 τὸ
473 1169 730 1220 τοιοῦτον
746 1159 783 1235 ἢ
804 1165 1123 1236 μηδέποτε
1095 1165 1294 1221 εκόντα
1312 1172 1579 1237 τολμῆσαι
1596 1177 1777 1223 ποιεῖν
1794 1162 1831 1238 ἦ
1851 1170 1970 1222 δια-

282 1248 569 1318 φερόντως
587 1237 756 1319 ἦττον
774 1245 935 1317 πολύ,
956 1247 1097 1317 πρὸς
1113 1254 1182 1320 τῇ
1203 1253 1300 1320 τῆς
1317 1248 1529 1321 βλάβης
1546 1251 1758 1307 ἐκτίσει.
1796 1254 1970 1305 ταῦτα

282 1338 391 1386 εἴτε
411 1324 646 1401 ἔργοιςῆ
666 1325 913 1401 λόγοις,’
885 1327 922 1400 η’
951 1328 1085 1401 μεθ’
1114 1327 1391 1400 ἡδονων
1363 1354 1398 1401 η
1426 1338 1638 1404 λυπων,
1666 1327 1705 1404 ἦ
1730 1337 1905 1404 τιμῶν
1935 1327 1970 1403 ἢ

281 1409 530 1484 ἀτιμιῶν,
550 1414 642 1468 καὶ
663 1412 960 1483 χρημάτων
980 1409 1221 1484 ζημίας’
1195 1436 1230 1484 η
1222 1411 1340 1468 καὶ
1360 1412 1577 1483 δώρων,
1597 1411 1635 1485 ἢ
1654 1417 1746 1470 καὶ
1768 1414 1829 1468 τὸ
1859 1433 1968 1468 πα-

281 1496 470 1566 ράπαν
489 1487 647 1567 ᾧτινι
664 1493 850 1567 τρόπῳ
871 1492 1086 1565 ποιήσει
1103 1515 1184 1558 τις
1210 1501 1438 1566 μισῆσαι
1467 1494 1569 1565 μὲν
1597 1493 1701 1566 τὴν
1729 1493 1967 1566 ἀδικίαν,

280 1579 495 1648 στέρξαι
516 1579 575 1632 δὲ
603 1569 641 1648 ἦ
658 1575 732 1647 μὴ
754 1588 936 1647 μισεῖν
960 1574 1062 1646 τὴν
1085 1583 1187 1631 τοῦ
1218 1580 1437 1631 δικαίου
1467 1575 1661 1646 φύσιν,
1690 1573 1827 1630 αὐτό
1857 1579 1969 1631 ἐστι

221 1673 254 1713 Ε
284 1666 449 1715 τοῦτο
469 1662 637 1730 ἔργον
654 1663 770 1714 τῶν
793 1653 1101 1714 καλλίστων
1118 1657 1326 1729 νόμων.
1358 1655 1427 1713 ὂν
1446 1655 1500 1712 δ’
1522 1653 1595 1712 ἀν
1624 1655 1863 1722 ἀνιάτως
1893 1660 1969 1723 εἰς

184 1797 191 1802 ,
277 1748 450 1797 ταῦτα
469 1745 662 1811 ἔχοντα
687 1747 948 1811 αἴσθηται
967 1742 1292 1812 νομοθέτης,
1315 1743 1478 1811 δίκην
1495 1738 1740 1795 τούτοισι
1760 1739 1851 1795 καὶ
1870 1739 1968 1794 νό-

277 1845 385 1894 μον
404 1822 571 1894 θήσει
598 1822 721 1879 τινα
739 1821 1071 1894 γιγνώσκων
1099 1842 1226 1894 που,
1256 1832 1370 1887 τοῖς
1397 1821 1667 1887 τοιούτοις
1698 1827 1868 1876 πᾶσιν
1893 1818 1967 1886 ὡς

277 1903 407 1961 οὕτε
428 1905 615 1972 αὐτοῖς
634 1911 713 1962 ἔτι
733 1912 831 1979 ζῇν
844 1907 1074 1978 ἄμεινον
1091 1908 1226 1973 τούς
1242 1929 1300 1964 τε
1320 1907 1523 1972 ἄλλους
1541 1903 1613 1962 ἀν
1631 1910 1798 1979 διπλῇ
1817 1906 1965 1977 ὤφε-

276 1995 427 2044 λοῖεν
455 1987 928 2061 ἀπαλλαττόμενοι
957 1996 1058 2047 τοῦ
1089 1996 1233 2063 βίου,
1262 1990 1610 2062 παράδειγμα
1633 1991 1735 2060 μὲν
1762 1996 1866 2045 τοῦ
1892 1989 1965 2061 μὴ

277 2068 494 2126 ἀδικεῖν
510 2083 624 2136 τοῖς
643 2071 830 2137 ἄλλοις
853 2070 1164 2144 γενόμενοι,
1200 2079 1494 2138 ποιοῦντες
1523 2071 1582 2128 δὲ
1608 2064 1834 2142 ἀνδρῶν
1862 2093 1967 2128 κα-

160 2170 247 2215 863
275 2173 392 2207 κων
419 2158 626 2225 ἔρημον
645 2153 749 2226 τὴν
779 2153 958 2211 πόλιν.
999 2155 1146 2212 οὕτω
1177 2153 1244 2256 δη
1270 2176 1386 2212 των
1414 2154 1683 2211 τοιούτων
1713 2159 1837 2227 πέρι
1868 2176 1966 2210 νο-

276 2238 488 2306 μοθέτη
505 2234 782 2307 κολαστὴν
797 2244 910 2294 τῶν
940 2235 1347 2312 ἁμαρτημάτων
1365 2238 1619 2295 θάνατον
1638 2236 1852 2309 ἀνάγκη
1873 2239 1964 2292 νέ-

276 2336 419 2387 μειν,
440 2315 619 2381 άλλως
639 2319 698 2374 δε
721 2318 993 2390 οὐδαμως.

418 2403 536 2455 ΚΛ.
565 2396 743 2454 Ἔοικε
764 2404 866 2470 μέν
885 2421 1002 2465 πως
1021 2406 1283 2472 λέγεσθαι
1297 2401 1364 2456 τά
1386 2401 1536 2471 παρά
1566 2406 1672 2455 σου
1698 2403 1789 2455 και
1815 2399 1961 2469 μάλα

275 2482 527 2551 μετρίως,
549 2478 711 2551 ἥδιον
740 2478 792 2536 δ’
829 2477 902 2536 ἀν
930 2486 1008 2537 ἔτι
1043 2484 1384 2553 σαφέστερον
1417 2481 1760 2552 ἀκούσαιμεν
1788 2487 1963 2536 ταῦτα

277 2563 541 2633 ρηθέντα,
572 2559 633 2642 τὸ
661 2569 756 2635 τῆς
784 2561 997 2628 ἀδικίας
1023 2585 1081 2619 τε
1112 2565 1204 2620 καὶ
1233 2565 1444 2637 βλάβης
1473 2565 1749 2637 διάφορον
1778 2565 1868 2619 καὶ
1899 2565 1958 2619 τὸ

275 2649 390 2698 τῶν
436 2645 708 2702 ἑκουσίων
746 2648 838 2702 καὶ
877 2645 1159 2703 ἀκουσίων
1206 2645 1279 2712 ὥς
1315 2650 1376 2704 ἐν
1411 2647 1627 2713 τούτοις
1673 2652 1960 2703 διαπεποί-

275 2732 471 2781 κιλται.

416 2812 522 2864 VII.
561 2817 678 2867 ΑΘ.
709 2816 1010 2883 Πειρατέον
1027 2819 1219 2871 τοίνυν
1239 2810 1310 2879 ὡς
1329 2815 1579 2871 κελεύετε
1597 2819 1737 2888 δρᾷν
1759 2816 1847 2870 καὶ
1867 2817 1957 2869 λε’-
