1976 3172
224 102 330 172 348
826 108 1321 171 ΠΛΑΤΩΝΟΣ,

228 248 582 320 δικαστήριον
599 245 752 321 αύτῷ
772 247 909 303 κατὰ
922 249 1099 319 νόμον
1119 250 1379 303 δεδέσθαι
1396 250 1498 318 μὲν
1517 251 1578 304 ἐν
1595 256 1672 321 τῷ
1692 255 1804 306 τῶν
1822 271 1910 321 με·

168 341 200 382 c
231 337 465 402 σογείων
486 334 858 402 δεσμωτηρίῳ,
877 333 1163 400 προσιέναι
1183 332 1242 388 δὲ
1261 330 1414 406 αὐτῷ
1441 333 1650 403 μηδένα
1680 334 1915 390 ἐλεύθε-

225 435 327 485 ρον
344 415 636 484 μηδέποτε,
668 408 876 482 τακτὴν
899 409 1010 467 δε“
978 411 1088 468 υπὸ
1117 418 1231 469 τῶν
1260 413 1676 484 νομοφυλάκων
1707 414 1914 480 αὐτοὺς

221 492 442 565 τροφὴν
471 492 622 563 παρὰ
656 498 773 548 τῶν
805 496 1038 548 οἰκετων
1073 495 1406 566 λαμβάνειν·
1452 493 1815 551 ἀποθανόντα
1854 496 1915 552 δε

223 576 325 640 ἔξω
344 579 458 629 τῶν
487 570 659 642 ὁρίων
687 573 1031 643 ἐκβάλλειν’
1003 574 1248 645 άταφον·
1289 570 1388 630 ἐὰν
1416 577 1481 630 δέ
1504 596 1587 640 τις
1618 575 1915 646 ἐλεύθερος

227 654 546 726 συνθάπτῃ,
581 657 736 718 δίκας
772 652 1025 725 ἀσεβείας
1058 662 1138 730 τῷ
1165 658 1418 712 ἐθέλοντι
1451 655 1749 726 λαγχάνειν
1776 654 1915 712 ὑπε-

221 739 380 805 χέτω·
405 737 604 797 παῖδας
622 730 737 788 δὲ”
701 756 774 788 αν
794 735 898 804 μὲν
917 741 1189 808 καταλίπῃ
1199 744 1269 808 τῇ
1286 736 1488 792 πόλει”
1465 736 1709 805 ικανούς,
1729 739 1788 791 οί
1800 757 1915 791 των

223 816 493 886 ὀρφανῶν
522 814 949 894 ἐπιμελούμενοι
979 820 1073 872 καὶ
1100 818 1318 872 τούτων
1339 840 1412 882 ως
1437 816 1617 874 ὄντων
1641 814 1915 919 ὀρφανων

222 900 628 967 ἐπιμελείσθων
644 894 819 965 μηδὲν
835 906 1020 967 χεῖρον
1037 919 1152 951 των
1170 896 1356 952 ἄλλων
1383 896 1490 952 από
1513 905 1609 968 τῆς
1625 897 1830 970 ἡμέρας
1852 890 1916 968 ἧς

222 975 295 1033 ἂν
314 975 344 1032 ὁ
369 974 550 1047 πατὴρ
571 972 761 1031 αὐτων
778 976 927 1048 ὄφλῃ
945 975 1049 1048 τὴν
1068 981 1246 1049 δίκην.

163 1074 199 1115 D
363 1061 492 1112 XVI.
517 1054 730 1112 Κοινόν
743 1054 791 1112 δ’
815 1060 904 1112 ἐπὶ
919 1058 1139 1123 τούτοις
1150 1065 1286 1114 πᾶσι
1296 1059 1474 1129 νόμον
1484 1052 1706 1114 κεῖσθαι
1716 1058 1915 1129 χρεών,

223 1138 283 1206 ὃς
302 1140 508 1196 ἐλάττω
528 1160 587 1194 τε
607 1143 683 1203 εἰς
699 1137 874 1204 θεοὺς
892 1138 1082 1195 αὐτῶν
1100 1138 1233 1205 τοὺς
1243 1137 1484 1205 πολλοὺς
1500 1143 1643 1213 ἔργῳ
1656 1143 1749 1195 καὶ
1766 1139 1915 1213 λόγῳ

222 1229 559 1295 πλημμελεῖν
588 1218 661 1275 ἂν
689 1231 856 1291 ποιοῖ,
889 1223 982 1277 καὶ
1011 1220 1079 1293 δὴ
1114 1224 1207 1278 καὶ
1231 1221 1506 1293 ἀνοήτους
1530 1213 1699 1292 ἦττον
1729 1226 1918 1291 γίγνε-

224 1313 380 1374 σθαι,
409 1301 500 1359 διὰ
522 1300 583 1357 τὸ
605 1301 678 1373 μὴ
699 1305 898 1367 ἐξεῖναι
915 1310 1217 1359 θεοπολεῖν
1236 1302 1386 1371 παρὰ
1417 1303 1611 1374 νόμον.
1651 1307 1790 1359 ἔστω
1808 1301 1918 1373 γὰρ

224 1385 396 1457 νόμος
412 1384 506 1440 ὅδε
527 1395 640 1448 τοῖς
657 1383 898 1453 ξύμπασι
916 1389 1166 1454 κείμενος
1196 1383 1408 1448 ἁπλῶς·
1441 1382 1560 1453 ίερὰ
1587 1383 1727 1454 μηδὲ
1751 1379 1826 1448 εἷς
1853 1385 1915 1438 ἐν

225 1471 386 1530 ἰδίαις
416 1469 610 1529 οἰκίαις
648 1465 927 1534 ἐκτήσθω·
963 1465 1133 1520 θύειν
1162 1463 1216 1521 δ’
1247 1463 1383 1521 ὅταν
1413 1466 1502 1520 ἐπὶ
1529 1469 1674 1520 νοῦν
1703 1472 1760 1536 ἴῃ
1788 1469 1914 1534 τινί,

224 1545 365 1616 πρὸς
382 1545 449 1601 τὰ
470 1545 708 1616 δημόσια
729 1552 826 1600 ἴτω
844 1545 1064 1616 θύσων,
1084 1549 1176 1602 καὶ
1193 1557 1306 1611 τοῖς
1325 1549 1537 1614 ἱερεῦσί
1563 1565 1622 1600 τε
1641 1545 1734 1600 καὶ
1751 1547 1916 1615 ἱερεί-

224 1650 310 1693 αις
329 1630 660 1699 ἐγχειριζέτω
679 1625 745 1682 τά
771 1625 1018 1698 θύματα,
1047 1622 1127 1692 οἷς
1158 1625 1352 1698 ἁγνεία
1378 1625 1596 1682 τούτων
1628 1625 1911 1697 ἐπιμελής·

226 1708 595 1774 συνευξάσθω
617 1708 674 1763 δὲ
694 1704 863 1773 αὐτός
880 1729 938 1763 τε
963 1709 1056 1763 καὶ
1075 1706 1136 1773 ὃς
1154 1704 1227 1764 ἂν
1245 1707 1421 1779 ἐθέλῃ,
1433 1706 1557 1778 μετ’
1580 1703 1759 1762 αὐτοῦ
1781 1702 1919 1772 {vv-¹

159 1804 199 1844 ῚΕ
223 1790 502 1860 εύχεσθαι.
542 1794 717 1846 ταῦτα
749 1792 809 1844 δὲ
835 1788 1140 1860 γιγνόμενα
1172 1795 1287 1845 τῶν
1315 1791 1546 1844 τοιῶνδε
1572 1787 1738 1859 χάριν
1756 1791 1912 1843 ἔστω.

223 1869 343 1939 ἱεροὶ
363 1872 456 1926 καὶ
471 1869 649 1941 θεοὺς
668 1868 738 1926 ού
760 1868 958 1943 ῥᾴδιον
978 1870 1291 1942 ἱδρύεσθαι,
1311 1869 1552 1941 μεγάλης
1579 1867 1638 1924 δὲ
1667 1870 1914 1932 διανοίας

222 1950 376 2016 τινός
401 1950 592 2023 ὀρθῶς
612 1955 756 2024 δρᾷν
783 1950 844 2008 τό
867 1958 1141 2024 τοιοῦτον,
1162 1956 1295 2017 ἔθος
1313 1973 1372 2007 τε
1390 1951 1614 2021 γυναιξί
1627 1970 1683 2005 τε
1703 1947 1771 2020 δὴ
1793 1951 1914 2004 δια-

223 2031 512 2103 φερόντως
539 2032 742 2098 πάσαις
771 2034 863 2090 καὶ
897 2044 1010 2099 τοῖς
1034 2032 1343 2090 ἀσθενοῦσι
1373 2030 1553 2102 πάντη
1590 2031 1683 2086 καὶ
1718 2033 1914 2085 κινδυ-

222 2112 452 2168 νεύουσι
467 2116 560 2169 καὶ
578 2112 908 2187 α’ποροῦσιν,
928 2113 1038 2188 ὅπῃ
1058 2136 1138 2180 τις
1159 2110 1231 2170 ἂν
1250 2111 1451 2185 ἀπορῇ,
1475 2114 1567 2168 καὶ
1581 2108 1913 2167 τούναντίον

223 2190 362 2248 ὅταν
401 2193 664 2266 εὐπορίας
699 2195 852 2261 τινὸς
883 2195 1181 2267 λάβωνται,
1214 2199 1522 2266 καθιεροῦν
1546 2212 1607 2248 τε
1634 2190 1697 2248 τὸ
1729 2191 1913 2264 παρόν

107 2288 197 2333 910
222 2272 308 2330 ἀεὶ
325 2277 417 2329 καὶ
436 2280 639 2340 θυσίας
658 2268 924 2347 εὔχεσθαι
950 2280 1042 2334 καὶ
1072 2277 1317 2348 ἱδρύσεις
1343 2273 1735 2346 ὑπισχνεῖσθαι
1761 2281 1917 2335 θεοῖς

223 2359 317 2413 καὶ
337 2360 560 2427 δαίμοσι
579 2359 671 2412 καὶ
691 2361 847 2413 παισὶ
863 2359 1038 2428 θεῶν,
1058 2363 1120 2414 ἔν
1145 2380 1203 2413 τε
1232 2359 1519 2428 φάσμασιν
1547 2354 1915 2426 ἐγρηγορότας

224 2437 327 2494 διοῖ
355 2438 570 2509 φόβους
606 2439 698 2494 καὶ
736 2441 799 2494 ἐν
835 2436 1085 2508 ὀνείροις,
1122 2436 1195 2501 ὠς
1225 2436 1279 2492 δ’
1309 2436 1491 2501 αὕτως
1519 2434 1674 2502 ὄψεις
1706 2432 1915 2498 πολλὰς
1974 2499 1976 2502 ¹

226 2519 809 2592 ἀπομνημονεύοντας,
825 2520 1109 2576 ἑκάστοισί
1127 2540 1186 2575 τε
1204 2516 1393 2574 αὐτῶν
1411 2516 1519 2588 ἄκη
1543 2517 1913 2587 ποιουμένους

173 2646 175 2649 .
227 2600 452 2673 βωμοὺς
465 2605 556 2658 καὶ
575 2600 694 2674 ἱερὰ
714 2603 896 2667 πάσας
913 2600 1015 2674 μὲν
1033 2605 1223 2671 οἰκίας,
1254 2600 1435 2664 πάσας
1463 2598 1523 2655 δὲ
1552 2597 1739 2669 κώμας
1766 2599 1828 2652 ἔν
1854 2616 1913 2651 τε

227 2692 497 2753 καθαροῖς
517 2687 884 2756 ἱδρυομένους
901 2682 1232 2756 ἐμπιπλάναι
1249 2684 1340 2738 καὶ
1369 2681 1480 2754 ὅπῃ
1508 2702 1588 2746 τις
1617 2684 1771 2750 ἔτυχε
1797 2683 1912 2733 τῶν

226 2767 512 2824 τοιούτων.
554 2759 635 2824 ὧν
653 2769 814 2824 ἕνεκα
832 2766 934 2840 χρὴ
954 2763 1180 2823 πάντων
1199 2775 1375 2822 ποιεῖν
1405 2761 1544 2820 κατὰ
1574 2761 1674 2818 τὸν
1693 2766 1801 2817 νῦν
1822 2765 1912 2815 λε-
