1976 3172
203 135 272 188 38
807 135 1292 186 ΠΛΑΤΩΝΟΣ

202 269 269 325 τὰ
287 267 482 339 αἰσχρὰ
501 266 706 339 αἰσχροὶ
726 266 903 335 οὕτως
931 269 1117 336 αὐτοῖς
1144 278 1364 342 χρῆται;
1397 272 1615 342 βέλτιον
1639 270 1669 329 ὁ
1699 280 1888 329 τοιοῦ-

202 371 296 416 τος
313 353 748 422 πεπαιδευμένος
765 350 898 422 ἡμῖν
923 355 1073 407 ἔσται
1103 350 1208 423 τὴν
1233 358 1455 423 χορείαν
1481 374 1541 408 τε
1570 356 1662 409 καὶ
1689 371 1887 424 μουσι-

202 432 329 503 κήν,
357 427 405 502 ἢ
422 428 486 496 ὃς
512 427 585 487 ἂν
610 437 687 503 τῷ
716 429 819 502 μὲν
847 432 1058 503 στόματι
1084 434 1177 488 καὶ
1204 440 1274 505 τῇ
1300 439 1465 506 φωνῇ
1492 432 1553 488 τὸ
1588 436 1889 506 διανοηθὲν

203 510 345 568 εἶναι
372 513 547 568 καλὸν
583 515 785 578 ἱκανῶς
821 511 1116 584 ὑπηρετεῖν
1150 518 1374 586 δυνηθῇ
1413 516 1689 586 ἑκάστοτε,
1727 520 1889 590 χαίρῃ

203 593 263 649 δὲ
293 592 366 665 μὴ
386 605 499 659 τοῖς
518 601 705 659 καλοῖς
723 593 861 666 μηδὲ
879 600 1010 667 μισῇ
1041 594 1107 650 τοὶ
1129 595 1202 666 μὴ
1224 595 1393 663 καλάς
1425 592 1704 668 ἤι’κεῖνος,
1726 596 1788 663 ὂς
1817 594 1890 654 ἂν

201 682 270 747 τῇ
296 676 401 746 μὲν
431 683 595 749 φωνῇ
621 678 713 732 καὶ
741 683 820 751 τῷ
850 676 1060 747 σώματι
1079 676 1153 746 μὴ
1184 675 1337 731 πάνυ
1366 676 1604 749 δυνατὸς
1626 671 1663 749 ᾗ
1687 700 1888 750 κατορ-

135 777 172 818 1)
201 764 351 813 θοῦν
373 754 428 829 [ἢ
451 762 837 830 διανοεῖσθαι],
858 764 925 830 τῇ
946 761 1005 814 δὲ
1022 755 1199 829 ἡδονῇ
1216 759 1308 813 καὶ
1328 757 1477 831 λύπῃ
1503 767 1788 828 κατορθοῖ,
1821 781 1888 814 τα

203 841 306 910 μὲν
338 838 730 912 ἀσπαζόμενος,
765 839 871 896 ὅσα
897 842 1060 910 καλοῖ,
1091 839 1158 896 τὰ
1195 840 1254 896 δὲ
1283 844 1678 912 δυσχεραίνων,
1708 838 1888 896 ὁπόσα

203 920 464 993 μὴ’καλοὲς

343 1009 463 1060 KA.
500 1003 659 1060 Πολὺ
685 1003 747 1062 τὸ
773 1008 1059 1076 διαφέρον,
1083 998 1128 1060 ὦ
1147 1007 1283 1074 ξένε,
1303 1008 1478 1075 λέγεις
1496 1011 1591 1076 τῆς
1621 1007 1882 1068 παιδείας.

343 1093 461 1143 ΑΘ.
505 1085 736 1144 Οὐκοῦν
756 1093 807 1143 εἰ
823 1087 924 1157 μὲν
944 1085 1005 1141 τὸ
1027 1084 1202 1142 καλὸν
1231 1084 1377 1158 ςόδῆς
1404 1108 1464 1141 τε
1491 1088 1582 1141 καὶ
1611 1083 1887 1155 ὀρχήσεως

200 1171 326 1238 πέρι
340 1167 725 1238 γιγνώσκομεν
742 1179 884 1239 τρεῖς
905 1168 1077 1238 ὄντες,
1108 1174 1269 1238 ἴσμεν
1295 1164 1506 1222 καὶτὸν
1524 1167 1891 1236 πεπαιδευμέ-

200 1271 306 1306 νον
323 1272 382 1306 τε
400 1251 493 1307 καὶ
512 1249 849 1318 ἀπαίδευτον
869 1248 1080 1319 ὀρθῶς·
1111 1253 1161 1305 εἰ
1178 1250 1237 1305 δὲ
1254 1242 1581 1319 ’ἀγνοοῦμέν
1610 1269 1672 1317 γε
1702 1253 1886 1317 τοῦτο,

202 1330 327 1388 οὐδ’
354 1340 407 1388 εἴ
421 1353 501 1397 τις
521 1335 769 1396 παιδείας
787 1333 900 1389 ἐστὶ
919 1329 1142 1402 φυλακὴ
1161 1331 1252 1385 καὶ
1271 1327 1434 1400 ὅπου,
1464 1328 1887 1399 διαγιγνώσκειν

139 1435 174 1477 Ε
203 1413 277 1469 ἄν
296 1433 428 1470 ποτε
448 1417 774 1483 δυναίμεθα.
815 1406 908 1481 ἆρ’
934 1409 1034 1482 οὐχ
1053 1409 1258 1477 cistam

345 1500 464 1551 KA.
506 1493 668 1550 Οὕτω
693 1497 794 1565 μὲν
815 1488 936 1552 οὖν.

342 1584 462 1634 ΑΘ.
503 1574 671 1632 Ταῦτ’
693 1576 802 1646 ἄρα
820 1576 954 1646 μετὰ
974 1575 1140 1632 τοῦθ’
1169 1575 1300 1647 ἡμῖν
1330 1567 1404 1628 αὖ
1432 1572 1690 1642 καθάπερ
1722 1572 1886 1626 κυσὶν

202 1662 551 1735 ἰχνευούσαις
571 1662 971 1731 διερευνητέον,
993 1658 1172 1761 σχῆμά
1190 1679 1249 1714 τε
1278 1655 1456 1713 καλὸν
1483 1657 1574 1711 καὶ
1605 1657 1767 1726 μέλος
1795 1654 1887 1709 καὶ

202 1743 357 1819 ᾠδὴν
375 1746 465 1800 καὶ
487 1742 739 1814 ὄρχησιν·
779 1744 905 1798 εἰδὲ
922 1740 1087 1798 ταῦθ’
1118 1739 1262 1814 ἡμᾶς
1292 1738 1640 1811 διαφυγόντα
1669 1736 1887 1809 οἰχήσε-

197 1849 305 1897 ται,
324 1847 551 1898 ματαιος
570 1823 599 1880 ὁ
621 1823 757 1895 μετὰ
774 1822 941 1880 ταυθ’
973 1822 1107 1895 ἡμῖν
1136 1825 1261 1893 περὶ
1289 1825 1547 1885 παιδείας
1565 1818 1742 1890 ὀρθῆς
1771 1816 1880 1874 εἴθ’

193 1907 513 1979 Ελληνικῆς
533 1915 639 1963 εἴτε
658 1911 1000 2028 βαρβαρικῆς
1018 1905 1183 1975 λόγος
1203 1900 1274 1959 ὅὶν
1293 1911 1391 1974 εἴη.

341 1996 461 2046 KA.
498 1994 628 2045 Ναί.

92 2136 115 2143 Χ
340 2078 458 2128 ΑΘ.
495 2070 654 2127 Εἶεν·
681 2076 734 2127 τί
752 2070 811 2126 δε
834 2069 899 2140 δὴ
919 2068 980 2125 τὸ
1003 2068 1176 2125 καλὸν
1203 2066 1305 2139 χρὴ
1330 2066 1506 2138 φάναι
1536 2070 1716 2135 σχῆμα
1734 2062 1771 2133 ἢ
1791 2065 1887 2132 μέ-

198 2163 294 2220 λος
313 2154 462 2209 ἐἷναί
475 2173 632 2219 ποτε,
620 2179 631 2188 ·
653 2154 805 2224 φέρε,
827 2150 1090 2224 ἀνδρικῆς
1108 2157 1285 2222 ψυχῆς
1314 2153 1375 2205 ἐν
1399 2149 1592 2212 πόνοις
1627 2149 1885 2217 ἐχομένης

42 2277 46 2282 ·
83 2264 172 2311 655
197 2239 292 2295 καὶ
311 2241 492 2307 δειλῆς
511 2240 571 2290 ἐν
590 2247 701 2300 τοῖς
720 2233 905 2298 αὐτοῖς
929 2255 987 2289 τε
1007 2237 1100 2289 καὶ
1128 2242 1267 2297 ἴσοις
1296 2226 1386 2302 ἆρ’
1409 2229 1574 2302 ὅμοια
1591 2229 1657 2283 τοὶ
1677 2249 1735 2284 τε
1754 2227 1888 2298 σχή-

200 2340 344 2403 ματα
363 2316 540 2374 καὶτὰ
559 2319 854 2387 φθέγματα
874 2319 1161 2386 ξυμβαίνει
1179 2319 1502 2384 γίγνεσθαι;

339 2405 460 2457 ΚΛ.
497 2401 606 2455 Καὶ
625 2404 759 2468 πῶς,
781 2397 871 2452 ὅτε
890 2417 952 2466 γε
972 2396 1110 2466 μηδὲ
1128 2417 1194 2450 τα
1213 2393 1499 2494 χρήματα·
1486 2434 1501 2459 ,

338 2489 459 2539 ΛΘ.
495 2487 696 2544 Καλῶς
713 2500 793 2551 γε,
824 2501 866 2534 ω
899 2479 1100 2546 ἑταιρε·
1140 2472 1263 2530 αλλ’
1296 2477 1358 2530 ἐν
1385 2474 1493 2545 γὰρ
1523 2476 1764 2544 μουσικῇ
1794 2470 1887 2524 καὶ

201 2565 448 2638 σχήματα
467 2565 568 2635 μὲν
587 2564 677 2618 καὶ
696 2565 853 2658 μέλη..
860 2563 1052 2629 ἔνεστι,
1079 2558 1206 2627 περὶ
1235 2554 1461 2629 ρυθμὸν
1490 2557 1580 2611 καὶ
1609 2553 1885 2625 ἁρμονίαν

201 2646 372 2718 ουσης
389 2652 485 2716 τῆς
507 2650 790 2743 μουσικῆς,
818 2640 956 2697 ὥστε
977 2639 1269 2713 εὔρυθμον
1287 2638 1390 2709 μεν
1407 2637 1498 2693 καὶ
1518 2634 1883 2706 εὐαρμοστον,

199 2729 413 2800 εὔχρων
435 2728 495 2783 δὲ
514 2729 677 2798 μέλος
704 2722 741 2797 ἢ
762 2731 940 2796 σχῆμα
969 2723 1073 2780 οὐκ
1102 2727 1251 2779 ἔστιν
1279 2720 1674 2790 απεικοῖσαντα,
1698 2717 1883 2812 ω’σπερ

199 2833 251 2868 οι
239 2809 731 2883 ’χοροδιδάσκαλοι
749 2805 1155 2878 ἀπεικαζουσιν,
1187 2803 1375 2876 ὀρθως
1403 2795 1881 2873 φθέγγεσθαι·τό
