1976 3172
213 121 279 171 12
819 122 1294 171 ΠΛΑΤΩΝΟΣ

208 254 402 324 νόμων
418 258 656 328 ἐμπείρῳ
673 258 836 327 τέχνῃ
860 262 965 311 εἴτε
983 260 1080 310 καί
1101 270 1246 310 τισιν
1274 258 1446 327 ἔθεσι,
1479 268 1590 321 τοῖς
1618 258 1676 313 δὲ
1705 257 1890 324 ἄλλοις

204 334 337 406 ἡμῖν
357 334 616 407 οὐδαμῶς
633 338 1074 408 έστὶςκαταφανῆ.

344 421 448 478 VII.
487 424 604 474 KA.
640 423 771 484 Πῶς
791 412 912 488 οὖν,
928 413 974 474 ῶ
985 421 1120 489 ξένε,
1135 422 1315 488 λέγειν
1332 418 1432 490 χρὴ
1445 419 1511 474 τὰ
1531 418 1666 490 μετὰ
1687 427 1888 488 ταῦτα;
1972 448 1976 471 :

345 505 464 554 ΑΘ.
498 497 578 565 Ἐξ
603 497 773 571 ἀρχῆς
792 500 960 554 πάλιν
979 503 1162 569 ἔμοιγε
1183 503 1338 554 δοκεῖ
1351 507 1548 571 χρῆναι
1568 504 1887 574 διεξελθεῖν,
1974 499 1976 501 ’

141 580 175 619 Ε
205 579 464 651 καθάπερ
494 579 799 651 ἠρξάμεθα,
832 580 899 635 τοὶ
930 586 1024 650 τῆς
1056 577 1314 650 ἀνδρείας
1341 587 1564 650 πρῶτον
1599 583 1890 654 ἐπιτηδεύ-

202 681 370 729 ματα·
417 663 600 715 ἔπειτα
627 661 817 731 ἕτερον
848 663 940 716 καὶ
976 654 1146 724 αὖθις
1179 661 1370 728 ἕτερον
1399 660 1541 725 εἶδος
1567 669 1662 732 τῆς
1692 662 1890 734 ἀρετῆς

204 744 457 812 διέξιμεν,
478 740 576 797 ἐὰν
595 742 878 813 βούλησθε
894 763 904 773 ·
930 740 1079 806 ὅπως
1105 739 1156 796 δ’
1179 739 1252 796 ὂίν
1269 741 1329 796 τὸ
1353 747 1575 810 πρῶτον
1595 745 1889 808 διεξέλθω-

203 843 323 892 μεν,
356 823 738 894 πειρασόμεθα
769 821 904 877 αὐτό
940 822 1287 893 παράδειγμα
1322 824 1553 893 θέμενοι
1593 824 1683 879 καὶ
1717 817 1889 879 τᾶλλα

204 900 352 958 οὕτω
372 906 913 974 διαμυθολογοῦντες
925 903 1254 974 παραμύθια
1270 903 1611 974 ποιήσασθαι
1621 910 1716 975 τῆς
1735 901 1888 959 ὁδοῦ·

201 982 439 1054 ὕστερον
469 989 529 1040 δὲ
570 983 766 1056 ἀρετῆς
794 984 972 1055 πάσης
998 984 1066 1039 τά
1098 1006 1161 1054 γε
1191 991 1300 1040 νῦν
1329 984 1395 1055 δὴ
1433 983 1543 1040 *ἂ*
1583 986 1889 1056 διήλθομεν

202 1067 378 1120 ε’κεῖσε
396 1070 672 1136 βλέποντα
691 1064 1112 1136 ἀποφανοῦμεν,
1134 1061 1208 1120 ἂν
1227 1063 1364 1128 θεὸς
1381 1067 1562 1136 ἐθέλῃ.

86 1154 172 1199 633
342 1151 474 1200 ΜΕ.
513 1151 712 1209 Καλῶς
739 1147 930 1214 λέγεις,
961 1148 1055 1199 καὶ
1090 1150 1260 1216 πειρῶ
1290 1151 1514 1240 πρῶτον
1542 1151 1754 1215 κρίνειν
1786 1144 1887 1203 τὸν

201 1231 303 1280 τοῦ
321 1225 461 1292 Διὸς
480 1230 769 1297 ἐπαινέτην
787 1222 998 1281 τόνδε
968 1237 1113 1295 ημῖν.

341 1314 460 1363 ΑΘ.
499 1306 858 1379 Πειράσομαι,
877 1307 969 1361 καὶ
989 1309 1053 1360 σέ
1067 1327 1126 1361 τε
1143 1307 1234 1362 καὶ
1263 1307 1528 1376 ἐμαυτόν·
1562 1305 1751 1372 κοινὸς
1777 1309 1884 1379 γὰρ

202 1386 230 1443 ὁ
261 1388 442 1459 λόγος.
477 1391 660 1458 λέγετε
679 1381 787 1443 οῦν
801 1408 814 1420 ·
852 1387 919 1441 τὰ
941 1387 1186 1452 ξυσσίτια
1206 1409 1390 1459 φαμεν
1408 1390 1500 1444 καὶ
1523 1387 1589 1443 τά
1608 1388 1885 1458 γυμνάσια

151 1539 154 1542 ἢ
201 1469 337 1541 πρὸς
357 1467 458 1524 τὸν
476 1469 726 1539 πόλεμον
740 1471 1075 1539 ἐξευρῆσθαι
1093 1474 1173 1541 τῷ
1191 1470 1495 1542 νομοθέτης

91 1540 100 1551 “
343 1557 472 1606 ΜΕ.
512 1554 642 1606 Ναί.

294 1683 297 1686 ⁴
343 1638 460 1688 ΑΘ.
500 1633 610 1687 Καὶ
628 1637 816 1703 τρίτον
834 1627 870 1703 ἦ
889 1636 1178 1703 τέταρτον;
1201 1638 1332 1696 ἴσως
1351 1630 1457 1701 γὰρ
1476 1627 1713 1698 ἀνοῦτω
1731 1636 1884 1703 χρείη

202 1713 683 1786 διαριθμήσασθαι
699 1717 791 1770 καὶ
809 1717 934 1786 περὶ
961 1721 1074 1770 τῶν
1098 1720 1195 1785 τῆς
1224 1712 1393 1784 ἄλλης
1425 1711 1621 1784 ἀρετῆς
1650 1721 1756 1769 εἴτε
1785 1735 1885 1785 με-

201 1801 318 1862 ρῶν
337 1803 443 1850 εἴτε
463 1793 584 1851 ἅττ’
605 1793 746 1851 αὐτοὶ
766 1803 954 1852 καλεῖν
981 1794 1158 1867 χρεῶν
1182 1797 1312 1866 ἐστι,
1346 1799 1634 1866 δηλοῦντα
1653 1794 1829 1866 μόνον
1849 1795 1884 1850 ἃ

199 1878 360 1944 λέγει.

143 1958 175 1998 Β
343 1962 475 2014 ΜΕ.
512 1961 712 2028 Τρίτον
735 1964 946 2027 τοίνυν,
969 1961 1140 2026 ἔγωγε
1159 1953 1361 2027 εἷ”ποιμ
1386 1951 1458 2010 ἀν
1486 1957 1578 2011 καὶ
1605 1959 1881 2010 Λακεδαι-

200 2042 412 2107 μονίων
431 2035 708 2107 ὁστισοῦν,
743 2037 845 2109 τὴν
874 2039 1064 2110 θήραν
1100 2031 1256 2108 εὗρε·
1295 2039 1555 2108 τέταρτον
1586 2027 1645 2092 δε
1672 2059 1707 2107 η
1746 2038 1884 2106 πέμ-

200 2136 341 2172 πτον
360 2123 411 2173 εί
437 2122 749 2188 δυναίμεθα
776 2122 975 2215 λέγειν,
1003 2118 1339 2188 πειρώμεθα.
1378 2122 1456 2173 ἔτι
1482 2122 1676 2173 τοίνυν
1703 2118 1795 2172 καὶ
1820 2115 1880 2172 τό
1967 2130 1976 2135 ”

199 2201 462 2266 τέταρτον
490 2202 661 2268 ε”γωγε
680 2199 965 2272 πειρῴμην
984 2199 1053 2255 ἂν
1074 2203 1255 2269 λέγειν
1272 2197 1333 2254 τὸ
1355 2199 1480 2270 περὶ
1497 2219 1595 2262 τας
1613 2197 1886 2268 καρτερή-

201 2294 313 2343 σεις
334 2283 448 2334 τῶν
477 2277 805 2348 ἀλγηδόνων
833 2279 978 2335 πολὺ
1013 2279 1146 2348 παρ’
1187 2278 1319 2349 ἡμῖν
1351 2278 1688 2348 γιγνόμενον
1726 2283 1788 2331 ἔν
1823 2300 1882 2332 τε

199 2371 319 2425 ταῖς.
333 2356 472 2430 πρὸς
491 2359 762 2431 ἀλλήλους
779 2372 895 2425 ταῖς
911 2364 1061 2431 χερσὶ
1082 2359 1277 2430 μάχαις
1294 2361 1385 2414 καὶ
1405 2361 1465 2413 έν
1484 2355 1755 2429 ἁρπαγαῖς
1776 2354 1899 2413 τισι

201 2442 293 2496 διὰ
329 2447 553 2498 πολλῶν
589 2446 820 2513 πληγῶν
853 2442 1108 2498 ἑκάστοτε
1142 2442 1516 2511 γιγνομέναις·
1574 2443 1650 2494 ἔτι
1692 2439 1762 2494 δὲ
1790 2442 1884 2494 καὶ

199 2530 465 2596 κρυπτεία
484 2547 564 2590 τις
583 2523 904 2596 ὀνομάζεται
921 2529 1259 2597 θαυμαστῶς
1286 2523 1603 2587 πολύπονος
1629 2521 1767 2591 πρὸς
1785 2521 1883 2587 τὰς

135 2614 167 2657 G
198 2607 569 2678 καρτερησεις,
589 2608 877 2679 χειμώνων,
895 2629 954 2663 τε
972 2605 1341 2688 ἀνυποδησίαι
1358 2607 1451 2661 καὶ
1474 2604 1771 2673 ἀστρωσίαι
1790 2604 1883 2660 καὶ

203 2688 340 2745 ἄνευ
357 2688 726 2758 θεραπόντων
756 2688 942 2754 αὐτοῖς
962 2690 1174 2745 ἑαυτῶν
1194 2686 1554 2759 διακονήσεις,
1575 2686 1795 2755 νύκτωρ
1822 2706 1881 2740 τε

201 2774 580 2842 πλανωμένων
600 2769 691 2835 διὰ
720 2770 896 2842 πάσης
922 2775 1020 2841 τῆς
1046 2769 1226 2843 χώρας
1257 2771 1350 2825 καὶ
1377 2769 1510 2840 μεθ’
1538 2765 1763 2840 ημέραν.
1803 2770 1880 2821 ἔτι
