1976 3172
213 152 314 203 156
811 150 1287 198 ΠΛΑΤΩΝΟΣ

208 293 502 339 κατοικιεῖν
524 284 750 346 δέκατος
769 280 951 352 αὐτός,
973 279 1044 347 ὡς
1063 281 1187 354 φῄς,
1216 280 1282 336 τὰ
1311 287 1436 351 νῦν,
1473 282 1579 351 ἐγω
1611 282 1663 337 δ’
1697 279 1769 339 αὖ
1798 281 1940 342 σοὶ

91 369 176 413 752
207 353 586 436 ξυλλήψεσθαι
603 361 740 433 κατὰ
756 361 858 434 τὴν
869 369 1158 434 παροῦσαν
1169 360 1300 434 ἡμῖν
1311 360 1378 416 τὰ
1400 369 1508 417 νῦν
1519 370 1881 435 μυθολογίαν.
1933 373 1961 435 {³

206 445 418 501 οὔκουν
437 444 506 516 δή
526 465 636 499 που
655 447 832 523 λέγων
847 465 911 514 γε
931 442 1002 500 ἂν
1019 451 1210 515 μῦθον
1239 442 1520 514 ἀκέφαλον
1546 444 1686 500 ἑκών
1714 468 1885 501 κατα-

204 533 437 598 λίποιμι·
475 526 831 607 πλανεόμενος
849 523 957 597 γάρ
975 522 1046 581 ἀν
1066 522 1317 596 [ἁπάντη]
1339 532 1585 591 τοιοῦτος
1605 522 1685 581 ω“ν
1707 526 1885 598 ἀμορ-

207 629 313 678 φος
343 614 612 678 φαίνοιτο

255 757 259 760 ⁷
346 695 464 746 KA.
486 687 697 760 ’Ἀριστ’
725 695 964 759 εἴρηκας,
986 710 1026 743 ω
1049 692 1183 753 ξένε

343 763 458 827 ΛΘ.
499 769 586 826 Οὐ
618 770 797 840 μόνον
832 791 923 840 γε,
961 767 1101 824 ἀλλὰ
1130 771 1221 825 καὶ
1251 769 1438 840 δράσω
1469 767 1604 824 κατὰ
1644 769 1884 839 δύναμιν
1975 813 1976 816 ¹

206 848 396 913 οὕτως.

342 935 400 984 Κ
405 935 461 983 A.
495 929 662 984 Πάνυ
682 931 783 999 μὲν
804 923 911 984 οὖν
927 936 1192 1001 ποιοῖμεν,
1212 924 1353 1002 ᾖπερ
1373 934 1465 988 καὶ
1483 934 1729 1003 λέγομεν.
1958 986 1960 990 .

341 1015 459 1064 ΑΘ.
486 1007 675 1065 ’Έσται
693 1006 870 1081 ταῦτ’,
901 1005 974 1065 ἀν
993 1012 1128 1075 θεὸς
1147 1013 1313 1082 ἐθέλῃ
1332 1013 1423 1066 καὶ
1451 1011 1633 1083 γήρως
1657 1014 1885 1082 ἐπικρα-
1931 1019 1935 1022 ’

201 1097 382 1161 ταῖμεν
399 1090 463 1146 τό
482 1112 545 1161 γε
565 1096 849 1147 τοσοῦτον.
1955 1103 1957 1106 ’

142 1183 174 1222 Β
341 1175 460 1226 ΚΛ.
494 1169 634 1226 Ἀλλ’
657 1171 803 1237 εἰκὸς
829 1175 1059 1229 ἐθέλειν.
1968 1225 1973 1243 .

341 1259 459 1308 ΑΘ.
501 1252 669 1319 Εἰκὸς
686 1255 793 1327 γὰρ
814 1249 934 1311 οὖν.
974 1254 1232 1325 ἑπόμενοι
1252 1253 1312 1310 δὲ
1339 1252 1491 1329 αὐτῷ
1519 1254 1775 1326 λάβωμεν
1794 1256 1886 1310 καὶ

203 1334 345 1389 τόδε.
1967 1334 1976 1356 ¹

339 1419 460 1470 KA.
503 1414 577 1471 Τὸ
599 1427 789 1483 norom
1878 1464 1880 1466 .

339 1503 457 1553 ΑΘ.
485 1495 581 1562 Ὡς
610 1497 879 1568 ἀνδρείως
909 1501 1000 1555 καὶ
1035 1502 1693 1570 παρακεκινδυνευμένως
1721 1501 1780 1553 ἐν
1806 1501 1884 1572 τῷ

202 1585 309 1635 νῦν
327 1577 361 1649 ἡ
383 1578 541 1643 πόλις
557 1577 691 1653 ἡμῖν
711 1584 861 1635 ἔσται
879 1586 1272 1654 κατῳκισμένη.

339 1665 458 1714 KA.
498 1662 636 1733 Περὶ
667 1665 722 1714 τί
746 1662 968 1731 βλέπων
995 1663 1087 1717 καὶ
1113 1672 1210 1717 ποῖ
1235 1660 1467 1732 μάλιστα
1496 1657 1631 1715 αὐτὸ
1667 1668 1885 1732 εἴρηκας

197 1741 263 1795 τὰ
286 1746 425 1807 νῦν;
1911 1736 1918 1745 ’

339 1827 458 1879 ΛΘ.
491 1819 584 1886 Ὡς
603 1820 847 1887 εὐκόλως
865 1825 958 1878 καὶ
985 1820 1215 1894 ἀφόβως
1243 1820 1488 1891 ἀπείροις
1517 1821 1756 1893 ἀνδράσι
1786 1845 1885 1879 νο-
1956 1841 1968 1895 ζ

199 1909 568 1972 μοθετοῦμεν,
595 1901 744 1969 ὅπως
766 1908 1017 1970 δέξονταί
1039 1924 1170 1960 ποτε
1199 1901 1331 1969 τούς
1358 1911 1467 1959 νῦν
1495 1906 1756 1970 τεθέντας
1784 1906 1884 1960 νό-
1958 1896 1976 1961 ⁸:

200 2003 352 2052 μους.
392 1986 565 2054 δῆλον
586 1985 645 2040 δὲ
664 1985 728 2040 τό
755 2007 819 2055 γε
837 1992 1125 2055 τοσοῦτον,
1149 2008 1191 2041 ω
1212 1989 1458 2055 Κλεινία,
1491 1987 1654 2041 παντὶ
1687 1986 1885 2056 σχεδὸν
1956 1993 1966 2034 ”·ῑ

139 2078 168 2119 C
200 2066 384 2136 καὶτῷ
414 2065 487 2135 μὴ
518 2066 671 2121 πάνυ
697 2073 872 2140 σοφῷ,
903 2065 966 2122 τὸ
986 2065 1058 2138 μὴ
1094 2063 1388 2140 ρᾳδίωςγε
1419 2064 1624 2132 αὐτοὺς
1648 2069 1887 2138 μηδένας

199 2147 609 2213 προσδέξασθαι
627 2145 752 2203 κατ’
776 2146 964 2219 ἀρχάς,
996 2151 1048 2203 εἰ
1072 2147 1131 2204 δὲ
1161 2150 1446 2219 μείναιμέν
1475 2167 1591 2213 πως
1616 2155 1887 2204 τοσοῦτον

199 2223 420 2295 χρόνον,
451 2227 554 2291 ε’ως
583 2231 638 2283 οἰ
651 2229 984 2300 γευσάμενοι
1001 2233 1191 2294 παῖδες
1207 2251 1321 2285 των
1338 2227 1531 2300 νόμων
1549 2231 1640 2285 καὶ
1661 2233 1885 2297 ξυντρα·

201 2309 397 2375 φέντες
416 2309 620 2372 ἱκανῶς
637 2311 898 2381 ξυνήθεις
916 2333 974 2367 τε
994 2309 1182 2376 αυτοῖς
1193 2311 1484 2381 γενόμενοι
1503 2317 1616 2366 των
1636 2309 1885 2382 ἀρχαιρε-
1940 2324 1951 2332 “

202 2392 340 2441 σιων
357 2393 426 2457 τῇ
445 2387 602 2442 πόλει
620 2389 768 2460 πάσῃ
792 2391 1221 2462 κοινωνήσειαν·
1245 2394 1552 2460 γενομένου
1581 2412 1643 2458 γε
1673 2390 1786 2459 μὴν
1818 2393 1886 2445 οὑ

198 2471 458 2539 λέγομεν,
483 2476 635 2540 εἴπερ
672 2473 780 2526 τινὶ
807 2470 993 2545 τρόπω
1023 2475 1114 2527 καὶ
1152 2476 1370 2542 μηχανῇ
1398 2475 1642 2540 γίγνοιτο
1678 2469 1884 2543 ὀρθως,

199 2549 410 2621 πολλὴν
430 2555 602 2623 ἔγωγε
618 2552 926 2624 ἀσφάλειαν
948 2552 1096 2625 οἶμαι
1114 2555 1205 2610 καὶ
1223 2552 1360 2625 μετὰ
1376 2553 1477 2608 τὸν
1495 2554 1618 2609 τότε
1636 2553 1885 2624 παρόντα
1948 2557 1963 2628 ,Χ

197 2632 403 2703 χρόνον
440 2628 513 2687 ἀν
553 2637 816 2704 γενέσθαι
851 2641 952 2691 τοῦ
994 2646 1175 2707 μειναι
1221 2631 1329 2707 τὴν
1363 2638 1885 2705 παιδαγωγηθεῖσαν

200 2733 349 2769 ουτω
368 2712 549 2768 πόλιν.

138 2807 173 2848 D
341 2799 460 2852 KA.
484 2794 628 2866 ’Έχει
643 2801 785 2867 γοῦν
807 2798 990 2869 λόγον.
