1976 3172
237 144 355 217 ¹138
867 143 1347 192 ΠΛΑΤΩΝΟΣ

249 276 455 347 ἡδονὰς
473 277 565 332 καὶ
584 273 778 346 λύπας,
799 272 1211 347 ὑπερβάλλουσι
1231 275 1291 331 δε
1317 272 1514 346 ἡδοναὶ
1539 299 1641 347 μεν
1668 277 1846 342 λύπας
1874 281 1936 334 ἐν
1963 269 1976 363 {-

183 365 215 404 G
248 357 448 431 ὑγιείᾳ,
480 364 651 414 λῦπαι
685 356 745 413 δὲ
779 354 987 428 ἡδονὰς
1020 359 1081 414 ἐν
1115 358 1318 422 νόσοις.
1354 354 1489 428 ἡμῖν
1519 358 1580 414 δὲ
1609 356 1643 428 ἡ
1673 358 1973 429 βούλησις
1957 382 1976 422 χ’

246 446 344 512 τῆς
374 442 634 510 αἱρέσεως
663 460 778 494 των
808 444 947 510 βίων
977 437 1078 511 οὐχ
1101 443 1193 496 ἵνα
1221 438 1281 495 τὸ
1314 437 1570 511 λυπηρὸν
1589 431 1976 512 ὑπερβάλλῃ·

248 521 396 577 ὅπου
415 521 468 576 δ’
501 518 922 593 ὑπερβάλλεται,
949 527 1152 577 τοῦτον
1172 520 1274 577 τὸν
1290 527 1416 592 βίον
1433 520 1570 593 ἡδίω
1589 526 1937 592 κεκρίκαμεν,
1960 519 1961 522 “

248 602 278 659 6
302 601 369 674 δὴ
392 601 639 674 σώφρων
667 609 771 658 τοῦ
799 601 1113 659 ἀκολάστου
1139 605 1232 659 καὶ
1261 603 1291 659 ὁ
1323 603 1598 674 φρόνιμος
1626 611 1729 660 τοῦ
1755 603 1939 675 ἅφρο-
1963 648 1965 650 -

249 705 363 755 νος,
385 695 592 785 φαῖμεν
611 683 701 755 ἄν,
719 686 811 742 καὶ
830 682 860 741 6
882 690 977 756 τῆς
1007 682 1264 753 ἀνδρείας
1294 692 1397 740 τοῦ
1426 691 1523 756 τῆς
1553 688 1754 750 δειλίας
1780 685 1940 741 ἐλάτ-
1968 727 1971 730 -

248 787 384 820 τονα
410 769 503 821 καὶ
539 766 870 836 σμικρότερα
906 769 999 822 καὶ
1036 765 1312 838 μανότερα
1348 771 1489 837 ἔχων
1525 765 1830 838 ἀμφότερα,
1870 773 1939 838 τῇ
1973 820 1976 824 .

249 852 364 902 τῶν
380 845 654 916 ἡδονῶν”
626 848 882 915 εκάτερος
913 847 1176 918 εκάτερον
1205 843 1590 919 ὑπερβάλλων,
1624 855 1692 920 τῇ
1718 854 1812 917 τῆς
1837 847 1940 901 λύ-

186 938 219 978 D
252 948 357 997 πης
382 928 612 985 ἐκείνων
630 923 1094 998 ὑπερβαλλόντων
1112 927 1335 996 αὐτούς,
1367 929 1397 983 ὁ
1425 931 1527 999 μὲν
1558 928 1827 999 ’ἀνδρεῖος
1838 925 1938 983 τὸν
1972 947 1976 949 ·

249 1008 454 1078 δειλόν,
476 1005 504 1062 ὁ
528 1008 588 1064 δὲ
619 1007 891 1079 φρόνιμος
918 1005 1018 1063 τὸν
1048 1007 1271 1079 ἄφρονα
1299 1025 1549 1080 νικωσιν,
1580 1008 1719 1065 ω’στε
1747 1008 1940 1079 ἡδίους
1974 1060 1976 1064 .

253 1089 398 1146 εἶναι
424 1087 558 1154 τοὺς
591 1094 749 1161 βίους
776 1093 891 1144 τῶν
924 1093 1080 1160 βίων,
1118 1088 1387 1160 σώφρονα
1422 1092 1515 1146 καὶ
1548 1088 1810 1160 ἀνδρεῖον
1846 1091 1939 1145 καὶ
1972 1119 1973 1123 =

168 1183 175 1192 ⁴
249 1170 533 1242 φρόνιμον
551 1171 643 1225 καὶ
662 1167 912 1241 ὑγιεινὸν
930 1174 1119 1226 δειλοῦ
1136 1172 1227 1227 καὶ
1246 1170 1495 1242 ἄφρονος
1512 1173 1603 1228 καὶ
1622 1171 1938 1227 ἀκολάστου

249 1253 341 1308 καὶ
361 1253 666 1320 νοσώδους,
696 1254 788 1309 καὶ
811 1252 1124 1325 ξυλλήβδην
1152 1253 1252 1310 τὸν
1281 1253 1476 1326 ἀρετῆς
1509 1254 1772 1327 ε’χόμενον
1799 1252 1938 1310 κατὰ
1961 1261 1976 1286 *-

248 1340 406 1405 σῶμα
429 1330 465 1405 ἢ
488 1334 734 1391 καὶκατὰ
754 1335 938 1407 ψυχὴν
963 1342 1064 1392 τοῦ
1087 1342 1183 1406 τῆς
1199 1344 1505 1408 μοχθηρίας
1529 1339 1793 1408 ἐχομένου
1811 1341 1939 1408 βίου

247 1415 386 1488 ἡδίω
404 1440 463 1474 τε
483 1417 624 1473 εἶναι
643 1420 865 1483 καὶτοῖς
881 1417 1070 1482 ἄλλοις
1100 1416 1389 1489 ὑπερέχειν
1420 1421 1481 1475 ἐκ
1509 1425 1770 1489 περιττοῦ
1799 1419 1938 1473 κάλ-

250 1505 332 1554 λει
351 1500 444 1555 καὶ
462 1497 727 1570 ὀρθότητι
751 1501 844 1555 καὶ
864 1497 1032 1572 ἀρετῇ
1053 1503 1145 1556 καὶ
1175 1498 1414 1574 εὐδοξίᾳ,
1446 1498 1585 1556 ὥστε
1613 1498 1714 1556 τὸν
1744 1505 1938 1569 ἔχοντα

183 1592 217 1632 E
247 1579 423 1636 αὐτὸν
462 1586 576 1652 ζῇν
593 1579 1085 1654 ευδαιμονέστερον
1115 1582 1526 1655 ἀπεργάζεσθαι
1553 1588 1654 1638 τοῦ
1683 1583 1938 1637 ἐναντίου

248 1684 323 1736 τω
346 1664 513 1717 παντὶ
533 1665 624 1718 καὶ
644 1660 773 1736 όλςο.

388 1747 494 1798 vll.
532 1745 642 1800 Καὶ
660 1743 724 1800 τὰ
742 1767 844 1815 μεν
862 1749 1157 1816 προοίμιον
1184 1766 1300 1801 των
1328 1745 1522 1816 νόμων
1552 1747 1825 1802 ἐνταυθοῖ
1846 1715 1938 1798 λε-

247 1825 390 1896 χθεν
406 1824 522 1880 τῶν
541 1825 725 1895 λόγων
738 1830 890 1891 τέλος
919 1828 1097 1896 ἐχέτω,
1118 1847 1253 1896 μετα
1278 1827 1351 1882 δε
1365 1826 1426 1881 τὸ
1449 1831 1742 1898 προοίμιον
1763 1823 1940 1894 ἀναγ-

247 1908 411 1964 καῖόν
438 1927 550 1963 που
581 1908 759 1979 νόμον
791 1910 1043 1980 ἕπεσθαι,
1075 1915 1288 1979 μᾶλλον
1319 1909 1377 1965 δὲ
1404 1909 1469 1966 τό
1497 1930 1560 1979 γε
1598 1907 1804 1979 ἀληθὲς
1837 1907 1939 1962 νό-

249 2011 388 2061 μους
410 1995 686 2055 πολιτείας
705 1988 1071 2062 ὑπογράφειν.
1107 1991 1363 2060 καθάπερ
1391 1985 1496 2047 οὖν
1516 1990 1584 2062 δή
1615 2013 1738 2046 τινα
1768 1993 1939 2055 ξυνυ-

252 2073 372 2176 φῆν
392 2069 428 2142 ἦ
447 2073 540 2128 καὶ
560 2071 760 2143 πλέγμ’
782 2071 906 2129 ἀλλ’
929 2070 1138 2143 ὁτιουν,
1160 2071 1264 2129 οὐκ
1288 2076 1348 2129 ἐκ
1373 2078 1489 2128 τῶν
1519 2071 1708 2141 αὐτῶν
1735 2067 1856 2127 οἷόν
1884 2067 1934 2125 τ’
1966 2143 1976 2150 ..

247 2155 362 2209 ε’στὶ
380 2153 482 2223 τήν
492 2176 551 2210 τε
563 2153 790 2226 ἐφυφὴν
807 2155 900 2211 καὶ
925 2153 1025 2211 τὸν
1043 2153 1289 2227 στήμονα
1307 2152 1731 2226 ἀπεργάζεσθαι,
1754 2154 1938 2249 διαφέ-

250 2255 370 2303 ρειν
396 2233 452 2290 δ’
476 2235 782 2307 ἀναγκαῖον
799 2236 859 2294 τὸ
891 2259 1005 2293 των
1032 2237 1332 2309 στημόνων
1352 2235 1493 2309 πρὸς
1522 2234 1726 2307 ἀρετὴν
1748 2220 1935 2307 γένος·
1974 2245 1976 2247 ’

134 2326 219 2372 735
250 2317 481 2416 ἰσχυρόν
495 2338 554 2372 τε
571 2316 678 2388 γὰρ
699 2322 796 2372 καί
809 2340 932 2373 τινα
951 2319 1278 2390 βεβαιότητα
1305 2322 1368 2376 ἐν
1394 2329 1509 2383 τοῖς
1535 2317 1758 2388 τρόποις
1789 2323 1939 2387 εἰλη-

249 2398 375 2469 φός,
393 2395 455 2453 τὸ
479 2401 538 2454 δε
558 2398 954 2468 μαλακώτερον
972 2402 1065 2454 και
1093 2403 1354 2471 ἐπιεικεία
1381 2402 1488 2454 τινὶ
1510 2402 1696 2470 δικαία
1724 2398 1939 2468 χρώμε-

250 2497 381 2535 νον·
418 2478 560 2536 ὅθεν
580 2478 646 2552 δὴ
666 2501 798 2546 τους
815 2479 1057 2551 μεγάλας
1076 2477 1245 2575 ἀρχὰς
1263 2482 1324 2533 ἐν
1350 2489 1468 2543 ταῖς
1485 2478 1715 2534 πόλεσιν
1735 2477 1937 2550 ἄρξον·
1953 2521 1965 2533 .

241 2583 347 2626 τας
367 2565 456 2618 δει
470 2555 858 2630 διακρίνεσθαί
867 2582 990 2617 τινα
1008 2560 1223 2658 τρόπον
1249 2560 1424 2633 ταύτῃ
1453 2561 1545 2616 καὶ
1572 2557 1705 2624 τοὺς
1735 2565 1940 2659 σμικρά

227 2645 472 2698 παιδεία
500 2646 943 2715 βασανισθέντας
961 2641 1219 2697 ἑκάστοτε
1247 2640 1386 2698 κατὰ
1412 2641 1612 2711 λόγον·
1651 2642 1810 2698 ἐστὸν
1830 2638 1936 2712 γὰρ

247 2723 313 2796 δὴ
328 2723 430 2780 δύο
444 2732 722 2791 πολιτείας
742 2729 878 2796 εἴδη,
888 2722 949 2780 τὸ
971 2725 1072 2794 μὲν
1089 2721 1274 2794 ἀρχῶν
1292 2724 1650 2788 καταστάσεις
1671 2723 1936 2794 ἑκάστοις,

242 2806 305 2863 τὸ
328 2809 388 2863 δὲ
404 2807 570 2878 νόμοι
588 2820 704 2874 ταῖς
724 2807 913 2879 ἀρχαῖς
931 2806 1323 2871 ἀποδοθέντες.
1397 2807 1455 2862 τό
1491 2805 1551 2862 δὲ
1581 2804 1689 2875 πρὸ
1722 2805 1936 2862 τούτων
