1976 3172
259 104 364 156 260
881 109 1357 158 ΠΛΑΤΩΝΟΣ

201 252 231 294 c
265 245 439 298 δὲκαὶ
470 247 714 313 αἰσχρῶν
742 248 1002 312 αἴσχιστα.
1037 239 1102 296 τὸ
1138 238 1190 296 δ’
1221 248 1399 297 αἴτιον
1428 236 1523 313 ἀρ’
1555 241 1624 298 οὐ
1642 244 1791 300 τοῦτ’
1817 249 1947 318 ἐστί,

258 323 321 381 τὸ
343 328 553 397 μηδένα
572 325 751 389 ἄλλως
763 326 943 395 λέγειν
955 321 1113 392 αὐτά,
1134 321 1250 379 ἀλλ’
1270 321 1447 388 εὐθὺς
1465 325 1772 396 γενόμενον
1791 325 1950 398 ἡμῶν

260 409 497 462 ἕκαστον
521 404 754 462 ἀκούειν
787 425 846 460 τε
878 405 1159 475 λεγόντων
1191 403 1277 460 ἀεὶ
1314 407 1405 461 καὶ
1434 414 1718 478 πανταχοῦ
1756 413 1957 478 ταῦτα,

261 490 323 545 ἐν
341 492 575 558 γελοίοις
593 509 652 543 τε
670 485 784 557 ἅμα
814 488 874 542 ἐν
903 487 1052 558 πάσῃ
1080 508 1139 541 τε
1171 490 1387 559 σπουδῇ
1416 492 1650 562 τ’ραγικῇ
1680 487 1950 560 λεγόμενα

262 567 601 637 πολλάκις,“”
566 590 704 624 οταν
722 563 759 638 ἢ
786 566 1082 632 &vim-069³
1058 567 1095 639 ή
1121 589 1274 632 τινας
1306 572 1606 635 Οἰδίποδας
1635 570 1948 640 εἰσάγωσιν,

260 644 296 720 ἦ
291 647 625 721 ’Μακαρέας
639 646 792 714 τινάς
815 646 1080 720 ἀδελφαῖς
1094 651 1392 720 μιχθέντας
1415 654 1713 722 λαθραίως,
1735 649 1952 722 ὀφθέν-

261 751 358 795 τας
394 730 456 785 δὲ
493 733 720 801 ἑτοίμως
763 731 1014 796 θάνατον
1051 728 1239 796 αὐτοῖς
1273 733 1617 796 ἐπιτιθέντας
1660 736 1821 803 δίκην
1855 739 1953 803 τῆς

263 806 558 881 ἁμαρτίας-ς
1595 860 1599 865 .

403 895 535 945 ΜΕ.
566 887 875 960 Ὀρθότατα
896 855 1086 958 λέγεις
1120 891 1186 944 τό
1221 912 1285 959 γε
1320 898 1607 962 τοσοῦτον,
1645 891 1731 949 ὅτι
1762 893 1822 949 τὸ
1858 900 1954 965 τῆς

202 980 237 1020 D
267 970 453 1042 φήμης
473 967 809 1041 θαυμαστήν
827 990 950 1025 τινα
969 970 1215 1040 δύναμιν
1233 969 1504 1042 εἴληχεν,’
1485 969 1620 1026 όταν
1639 976 1825 1042 μηδεὶς
1848 997 1955 1046 μη-

245 1054 450 1123 -δαμῶς
471 1050 650 1116 άλλως
669 1048 937 1123 ἀναπνεῖν
966 1049 1282 1123 ἐπιχειρήσῃ
1314 1052 1444 1106 ποτὲ
1467 1049 1616 1121 παρὰ
1638 1051 1740 1107 τὸν
1759 1053 1954 1124 νόμον.

400 1137 509 1188 VII.
550 1138 666 1189 ΑΘ.
711 1129 943 1189 Οὐκοῦν
962 1129 1147 1203 ὀρθὸν
1163 1132 1225 1187 τὸ
1245 1139 1355 1188 νῦν
1376 1133 1443 1203 δὴ
1464 1134 1659 1205 ῥηθέν,
1681 1132 1766 1189 ὅτι
1783 1156 1957 1206 νομο-

218 1281 230 1285 „
259 1219 399 1288 θέτῃ
426 1219 751 1290 βουλομένῳ
782 1213 906 1271 τινὰ
938 1217 1243 1286 ἐπιθυμίαν
1273 1214 1670 1271 δουλώσασθαι
1699 1223 1812 1273 τῶν
1834 1221 1958 1273 δια-

266 1297 550 1369 φερόντως
570 1297 701 1363 τούς
731 1296 1074 1369 ἀνθρώπους
1099 1300 1496 1368 δουλουμένων
1526 1299 1725 1371 ρ”άδιον
1745 1303 1963 1370 γνῶναί

261 1402 325 1450 γε
358 1378 551 1436 ὅντινα
587 1379 797 1451 τρόπον
826 1378 1142 1450 χειρώσαιτ’
1183 1379 1278 1434 ἄν·
1329 1378 1413 1435 ὅτι
1440 1381 1790 1451 καθιερώσας
1816 1382 1956 1438 ταύ-

261 1483 366 1533 την
386 1459 489 1532 τὴν
507 1460 700 1532 φήμην
721 1459 870 1532 παρὰ
901 1465 1036 1515 πᾶσι
1067 1457 1287 1525 δούλοις
1315 1481 1374 1515 τε
1402 1462 1495 1516 καὶ
1521 1463 1840 1533 ἐλευθέροις
1867 1466 1956 1519 καὶ

263 1544 418 1597 παισὶ
448 1545 540 1598 καὶ
572 1544 790 1612 γυναιξὶ
827 1543 918 1596 καὶ
948 1540 1049 1613 ὅλῃ
1082 1546 1150 1612 τῇ
1178 1540 1338 1596 πόλει
1365 1540 1503 1596 κατὰ
1533 1540 1599 1596 τὰ
1632 1539 1773 1597 αὐτὰ
1810 1543 1956 1599 οὕτω

196 1638 229 1679 Ε
262 1623 323 1678 τὸ
369 1622 733 1695 βεβαιότατον
779 1622 1217 1694 ἀπειργασμένος
1262 1625 1413 1678 ἔσται
1460 1623 1584 1693 περὶ
1618 1629 1820 1680 τοῦτον
1859 1623 1959 1680 τὸν

267 1704 460 1775 νόμον.
1220 1698 1227 1703 ’

406 1791 535 1840 ΜΕ.
570 1785 736 1858 Πάνυ
762 1789 865 1857 μὲν
884 1806 1016 1840 ουν·
1055 1803 1172 1849 πως
1193 1786 1253 1840 δὲ
1269 1778 1344 1839 αὖ
1369 1784 1429 1840 τὸ
1451 1792 1707 1842 τοιοῦτον
1725 1788 1958 1845 ἐθέλον-

265 1889 360 1932 τας
380 1869 560 1937 λέγειν
580 1866 789 1931 πάντας
813 1864 1057 1922 δυνατὸν
1076 1869 1225 1921 ἔσται
1245 1865 1376 1922 ποτὲ
1394 1879 1722 1967 παρασχεῖν·
1709 1910 1723 1935 ,

408 1954 527 2005 ΑΘ.
562 1952 763 2013 Καλως
790 1944 1091 2019 υπέλαβες·
1131 1944 1266 2002 αυτὸ
1297 1945 1405 2018 γὰρ
1433 1955 1597 2005 τοῦτο
1627 1943 1700 2020 ἦν
1727 1947 1789 2004 τὰ
1821 1947 1954 2021 παρ’

267 2031 406 2100 ἐμοῦ
441 2029 670 2099 λεχθέν,
711 2026 797 2085 ὅτι
842 2032 1040 2100 τέχνην
1078 2027 1186 2099 ε’γω
1227 2028 1367 2102 πρὸς
1403 2036 1606 2086 τοῦτον
1643 2029 1746 2086 τὸν
1780 2030 1958 2103 νόμον

266 2114 439 2181 ἔχοιμι
456 2116 558 2166 τοῦ
578 2110 718 2167 κατὰ
738 2111 913 2182 φύσιν
940 2116 1182 2182 χρῆσθαι
1211 2118 1280 2184 τῇ
1311 2116 1407 2182 τῆς
1433 2116 1791 2183 παιδογονίας
1820 2129 1959 2169 συν-

269 2198 451 2264 ουσίᾳ,
470 2199 575 2248 τοῦ
592 2191 694 2264 μὲν
714 2194 950 2266 ἄρρενος
970 2192 1347 2264 ἀπεχομένους
1365 2192 1439 2265 μὴ
1462 2195 1782 2261 κτείνοντάς
1808 2217 1866 2251 τε
1897 2200 1956 2252 ἐκ

266 2278 531 2343 προνοίας
553 2273 614 2329 τὸ
638 2283 750 2330 τῶν
770 2274 1097 2346 ἀνθρώπων
1116 2279 1292 2348 γένος,
1314 2275 1448 2347 μηδ’
1471 2281 1548 2341 εἰς
1569 2280 1770 2348 πέτρας
1790 2299 1847 2333 τε
1867 2280 1958 2332 καὶ

149 2374 237 2420 839
268 2358 467 2418 λίθους
488 2361 830 2426 σπείροντας,
854 2350 926 2411 οὗ
948 2357 1159 2458 μήποτε
1179 2357 1355 2427 φύσιν
1385 2356 1487 2427 τὴν
1516 2355 1695 2412 αὑτοῦ
1721 2356 1957 2429 ῥιζωθὲν

265 2435 494 2507 λήψεται
511 2435 764 2507 γόνιμον,
785 2435 1158 2507 ἀπεχομένους
1177 2440 1236 2492 δὲ
1254 2436 1502 2508 ἀρούρας
1520 2442 1748 2508 θηλείας
1759 2439 1954 2509 πάσης,

266 2519 327 2572 ἐν
356 2538 393 2588 η
423 2514 496 2588 μὴ
527 2515 800 2588 βούλοιο’
776 2517 848 2573 άν
877 2535 965 2574 σοι
998 2518 1247 2590 φύεσθαι
1275 2518 1335 2574 τὸ
1370 2522 1595 2591 σπαρέν.
1631 2517 1660 2575 ὁ
1691 2517 1756 2590 δὴ
1788 2521 1957 2591 νόμος

267 2590 430 2662 οὗτος
450 2597 705 2671 διηνεκὴς
719 2601 821 2671 μὲν
835 2602 1130 2673 γενόμενος
1150 2599 1263 2673 άμα
1282 2603 1372 2657 και
1384 2603 1677 2674 κρατήσας,
1699 2601 1954 2678 καθάπερ

265 2686 375 2734 νῦν
394 2681 519 2751 περὶ
538 2679 634 2745 τάς
663 2703 775 2738 των
805 2685 1019 2753 γονέων
1051 2687 1333 2788 συμμίξεις
1354 2695 1555 2756 κρατεῖ,
1582 2682 1683 2740 ἐὰν
1711 2685 1802 2740 καὶ
1831 2685 1955 2755 περὶ

264 2782 360 2826 τας
381 2759 550 2828 ἄλλας
566 2764 767 2837 νικήσῃ
782 2769 1020 2839 δικαίως,
1041 2771 1211 2839 μυρία
1231 2764 1419 2838 ἀγαθοὶ
1450 2771 1570 2838 ἔχει.
1615 2764 1754 2822 κατὰ
1776 2764 1953 2836 φύσιν
