1976 3172
229 141 335 194 250
822 136 1308 187 ΠΛΑΤΩΝΟΣ

227 297 348 340 νοις
367 278 603 346 βέλεσιν,
629 272 778 336 ὅπως
795 271 869 343 μὴ
888 271 1240 327 παντάπασιν
1265 272 1481 342 ἄφοβος
1509 271 1544 344 ἡ
1576 273 1716 344 πρὸς
1743 271 1908 345 ἀλλή-

227 363 362 421 λους
378 361 630 427 γίγνηται
648 353 856 423 παιδιά,
879 356 1104 424 δείματα
1124 354 1182 409 δὲ
1201 357 1411 426 παρέχῃ
1429 358 1529 409 καί
1550 376 1675 410 τινα
1702 355 1915 423 τρόπον

227 442 391 509 δηλοῖ
400 436 502 492 τόν
521 457 579 492 τε
599 433 850 505 εὔψυχον
873 432 1085 490 καὶτὸν
1105 433 1200 505 μή,
1220 435 1309 490 καὶ
1338 446 1451 499 τοῖς
1474 434 1577 505 μὲν
1603 436 1781 506 τιμάς,
1800 449 1915 503 τοῖς
1969 502 1976 506 ,

110 537 197 583 831
232 521 293 574 δὲ
325 521 419 574 καὶ
452 516 666 587 ἀτιμίας
694 517 971 586 διανέμων
999 513 1188 586 ὀρθῶς
1216 515 1318 585 τὴν
1345 516 1510 571 πόλιν
1542 515 1680 589 ὅλην
1709 523 1786 584 εἰς
1814 516 1916 574 τὸν
1971 518 1976 573 Ῑ

229 596 507 671 ἀληθινὸν
526 594 715 668 ἀγῶνα
736 594 827 651 διὰ
846 600 974 667 βίου
992 596 1379 668 παρασκευάζῃ
1398 603 1693 670 χρησίμην·
1733 601 1825 656 καὶ
1845 598 1912 671 δὴ
1974 602 1976 658 ἶ

225 685 324 737 καί
353 701 501 744 τινος
538 676 928 741 ἀποθανόντος
964 675 1160 747 οὕτως,
1191 676 1265 742 ῶς
1291 677 1562 736 ἀκουσίου
1596 687 1698 738 τοῦ
1732 682 1915 752 φόνου
1974 687 1976 698 ²

225 765 552 833 γενομένου,
581 767 716 831 τιθῇ
748 760 848 815 τὸν
881 758 1281 815 ἀποκτείναντα
1312 760 1451 816 κατὰ
1479 761 1656 832 νόμον
1691 770 1913 832 καθαρ-

225 844 402 898 θέντα
437 839 698 910 καθαρὸν
724 839 862 895 εἶναι
894 852 1093 910 χεῖρας,
1120 838 1432 911 ἡγούμενος
1459 839 1782 914 ἀνθρώπων
1809 842 1911 913 μὲν

224 922 680 993 τελευτησάντων
699 919 773 991 μὴ
794 925 1022 975 πολλῶν
1039 921 1260 990 ἑτέρους
1278 923 1448 977 πάλιν
1465 922 1534 978 οὐ
1551 930 1767 994 χείρους
1795 926 1910 996 φύ-

225 1013 446 1074 σεσθαι,
468 1002 655 1075 φόβου
675 1002 735 1058 δὲ
754 995 874 1058 οἷον
892 1002 1319 1073 τελευτήσαντος
1337 1005 1399 1058 ἐν
1425 1007 1561 1060 πᾶσι
1586 1017 1701 1069 τοῖς
1725 1007 1914 1061 τοιού-

223 1109 338 1152 τοις
355 1087 611 1159 βάσανον
631 1083 734 1156 οὐχ
754 1082 1013 1157 εὑρήσειν
1042 1091 1158 1141 τῶν
1183 1106 1242 1140 τε
1271 1082 1586 1156 ἀμεινόνων
1612 1087 1704 1142 καὶ
1730 1087 1914 1157 χειρό-

83 1199 86 1201 >
159 1188 191 1228 Β
223 1191 359 1240 νων,
382 1166 454 1223 οὐ
473 1173 690 1241 σμικρῷ
708 1166 865 1223 πόλει
883 1170 1067 1237 μεῖζον
1083 1164 1260 1222 κακὸν
1279 1169 1513 1226 ἐκείνου.

364 1254 483 1306 ΚΛ.
515 1252 846 1320 Ξυμφαῖμεν
867 1246 940 1305 ἂν
955 1246 1108 1320 ἡμεῖς
1125 1270 1206 1320 γε,
1229 1243 1275 1304 ῶ
1293 1253 1430 1320 ξένε,
1448 1248 1517 1306 τὰ
1539 1255 1764 1306 τοιαῦτα
1795 1253 1913 1306 δεῖν

222 1333 315 1387 καὶ
334 1339 667 1401 νομοθετεῖν
682 1332 774 1386 καὶ
792 1330 1134 1400 ἐπιτηδεύειν
1152 1330 1318 1386 πόλιν
1336 1328 1573 1386 ἅπασαν.

361 1417 447 1467 ΙΠ.
482 1419 598 1468 ΑΘ.
630 1406 745 1482 Ἆρ’
780 1406 887 1466 οὖν
916 1406 1296 1480 γιγνώσκομεν
1325 1410 1562 1476 ἅπαντες
1580 1411 1682 1481 τὴν
1713 1416 1910 1481 αἰτίαν,

222 1495 362 1550 διότι
380 1495 512 1550 ποτὲ
528 1499 639 1548 νῦν
658 1495 719 1547 ἐν
742 1503 858 1555 ταῖς
877 1492 1105 1547 πόλεσιν
1132 1489 1166 1562 ἡ
1186 1491 1410 1562 τοιαύτη
1440 1497 1627 1561 χορεία
1653 1493 1744 1546 καὶ
1762 1490 1912 1560 ἀγω-

222 1580 316 1631 νία
335 1573 533 1646 σχεδὸν
553 1573 772 1646 οὐδαμῇ
795 1569 1056 1643 οὐδαμῶς
1075 1574 1242 1642 ἐστίν,
1263 1573 1404 1643 εἰμὴ
1423 1572 1576 1627 πάνυ
1603 1593 1682 1635 τις
1712 1572 1881 1643 μικρά
1893 1595 1910 1638 ;

219 1652 257 1727 ἢ
276 1661 473 1727 φῶμεν
495 1653 568 1711 δι’
592 1652 844 1725 ἀμαθίαν
863 1661 977 1710 τῶν
1006 1660 1230 1710 πολλῶν
1258 1656 1349 1710 καὶ
1377 1661 1492 1709 τῶν
1511 1657 1783 1710 τιθέντων
1802 1654 1909 1709 αὐ-

220 1749 335 1804 τοῖς
356 1737 489 1803 τοὺς
507 1739 767 1809 νόμους;,

361 1825 480 1875 ΚΛ.
526 1819 660 1890 Τάχ’
683 1818 768 1874 ἄν.

361 1907 482 1957 ΛΘ.
524 1899 820 1973 Οὐδαμῶς,
850 1895 895 1956 ὦ
914 1899 1148 1972 μακάριε
1165 1903 1418 1957 Κλεινία·
1450 1897 1553 1954 δύο
1575 1898 1635 1953 δὲ
1662 1896 1764 1968 χρὴ
1794 1899 1909 1968 φά-

222 2003 316 2038 ναι
334 1983 551 2039 τούτων
570 1988 746 2048 αἰτίας
765 1981 922 2054 εἶναι,
942 1985 1034 2039 καὶ
1053 1981 1200 2053 μάλα
1227 1981 1434 2046 ἱκανάς.

160 2087 195 2129 c
361 2070 482 2121 KA.
519 2070 718 2131 Ποίας;

361 2154 478 2203 ΑΘ.
524 2148 642 2219 Τὴν
673 2150 794 2219 μέν,
822 2145 921 2203 ὑπ’
963 2152 1166 2215 ἔρωτος
1202 2144 1451 2202 πλούτου
1484 2143 1667 2199 πάντα
1700 2142 1908 2213 χρόνον

220 2227 463 2298 ἄσχολον
499 2235 799 2295 ποιοῦντος
835 2235 951 2286 τῶν
989 2228 1176 2284 ἄλλων
1213 2231 1589 2300 ἐπιμελεῖσθαι
1624 2224 1773 2297 πλὴν
1796 2232 1909 2281 τῶν

219 2311 378 2364 ἰδίων
405 2311 716 2380 κτημάτων,
754 2314 810 2376 ἐξ
847 2304 928 2366 ὧν
963 2313 1277 2381 κρεμαμένη
1307 2315 1458 2365 πᾶσα
1493 2307 1640 2378 ψηὴ
1677 2311 1906 2362 πολίτου

217 2388 429 2456 παντὸς
447 2389 554 2446 οὐκ
573 2390 647 2447 ἄν
665 2404 798 2446 ποτε
819 2393 1048 2446 δύναιτο
1066 2399 1178 2446 τῶν
1197 2390 1384 2451 ἄλλων
1403 2391 1714 2458 ἐπιμέλειαν
1737 2393 1908 2454 ἴσχειν

180 2515 184 2519 ,
216 2469 366 2543 πλὴν
384 2478 487 2528 τοῦ
502 2470 636 2528 καθ’
661 2471 873 2543 ἡμέραν
902 2475 1161 2541 κέρδους·
1198 2472 1290 2525 καὶ
1318 2467 1349 2524 ὅ
1370 2490 1422 2524 τι
1449 2468 1551 2539 μὲν
1574 2463 1713 2535 πρὸς
1739 2471 1904 2540 τοῦτο

218 2556 378 2624 φέρει
399 2551 636 2625 μάθημα
653 2550 690 2625 ἢ
719 2555 812 2610 καὶ
840 2551 1192 2623 ἐπιτήδευμα,
1224 2554 1337 2623 ἰδίᾳ
1365 2555 1474 2615 ποῖς
1502 2547 1818 2620 μανθάνειν
1848 2568 1908 2602 τε

217 2637 310 2691 καὶ
349 2633 540 2691 ἀσκεῖν
577 2635 928 2707 ἑτοιμότατός
973 2637 1103 2706 ἐστι,
1139 2641 1252 2690 τῶν
1296 2637 1356 2690 δὲ
1390 2632 1577 2689 ἄλλων
1614 2636 1907 2703 καταγελᾷ.

215 2721 383 2772 τοῦτο
406 2719 510 2788 μὲν
530 2721 594 2774 ἓν
613 2720 705 2774 καὶ
723 2717 932 2789 ταύτην
954 2722 1088 2789 μίαν
1106 2721 1286 2772 αἰτίαν
1314 2714 1414 2786 χρὴ
1438 2715 1614 2786 φάναι
1641 2719 1744 2769 τοῦ
1770 2712 1907 2783 μήτε

157 2816 193 2857 D
221 2803 388 2855 τοῦτο
408 2797 525 2872 μήτ’
548 2799 683 2857 ἄλλο
702 2799 877 2872 μηδὲν
895 2798 1069 2857 καλὸν
1078 2796 1338 2870 κάγαθὸν
1350 2800 1564 2854 ἐθέλειν
1575 2795 1907 2867 ἐπιτήδευμα
