1976 3172
659 146 984 197 NOMszN
1011 140 1073 210 γ’
1131 188 1134 191 .
1528 216 1539 231 ι
1647 143 1718 196 85

0 296 216 343 νεῖται.
264 288 437 339 ταῦτα
458 282 564 354 μὲν
580 273 702 351 οὖν,
723 278 981 347 καθάπερ
1002 285 1228 349 εἴπομεν
1256 277 1397 350 ἄρτι,
1421 282 1718 350 λελεγμένα

0 362 248 439 ξτεθήτω
271 364 462 436 ταύτῃ.

0 442 1 466 ³
171 452 289 502 KA.
329 449 557 501 Κείσθω
575 437 685 514 γὰρ
705 434 826 497 οὖν.

170 531 230 582 Χ.
269 530 388 581 ΑΘ.
411 522 715 593 Ἀρχοντας
745 524 805 579 δὲ
826 521 893 593 δὴ
925 522 1016 578 καὶ
1045 519 1387 592 ἀρχομένους
1413 518 1719 589 ἀναγκαῖον

30 613 91 666 έν
109 621 228 674 ταῖς
249 606 480 662 πόλεσιν
498 602 644 660 εἶναι’
668 623 796 660 που.

170 693 288 744 ΚΛ.
331 691 402 741 Τι’
414 684 555 756 μήν;
589 691 593 693 ’

168 775 287 825 ΑΘ.
323 765 483 824 Εἶεν·
524 763 805 864 ἆξιαξματα
830 766 891 823 δὲ
909 766 977 838 δὴ
996 772 1100 823 τοῦ
1119 787 1178 821 τε
1209 763 1399 836 ἄρχειν
1429 766 1521 820 καὶ
1551 765 1717 836 α’ρχε-
1749 784 1835 828 690
1918 757 1922 762 ’

0 820 167 946 ξσθαι
181 849 312 907 ποῖά
330 851 446 905 ἐστι
470 850 563 904 καὶ
581 847 744 919 πόσα,
775 851 838 904 ἔν
867 870 926 904 τε
955 847 1151 925 πόλεσι
1181 845 1444 917 μεγάλαις
1471 847 1564 918 καὶ
1594 862 1720 917 σμι-

0 944 183 1013 μεραῑς
200 935 265 988 ἔν
279 952 340 987 τε
358 934 555 996 οἰκίαις
574 928 868 998 ὦσαύτως;
889 924 981 1002 αρ’
1005 927 1128 1000 οὐχὶ
1149 931 1210 985 ἓν
1228 950 1331 1000 μεν
1350 927 1416 984 τό
1436 949 1494 984 τε
1514 926 1721 1028 πατρὸς
1753 982 1758 987 .

2 1018 119 1071 διαὶ
144 1013 367 1086 μητρός,
388 1015 479 1069 καὶ
498 1010 643 1077 ὅλως
658 1014 859 1083 γονέας
886 1010 1183 1084 έκγόνων’
1159 1011 1350 1083 α’ρχειν
1380 1008 1589 1081 αξίωμα
1621 1007 1720 1082 ὄρ-

0 1094 143 1192 ἵθόν
156 1101 439 1165 πανταχοῦ
458 1115 531 1149 αν
560 1100 672 1163 εἴης

169 1181 291 1232 ΚΛ.
322 1177 434 1231 Καὶ
452 1174 618 1245 μάλα.

168 1262 286 1312 ΛΘ.
330 1255 523 1311 Τούτω
544 1258 611 1310 δέ
621 1275 686 1324 γε
713 1254 988 1324 ἑπόμενον
1015 1260 1308 1325 γενναίους
1335 1239 1592 1325 ἀγεννων
1613 1254 1720 1325 ἄρ-

25 1356 171 1409 χειν·
201 1339 295 1392 καὶ
322 1340 512 1404 τρίτον
537 1338 617 1389 ἔτι
645 1332 862 1398 τούτοις
887 1337 1176 1400 ξυνέπεται
1210 1334 1272 1391 τὸ
1308 1339 1719 1407 πρεσβυτέρους

6 1424 15 1471 ἰ
25 1415 185 1488 μὲν
146 1437 340 1487 αρχειν
358 1419 495 1485 δεῖν,
515 1417 820 1486 νεωτέρους
837 1418 899 1472 δὲ
917 1415 1205 1488 αρχεσθαι.

164 1502 285 1554 ΚΛ.
329 1502 399 1553 Τί
410 1495 549 1569 μήν;

8 1665 123 1725 ξτας
142 1658 203 1715 δὲ
220 1656 426 1731 ἄρχειν.

95 1784 98 1787 -
170 1746 292 1799 KA.
324 1747 458 1807 Πῶς
481 1741 591 1814 γὰρ
614 1741 710 1819 οὕς

168 1829 287 1879 ΑΘ.
321 1827 588 1895 Πέμπτον
612 1846 694 1896 γε,
724 1822 892 1897 οἶμαι,
921 1824 1023 1881 τὸν
1052 1830 1341 1898 κρείττονα
1370 1830 1474 1899 μὲν
1508 1827 1715 1898 ἄρχειν,

25 1900 289 1975 τὸνῆττω
309 1905 370 1962 δὲ
389 1903 677 1976 ἄρχεσθαι.

164 1991 286 2043 ΚΛ.
320 1986 499 2044 Μάλα
515 2009 579 2058 γε
597 1985 910 2058 ἀναγκαίαν
927 1985 1105 2059 ἀρχὴν
1123 1996 1358 2060 εἴρηκας.

164 2073 284 2122 ΑΘ.
320 2070 432 2124 Καὶ
465 2073 728 2140 πλείστην
753 2090 819 2139 γε
856 2070 919 2124 έν
947 2067 1189 2139 ξύμπασι
1215 2081 1328 2136 τοῖς
1356 2070 1510 2138 ζώοις
1538 2064 1718 2127 οὖσαν

26 2147 119 2202 καὶ
136 2145 277 2203 κατὰ
295 2148 490 2219 φύσιν,
510 2146 587 2215 ὥς
606 2147 636 2206 ὁ
654 2154 897 2221 Θηβαῖος
927 2154 1033 2221 ἔφη
1061 2149 1192 2207 ποτὲ
1226 2155 1519 2226 Πίνδαρος.
1564 2151 1627 2207 τὸ
1659 2153 1717 2208 δὲ

95 2331 131 2364 ν
148 2308 250 2366 τὸν
277 2307 687 2383 ἀνεπιστήμονα
710 2317 968 2383 κελεῦον,
1001 2310 1102 2370 τὸν
1132 2316 1194 2370 δὲ
1222 2322 1547 2386 φρονοῦντα
1567 2312 1719 2387 ἡγεῖ-

17 2395 169 2449 wat
189 2411 249 2446 τε
271 2394 366 2447 καὶ
396 2412 600 2463 αρχειν.
637 2397 737 2449 καί
757 2414 844 2450 τοι
873 2392 1039 2451 τοῦτό
1064 2416 1144 2466 γε,
1177 2417 1219 2451 ω
1246 2400 1494 2468 Πίνδαρε
1525 2395 1718 2468 σοφώ-

30 2486 174 2542 van,
191 2472 390 2544 σχεδὸν
407 2470 513 2531 οὐκ
533 2496 605 2531 αν
625 2494 777 2546 παρα
798 2475 974 2547 φύσιν
1000 2480 1173 2549 ἔγωγε
1202 2483 1375 2550 φαίην
1402 2483 1716 2550 γίγνεσθαι,

17 2569 173 2606 κατα
201 2553 372 2622 φύσιν
412 2554 475 2612 δὲ
505 2554 611 2630 τὴν
639 2564 744 2615 τοῦ
774 2558 954 2631 νόμου
990 2559 1232 2618 ἑκόντων
1267 2558 1444 2634 ἀρχὴν
1481 2559 1718 2618 ἀλλὀὐ

18 2655 27 2686 ι
33 2634 221 2704 βίαιον
240 2648 744 2706 πεφυκυῖαν..

18 2750 21 2759 1
174 2719 295 2771 ΚΛ
327 2712 632 2791 Ὀρθότατα
651 2723 839 2794 λέγεις.

175 2803 295 2853 ΑΘ.
334 2803 577 2876 Θεοφιλῇ
602 2806 669 2861 δέ
691 2827 756 2877 γε
774 2807 866 2863 καὶ
887 2804 1088 2879 εὐτυχῆ
1118 2829 1242 2864 τινα
1271 2810 1526 2879 λέγοντες
1557 2803 1717 2878 ἑβδό-

165 1585 281 1635 ΑΘ.
325 1579 602 1651 Τέταρτον
621 1575 673 1634 δ’
707 1571 782 1635 αὖ
799 1578 1038 1645 δούλους
1055 1579 1159 1650 μὲν
1190 1577 1476 1652 ἄρχεσθαι,
1510 1579 1715 1636 δεσπό-
1743 1593 1776 1633 Β

25 2229 305 2300 μέγιστον,
324 2226 402 2296 ὥς
426 2233 624 2303 ἔοικεν,
652 2228 865 2302 ἀξίωμα
892 2231 1057 2288 ἕκτον
1086 2229 1159 2288 ἄν
1185 2238 1449 2305 γίγνοιτο,
1481 2235 1717 2290 ἕπεσθαι
1759 2289 1763 2293 ,

1760 2417 1790 2458 C
