1976 3172
655 193 658 196 ’
741 179 1061 230 ΝΟΜΩΝ
1090 177 1150 242 η’.
1678 175 1784 230 267

94 314 356 386 τυχόντος
372 315 688 386 νομοθέτου
704 312 1012 385 γιγνόμενα
1029 310 1132 368 τὸν
1150 317 1311 384 μείζω
1331 314 1546 378 πόλεως
1567 329 1783 384 κοσμη-

18 428 20 441 ·
93 396 584 468 τὴννομοθετεῖν·
642 397 761 452 ἐπεὶ
793 395 886 451 καὶ
923 399 1038 450 τῶν
1072 392 1299 450 ὑδάτων
1333 396 1458 466 πέρι
1493 405 1786 466 γεωργοῖσι
1812 408 1901 454 844

94 482 317 535 παλαιοὶ
332 480 427 535 καὶ
450 480 612 535 καλοὶ
633 477 803 550 νόμοι
826 481 1069 549 κείμενοι
1089 475 1194 532 οὐκ
1223 474 1365 542 ἄξιοι
1393 477 1784 547 παροχετεύειν

18 620 19 625 ,
94 560 298 633 λόγοις,
318 559 443 618 ἀλλ’
470 558 500 617 ὁ
524 561 826 634 βουληθεὶς
841 560 931 615 ἐπὶ
945 557 1047 615 τὸν
1065 556 1242 615 αὑτοῦ
1256 558 1435 614 τόπον
1448 555 1612 628 ἄγειν
1630 556 1784 627 ὕδωρ

18 700 20 710 ,
97 641 275 713 ἀγέτω
293 644 398 715 μὲν
425 641 734 715 ἀρχόμενος
759 643 821 698 ἐκ
848 645 965 698 τοῖν
995 648 1204 698 κοινοῖν
1233 638 1518 712 ναμάτων,
1543 637 1618 711 μὴ
1641 637 1785 695 ὑπο-

18 743 19 748 ’
94 727 312 795 τέμνων
328 722 508 797 πηγὰς
523 723 773 796 φανερὰς
791 722 1018 780 ἰδιώτου
1041 722 1296 795 μηδενός,
1318 715 1355 795 ᾖ
1384 719 1435 778 δ’
1471 717 1544 778 ἄν
1575 719 1785 793 βούλη-

17 837 19 843 2
93 826 182 861 ται
201 806 379 878 ἄγειν,
397 806 547 878 πλὴν
566 804 641 863 δι’
663 810 839 872 οἰκίας
858 802 1082 879 ἦῖεραῖν
1098 811 1273 862 τινοῖν
1289 801 1328 876 ἢ
1352 806 1445 860 καὶ
1463 802 1785 875 μνημάτων,

18 883 21 934 3
94 886 290 959 ἀγέτω,
311 887 387 962 μὴ
409 888 674 962 βλάπτων
691 886 836 960 πλὴν
861 885 1032 960 αὑτῆς
1048 895 1146 960 τῆς
1171 885 1560 959 ὀχεταγωγίας·
1582 883 1787 956 ἀῦδρία

95 972 153 1028 δὲ
172 979 227 1028 εἴ
239 986 349 1027 τισι
373 971 566 1037 τόποις
593 971 878 1043 ξύμφυτος
898 972 958 1026 ἐκ
981 976 1082 1041 γῆς
1110 971 1179 1025 τά
1205 972 1266 1025 ἐκ
1293 967 1434 1033 Διὸς
1461 969 1617 1024 ἰόντα
1643 965 1787 1022 ἀπο-
1815 976 1848 1018 Β

18 1087 21 1103 2
95 1053 276 1123 στέγει
309 1046 530 1124 ύάματα
565 1054 660 1108 καὶ
705 1055 941 1108 ἐλλείπει
975 1058 1090 1107 τῶν
1126 1048 1451 1122 ἀναγκαίων
1488 1048 1783 1120 πωμάτων,

18 1142 20 1148 ’
96 1130 370 1203 ὀρυττέτω
407 1135 512 1206 μὲν
547 1137 611 1191 έν
644 1140 725 1209 τῷ
761 1132 938 1191 αὑτοῦ
960 1138 1142 1209 χωρίῳ
1178 1135 1335 1206 μέχρι
1370 1139 1466 1205 τῆς
1489 1135 1786 1205 κεραμίδος

17 1213 21 1295 ξ
93 1220 211 1283 γῆς,
232 1214 332 1270 ἐὰν
352 1214 404 1271 δ’
438 1218 500 1272 ἐν
518 1216 700 1291 τούτῳ
727 1224 807 1292 τῷ
834 1216 1003 1289 βάθει
1024 1221 1291 1289 μηδαμῶς
1309 1214 1474 1273 ὕδατι
1501 1231 1786 1286 προστυγ-

92 1294 251 1367 χάνῃ,
265 1296 415 1366 παρὰ
432 1303 547 1353 τῶν
563 1298 834 1367 γειτόνων
851 1297 1179 1369 ὑδρευέσθω
1190 1301 1347 1370 μέχρι
1355 1304 1460 1354 τοῦ
1478 1295 1787 1367 ἀναγκαίου

20 1431 21 1434 ,
93 1377 355 1449 πώματος
387 1378 639 1443 ἑκάστοις
672 1384 788 1433 τῶν
823 1383 1082 1435 οἰκετῶν·
1117 1379 1217 1435 ἐὰν
1254 1378 1314 1435 δὲ
1342 1376 1418 1434 δι’
1444 1377 1724 1449 ἀκριβείας
1749 1370 1788 1449 ᾗ

43 1515 61 1525 ,
92 1460 186 1516 καὶ
202 1471 317 1526 τοῖς
342 1466 567 1532 γείτοσι,
597 1460 754 1527 τάξιν
782 1467 879 1533 τῆς
905 1459 1132 1532 ὑδρείας
1159 1462 1464 1533 ταξάμενος
1491 1460 1642 1531 παρὰ
1672 1471 1788 1526 τοῖς

17 1570 21 1622 g
95 1540 447 1615 ἀγρονόμοις,
483 1542 692 1617 ταύτην
726 1541 934 1617 ἡμέρας
975 1544 1205 1618 ἑκάστης
1240 1543 1602 1616 κομιζόμενος
1640 1541 1788 1599 οὕτω
1827 1556 1861 1620 'C

20 1640 21 1643 ’
95 1634 431 1685 κοινωνείτω
458 1639 572 1695 τοῖς
595 1634 838 1700 γείτοσιν
866 1628 1082 1694 ὕδατος.
1123 1627 1223 1684 ἐὰν
1252 1628 1312 1684 δὲ
1349 1630 1410 1684 ἐκ
1444 1625 1585 1692 Διὸς
1609 1624 1788 1683 ’ὕδατα

19 1705 21 1716 '
94 1709 396 1783 γιγνόμενα
430 1712 530 1768 τὸν
564 1710 750 1768 ἐπάνω
787 1717 1146 1783 γεωργοῦντα
1178 1707 1216 1783 ἦ
1245 1711 1339 1767 καὶ
1369 1708 1667 1782 ὁμότοιχον
1705 1713 1789 1765 οἰ·-

95 1797 307 1848 κοῦντα
340 1798 457 1848 τῶν
488 1789 752 1850 ὑποκάτω
790 1794 1009 1866 βλάπτῃ
1042 1814 1125 1858 τις
1157 1790 1231 1865 μὴ
1270 1790 1463 1857 διδούς
1490 1791 1715 1862 ἐκροήν,
1751 1786 1788 1862 ἢ

18 1919 21 1923 ,
95 1871 426 1930 τούναντίον
443 1870 472 1930 ὁ
498 1875 688 1931 ἐπάνω
707 1877 918 1947 μεθιεὶς
938 1879 1056 1947 εἰκῇ
1076 1872 1143 1930 τά
1174 1874 1423 1946 ῥεύματα
1450 1872 1668 1945 βλάπτῃ
1686 1871 1788 1927 τὸν

20 2000 21 2003 ¹
94 1956 264 2027 κάτω,
303 1956 396 2012 καὶ
435 1957 561 2028 περὶ
595 1963 771 2013 ταῦτα
797 1955 872 2030 μὴ
902 1958 1138 2013 ἐθέλωσι
1173 1954 1264 2012 διὰ
1293 1962 1467 2012 ταῦτα
1494 1962 1787 2010 κοινωνεῖν

91 2037 374 2111 ἀλλήλοις,
393 2041 455 2095 έν
475 2038 629 2096 ἄστει
653 2040 757 2112 μὲν
774 2038 1113 2110 ἀστυνόμον,
1134 2040 1197 2095 έν
1213 2036 1368 2110 ἀγρῷ
1389 2038 1449 2093 δὲ
1465 2033 1788 2107 ἀγρονόμον

93 2120 320 2191 ἐπάγων
339 2117 370 2175 ὁ
398 2121 742 2192 βουλόμενος
769 2120 1048 2190 ταξάσθω,
1080 2125 1137 2175 τί
1155 2117 1258 2191 χρὴ
1281 2129 1462 2175 ποιεῖν
1494 2116 1785 2186 ἑκάτερον·

96 2199 126 2258 ὁ
147 2201 299 2273 δὲμὴ
323 2203 576 2273 ἐμμένων
605 2204 667 2258 έν
691 2208 762 2275 τῇ
785 2202 931 2268 τάξει
960 2201 1191 2273 φθόνου
1219 2198 1286 2256 θ’
1316 2199 1430 2272 ἅμα
1460 2200 1552 2256 καὶ
1581 2196 1788 2254 δυσκό-

98 2293 202 2342 λου
222 2291 400 2358 ψυχῆς
417 2283 666 2358 ὑπεχέτω
686 2290 866 2358 δίκην,
890 2288 984 2343 καὶ
1002 2284 1197 2358 ὅφλων
1225 2284 1521 2341 διπλάσιον
1548 2281 1610 2340 τὸ
1642 2280 1782 2354 βλά-
1810 2292 1843 2332 D

96 2371 195 2438 βος
212 2364 517 2423 ἀποτινέτω
546 2373 626 2443 τῷ
653 2369 984 2440 βλαφθέντι,
1013 2367 1087 2440 μὴ
1118 2365 1391 2439 ἐθελήσας
1413 2376 1527 2431 τοῖς
1554 2365 1789 2438 ἄρχουσι

94 2453 408 2508 πείθεσθαι.

239 2534 299 2586 X.
329 2529 579 2603 Ὀπωρας
607 2532 667 2588 δὲ
695 2531 762 2604 δὴ
793 2530 896 2604 χρὴ
927 2535 1230 2589 κοινωνίαν
1258 2536 1543 2586 ποιεῖσθαι
1576 2528 1787 2592 πάντας

100 2609 319 2667 τοιάνδε
353 2612 494 2670 τινά.
542 2614 727 2681 διττὰς
759 2611 895 2687 ἡμῖν
933 2613 1145 2687 δωρεᾶς
1178 2610 1213 2685 ἡ
1257 2609 1393 2676 θεὸς
1427 2614 1535 2681 ἔχει
1568 2608 1787 2681 χάριτος

102 2691 262 2763 αὕτη,
283 2690 389 2764 τὴν
416 2691 517 2765 μὲν
547 2700 802 2754 παιδείαν
832 2696 1182 2754 Διονυσιάδα
1210 2692 1653 2765 ἀθησαύριστον,
1684 2688 1787 2760 τὴν

102 2772 155 2830 θ’
197 2778 271 2841 εἷς
310 2772 586 2834 ἀπόθεσιν
616 2782 925 2853 γενομένην
963 2776 1103 2836 κατὰ
1140 2777 1341 2847 φύσιν·
1381 2779 1520 2831 ἔστω
1556 2770 1623 2843 δὴ
1663 2772 1789 2871 περὶ

102 2855 327 2928 daeoo‘pag
346 2856 440 2916 Οδε
468 2859 639 2931 νόμος
664 2868 908 2935 ταχθείς·
948 2859 1008 2928 ὂς
1030 2857 1103 2916 ἀν
1127 2857 1395 2930 ἀγροίκου
1415 2854 1636 2927 ὀπώρας
1653 2852 1791 2927 γεύ-
