1976 3172
176 159 279 227 102
789 161 1271 209 ΠΛΛΤῼΝΟΣ

173 294 248 363 μή
282 313 334 348 τι
373 296 637 364 Μεγίλλῳ
670 291 996 363 πρόσαντες,
1034 314 1102 347 τα
1139 292 1272 363 παρ’
1319 296 1456 365 ἐμοῦ
1489 317 1552 366 γε
1589 293 1733 368 ἡγοῦ
1769 313 1857 352 σοι

176 373 358 430 πάντα
376 396 516 430 κατα
538 379 680 429 νοῦν
700 372 970 444 ὑπάρχειν
991 379 1067 440 εἰς
1087 375 1343 446 δύναμιν.

316 461 435 520 KA.
472 448 559 510 Ευ
577 459 922 525 λέγεις..

112 545 147 586 Ε
318 541 450 592 ΜΕ.
487 535 598 592 Καὶ
616 532 728 606 μὴν
747 535 924 591 καὶτὰ
943 534 1254 608 παρ’ἐμοῦ.

315 622 431 673 KA.
469 614 726 673 Κάλλιστ’
739 616 1046 687 εἰρήκατον.
1068 616 1205 690 ἀτὰρ
1219 617 1540 689 πειρώμεθα
1552 619 1700 695 λόγῳ
1713 628 1856 693 πρῶ·

143 748 151 755 ,
174 719 274 755 τον
291 704 618 767 κατοικίζειν
634 696 737 771 τὴν
752 699 933 756 πόλιν.

977 1032 1046 1078 Δ.

38 1165 146 1242 ’704
313 1191 350 1243 Ι.
390 1193 508 1243 ΑΘ.
528 1188 690 1258 ,Φέρε
711 1186 798 1258 δή,
822 1190 949 1242 τίνα’
974 1190 1061 1243 δεῖ
1082 1168 1463 1260 διανοηθήναί
1485 1208 1617 1245 ποτε
1635 1189 1738 1262 τὴν
1755 1193 1862 1249 πό-

172 1275 263 1325 λιν
291 1271 547 1336 ἕσεσθαι;
581 1269 724 1338 λέγω
754 1269 815 1323 δὲ
843 1266 914 1323 οὕ
942 1289 995 1323 τι
1023 1267 1272 1340 τοῦνομα
1300 1267 1470 1341 αὐτῆς
1498 1273 1721 1339 ἐρωτῶν
1748 1272 1781 1327 δ’
1810 1280 1865 1329 τί
1960 1260 1976 1304 ⁴·

174 1348 299 1406 ποτ’
322 1354 435 1405 ἔστι
456 1347 523 1405 τα
546 1353 672 1419 νῦν,
695 1345 823 1404 οὐδ’
853 1353 928 1414 εἰς
958 1348 1059 1416 τὸν
1087 1354 1273 1406 ἔπειτα
1297 1350 1505 1420 χρόνον
1534 1350 1567 1406 ὅ
1597 1374 1650 1406 τι
1679 1353 1864 1423 δεήσει

174 1440 368 1489 καλεῖν
387 1429 591 1502 αὐτήν·
629 1436 794 1486 τοῦτο
814 1430 919 1501 μὲν
936 1428 1043 1501 γὰρ
1066 1429 1186 1502 τάχ’
1206 1428 1279 1500 ἂν
1299 1439 1430 1496 ἴσως
1447 1434 1539 1487 καὶ
1559 1430 1588 1488 ὁ
1618 1455 1862 1490 κατοικι-

177 1511 315 1585 σμὸς
334 1509 508 1584 αὐτῆς
524 1510 562 1583 ἤ
580 1533 661 1576 τις
680 1510 849 1576 τόπος
867 1506 1170 1582 ήποταμοῦ
1187 1511 1339 1576 τινὸς
1356 1509 1396 1582 ἦ
1413 1513 1622 1583 κρήνης
1647 1510 1683 1582 ἦ
1707 1520 1862 1569 θεῶν
1962 1564 1965 1582 ,-

174 1597 462 1666 ἐπωνυμία
495 1599 610 1648 τῶν
637 1597 698 1648 ἐν
734 1599 812 1665 τῷ
837 1592 990 1647 τόπω
1021 1598 1295 1663 προσθείη
1322 1591 1425 1663 τὴν
1461 1590 1652 1649 αὐτῶν·
1673 1595 1865 1666 φήμην
1920 1598 1961 1644 '2

63 1685 73 1699 ³
105 1695 139 1736 Β
176 1681 345 1749 καινῇ
362 1674 637 1747 γενομένῃ
655 1695 722 1746 τῃ
702 1672 919 1730 πόλει·
950 1673 1076 1729 τόδε
1097 1676 1156 1729 δὲ
1175 1677 1300 1745 περὶ
1320 1672 1490 1746 αὐτῆς
1508 1672 1706 1731 ἐστὶν“
1673 1698 1703 1731 ο
1724 1682 1864 1747 βου-

176 1759 414 1829 λόμενος
437 1763 651 1827 μαλλον
669 1758 944 1829 ἐπερωτῶ,
977 1756 1218 1827 πότερον
1246 1759 1687 1823 ἐπιθαλαττίδιος
1714 1761 1865 1814 ἔσται

174 1861 257 1906 τις
275 1836 311 1911 ἦ
328 1843 570 1911 χερσαια.

318 1927 438 1978 KA.
472 1920 706 1992 Σχεδόν,
747 1913 792 1975 ὦ
827 1886 964 1989 ξένε,
1003 1917 1188 1990 ἀπέχει
1224 1919 1502 1990 θαλάττης
1528 1939 1593 1988 γε
1620 1915 1655 1989 ἡ
1689 1918 1862 1988 πόλις,

179 1996 246 2075 ἧς
266 2005 391 2074 πέρι
416 2001 483 2058 τοὶ
513 2007 624 2058 νῦν
656 1999 723 2072 δὴ
755 2004 1023 2072 λεχθέντα
1051 1998 1202 2072 ἡμῖν,
1234 2008 1312 2066 εἴς
1338 2022 1492 2066 τινας
1522 1996 1867 2070 ὀγδοήκοντα

181 2088 455 2148 σταδίους.

320 2172 438 2222 ΑΘ.
486 2169 556 2220 Τί
573 2165 638 2220 δέ
649 2188 663 2230 ;
693 2165 906 2234 λιμένες
936 2154 1027 2233 ἆρ’
1059 2164 1164 2218 εἰσὶ
1187 2159 1326 2218 κατὰ
1352 2167 1526 2218 ταῦτα
1542 2158 1729 2234 αὐτῆς,
1748 2158 1786 2233 ἢ
1804 2161 1868 2217 τὰ

181 2245 448 2318 παράπαν
465 2245 744 2316 ἄλίμενος;
1964 2245 1971 2255 ’

320 2332 438 2383 KA.
477 2325 786 2396 Εὐλίμενος
804 2329 905 2396 μὲν
931 2319 1038 2381 οὖν
1055 2325 1227 2398 ταύτῃ
1244 2347 1306 2395 γε
1339 2323 1413 2390 ὡς
1442 2325 1867 2396 δυνατὸνμοέλι-
1955 2325 1958 2328 ⁴

183 2425 304 2481 στα,
327 2431 369 2464 ω
397 2408 531 2474 ξένε.

123 2511 157 2553 c
326 2496 446 2547 ΛΘ.
484 2493 692 2560 Παπαί,
723 2487 844 2545 οἷον
873 2490 1077 2558 λέγεις]
1096 2493 1147 2542 τί
1178 2489 1262 2554 δέ;
1295 2487 1420 2555 περὶ
1456 2483 1632 2556 αὐτὴν
1653 2484 1686 2556 ἡ
1713 2484 1867 2556 χώρα

185 2573 392 2643 πότερα
412 2591 706 2643 παμφορος
722 2566 760 2641 ἢ
777 2571 870 2627 καὶ
889 2576 1057 2626 τινών
1076 2568 1317 2639 ἐπιδεής;

324 2661 443 2711 KA.
484 2652 710 2725 Σχεδὸν
720 2649 950 2717 οὐδενὸς
965 2651 1194 2722 έπιδεής.

326 2743 446 2793 ΑΘ.
484 2740 697 2792 Γείτων
719 2735 776 2791 δὲ
799 2731 968 2806 αὐτῆς
984 2733 1140 2798 πόλις
1156 2725 1245 2804 ἆρ’
1272 2735 1421 2787 ἔσται
1438 2752 1517 2796 τις
1544 2733 1804 2801 πλησίον;
1957 2788 1968 2810 ἶ

329 2823 448 2875 KA.
492 2813 578 2873 Οὐ
614 2816 794 2888 πάνυ,
833 2816 918 2873 διὸ
965 2816 1057 2872 καὶ
1092 2818 1470 2880 κατοικι’ζεται·,
1518 2809 1721 2868 παλαιὰ
1757 2807 1866 2880 γάρ
1954 2812 1965 2849 ·Ἀ’
