1976 3172
222 105 325 169 120
831 109 1306 160 ΠΛΑΤῼΝΟΣ
1369 112 1384 125 χ

219 246 413 310 ψυχῆς,
435 238 769 296 ἀποτίνοντα
789 243 1124 312 δανείσματα
1145 244 1449 312 ἐπιμελείας
1467 262 1524 298 τε
1543 243 1634 298 καὶ
1652 240 1869 314 ὑπερπο

218 321 475 392 νούντωυ
503 317 705 386 ωδῖνας
733 319 966 390 παλαιὰς
995 322 1081 378 ἐπὶ
1108 325 1253 386 νέοις
1279 325 1681 394 δανεισθείσας,
1703 323 1911 378 ἀποδι-

220 389 393 458 δόντα
415 401 475 458 δε
493 408 745 468 παλαιοῖς
763 405 825 458 ἐν
842 424 916 474 τῳ
937 403 1081 475 γήρᾳ
1102 403 1323 474 σφόδρα
1341 407 1707 502 κεχρημένοις.
1745 401 1894 473 παρὰ
1930 460 1934 461 ⁷

221 482 280 539 δε
299 482 478 538 πάντα
497 482 597 538 τὸν
615 487 783 554 βίου’
762 487 904 554 έχειν
921 505 979 539 τε
999 485 1090 540 καὶ
1108 485 1392 555 ἐσχηκέναι
1421 486 1524 557 χρὴ
1556 485 1694 558 πρὸς
1722 482 1898 541 αὑτοῦ

219 565 414 634 γονέας
432 559 710 635 εὐφημίαν
730 563 1120 636 διαφερόντως,
1151 563 1290 620 διότι
1307 564 1540 637 κούφων
1559 567 1652 623 καὶ
1670 570 1900 636 πτηνῶν

159 649 195 690 D
220 645 405 716 λόγων
420 644 709 716 Ιβαρυτάτη
731 649 915 716 ζημία·
951 652 1085 702 πᾶσι
1102 643 1210 717 γάρ
1232 648 1525 712 ἐπίσκοπος
1552 658 1666 712 τοῖς
1686 645 1897 718 περὶτὰ

218 732 444 782 τοιαῦτα
463 725 666 797 ἐτάχθη
686 731 862 798 Δίκης
889 731 1127 798 Νέμεσις
1155 726 1407 798 ἅγγελος·
1445 732 1822 799 θυμουμένοις
1840 748 1898 782 τε

225 801 332 862 οὖν
355 803 607 861 ὑπείκειν
636 809 724 862 δεῖ
751 809 844 862 καὶ
871 805 1251 878 ἀποπιμπλᾶσι
1275 808 1376 865 τὸν
1403 810 1614 881 θυμόν,
1644 808 1744 864 ἐάν
1763 806 1813 862 τ’
1839 809 1900 862 ἐν
1968 803 1973 805 ’

220 887 406 956 λόγοις
439 885 540 941 ἐάν
574 883 628 940 τ’
668 888 732 942 ἐν
767 890 946 958 ἔργοις
982 892 1155 957 δρῶσι
1190 887 1252 945 τό
1284 896 1559 962 τοιοῦτον,
1592 889 1902 960 ξυγγιγνιό-

221 983 443 1038 σκοντα,
477 963 550 1031 ὥς
580 965 803 1031 εἰκότως
831 965 1063 1037 μάλιστα
1091 967 1270 1038 πατὴρ
1300 972 1412 1023 υἱεῖ
1436 969 1675 1035 δοξάζων
1696 968 1904 1024 ἀδικεῖ-

222 1057 358 1105 σθαι
375 1046 603 1120 θυμοῖτ’
623 1044 695 1104 ἂν
716 1048 1103 1120 διαφερόντως.
1141 1048 1589 1120 τελευτησάντων
1610 1051 1669 1105 δὲ
1687 1051 1902 1119 γονέων

223 1128 368 1205 ταφὴ
400 1126 560 1200 μὲν“
529 1151 564 1200 η
594 1127 1031 1228 σωφρονεστάτη
1045 1133 1325 1200 καλλίστη,
1358 1127 1497 1200 μήθ’
1530 1127 1904 1199 ὑπεραίροντα

159 1229 193 1269 Ε
222 1233 335 1273 των
355 1209 725 1283 εὐθισμένων’
706 1210 891 1282 όγκων
907 1209 1013 1281 μήτ
1019 1208 1373 1270 ’ἐλλείποντα
1394 1232 1474 1266 ων
1486 1214 1541 1267 οἱ
1557 1209 1903 1282 προπάτορες

196 1293 353 1364 τούς
374 1295 587 1349 ἐαυτων
603 1290 872 1363 γεννητὰς
890 1295 1163 1361 ἐτίθεσαν,
1183 1292 1280 1357 τάς
1307 1313 1366 1349 τε
1395 1287 1471 1347 αὐ
1499 1290 1619 1348 κατ’
1646 1289 1904 1347 ἐνιαυτὸν

223 1374 462 1446 τῶνῆδη
492 1378 646 1439 τέλος
674 1374 914 1445 ἐχόντων
948 1370 1210 1438 ὡσαύτως
1236 1375 1540 1445 ἐπιμελείας
1565 1372 1663 1438 τὰς
1690 1373 1901 1442 κόσμον

224 1456 505 1527 φερούσας
523 1454 878 1511 ἀποδιδόναι·
915 1460 991 1528 τῷ
1012 1457 1071 1510 δὲ
1094 1452 1167 1525 μὴ
1195 1458 1551 1524 παραλείπειν
1567 1451 1792 1524 μνήμην
1811 1455 1904 1506 ἐν-

111 1553 198 1599 718
227 1541 418 1609 δελεχῆ
436 1538 834 1610 παρεχόμενον,
855 1535 1031 1609 τούτῳ
1062 1535 1281 1606 μάλιστ’
1314 1534 1398 1591 ἀεὶ
1429 1534 1776 1607 πρεσβεύειν,
1805 1535 1904 1586 δα-

225 1617 404 1689 πάνης
422 1640 480 1674 τε
498 1623 594 1689 τῆς
613 1621 900 1690 διδομένης
928 1615 1037 1673 ὑπὸ
1059 1618 1225 1689 τύχης
1245 1615 1307 1673 τὸ
1328 1619 1551 1688 μέτριον
1568 1626 1680 1680 τοῖς
1699 1635 1906 1685 κεκμη-

223 1700 294 1756 κό
298 1715 353 1754 σι
370 1703 608 1770 νέμοντα
622 1721 633 1732 ·
671 1698 832 1755 ταῦτ’
853 1696 925 1754 ἂν
944 1704 1234 1765 ποιοῦντες
1251 1696 1498 1754 καὶκατὰ
1517 1704 1690 1753 ταῦτα
1709 1701 1905 1763 ζῶντες

226 1781 482 1838 ἑκάστοτε
501 1782 724 1836 ἕκαστοι
741 1779 845 1852 τὴν
863 1779 1021 1847 ἀξίαν
1041 1779 1114 1836 ἀν
1132 1779 1279 1849 παρὰ
1299 1787 1454 1836 θεῶν
1469 1782 1560 1836 καὶ
1581 1778 1703 1835 ὅσοι
1722 1781 1904 1847 κρείτ-

225 1882 382 1926 τονες
415 1859 573 1932 ἡμῶν
600 1866 978 1933 κομιζοίμεθα,
1016 1864 1078 1916 ἐν
1114 1863 1327 1916 ἐλπίσιν
1358 1860 1594 1931 ἀγαθαῖς
1617 1859 1903 1928 διάγοντες

225 1943 285 1998 τὸ
312 1949 568 1998 πλεῖστον
594 1949 698 1998 τοῦ
723 1947 866 2014 βίου.
902 1940 937 1997 ὁὶ
969 1942 1027 1998 δὲ
1055 1941 1196 2013 πρὸς
1221 1941 1483 2013 ἐκγόνους
1508 1943 1600 1996 καὶ
1629 1944 1905 2009 ξυγγενεῖς

224 2028 316 2082 καὶ
336 2029 534 2096 φίλους
551 2027 644 2081 καὶ
661 2030 884 2090 πολίτας
902 2023 1007 2080 ὅσα
1025 2046 1082 2079 τε
1102 2023 1287 2091 ξενικοὶ
1302 2022 1440 2094 πρὸς
1457 2019 1905 2095 θεῶνθεραπεύ·

225 2128 369 2177 ματα
405 2109 496 2163 καὶ
530 2104 743 2178 ὁμιλίας
778 2106 1111 2178 ξυμπάντων
1144 2105 1358 2161 τούτων
1395 2102 1772 2159 ἀποτελοῦντα
1807 2099 1906 2156 τὸν

164 2200 197 2241 Β
226 2188 427 2244 ἑαυτοῦ
447 2191 573 2258 βίον
592 2187 1048 2258 φαιδρυνάμενον
1066 2185 1204 2243 κατὰ
1226 2187 1404 2257 νόμον
1422 2196 1649 2256 κοσμεῖν
1676 2186 1774 2254 δεῖ,
1793 2187 1906 2237 τῶν

226 2269 416 2340 νόμων
434 2265 620 2323 αὐτων
636 2266 670 2339 ἡ
693 2270 949 2336 διέξοδος,
971 2267 1038 2323 τά
1057 2291 1160 2339 μεν
1178 2273 1470 2336 πείθουσα,
1494 2265 1561 2322 τά
1583 2265 1641 2320 δὲ
1660 2263 1732 2335 μὴ
1755 2260 1903 2317 ὑπεί-

226 2371 398 2406 κοντα
416 2357 607 2405 πειθοῖ
619 2368 735 2404 των
751 2347 914 2420 ηθων
933 2354 1029 2422 βία
1048 2351 1138 2404 καὶ
1168 2352 1292 2420 δίκῃ
1315 2348 1639 2415 κολάζουσα,
1667 2364 1771 2413 την
1798 2342 1902 2395 πό-

227 2428 375 2487 λιι]“
345 2441 476 2501 ημῖν
495 2431 998 2500 ξυμβουληθέντων
1020 2433 1175 2484 θεων
1200 2431 1476 2498 μακαρίαν
1502 2447 1560 2481 τε
1593 2427 1685 2480 καὶ
1715 2419 1904 2478 ευδαί-

228 2532 371 2583 μονα
390 2507 666 2565 ἀποτελεῖ·
701 2509 815 2566 ωδε
841 2507 943 2581 χρὴ
964 2532 1064 2580 μεν
1084 2502 1158 2564 αὗ
1181 2513 1272 2565 καὶ
1293 2508 1596 2579 ἀναγκαῖον
1615 2510 1785 2562 εἰπεῖν
1804 2523 1904 2559 νο-

228 2593 491 2663 μοθέτην,
513 2589 662 2656 ὅστις
681 2588 822 2661 ἅπερ
847 2589 952 2662 ἐγω
974 2594 1285 2661 διανοεῖται,
1317 2592 1377 2645 ἐν
1396 2591 1457 2644 δὲ
1477 2586 1706 2659 σχήματι
1726 2585 1904 2655 νόμου

229 2671 564 2745 ἀναρμοστεῖ
577 2671 864 2743 λεγόμενα,
885 2672 1100 2728 τούτων
1122 2675 1248 2743 πέρι
1273 2674 1425 2728 δοκεῖ
1437 2691 1529 2742 μοι
1550 2673 1742 2739 δεῖγμα
1765 2686 1905 2736 προ-

167 2769 198 2812 G
230 2754 527 2826 ενεγκόντα
553 2751 703 2830 αὐτῷ
722 2775 780 2810 τε
798 2754 889 2810 καὶ
907 2755 1135 2819 ἐκείνοις
1154 2747 1233 2820 οἷς
1251 2751 1632 2825 νομοθετήσει,
1652 2749 1717 2805 τοὶ
1738 2746 1901 2804 λοιπὰ
1970 2777 1976 2779 -
