1976 3172
243 177 311 229 98
834 177 1315 225 ΠΛΑΤΩΝΘΣ

244 315 303 367 ἐν
333 316 411 382 τῷ
438 309 560 365 τότε
587 307 746 381 ἡμῶν
775 311 1001 375 ἕκαστος
1026 312 1353 376 σκεδασθεὶς
1384 310 1550 377 ἄλλος
1580 311 1779 369 ἄλλοσε
1810 317 1924 371 διε-

243 391 443 474 σπάρη.

380 472 510 530 ΜΕ.
549 477 658 530 Καὶ
687 475 850 546 μάλα,
879 497 921 530 ω
906 468 1076 546 ξένε,
1099 473 1285 546 ὄρθως
1305 498 1362 532 τε
1383 485 1603 549 εἴρηκας
1625 481 1717 535 καὶ
1736 485 1923 553 σαυτῷ

238 578 298 613 τε
321 559 412 613 καὶ
429 563 497 629 τῇ
516 560 735 632 πατρίδι
754 557 1089 627 πρεπόντως
1653 587 1661 592 —

377 643 482 694 XV.
517 645 634 695 ΑΘ.
660 636 812 694 ’Ἐστι
828 645 1018 710 ταῦτα,
1042 661 1084 694 ω
1101 643 1347 711 Μέγιλλε
1361 664 1373 678 ·
1412 639 1550 711 πρὸς
1568 639 1676 713 γὰρ
1697 641 1758 697 σὲ
1777 640 1840 697 τὰ
1861 645 1922 698 ἐν

234 726 314 795 τῷ
333 721 456 777 τότε
474 721 657 795 χρόνῳ
677 721 967 792 γενόμενα,
988 720 1265 778 κοινωνὸν
1281 729 1350 794 τῇ
1367 729 1480 779 τῶν
1490 724 1745 795 πατέρων
1762 745 1921 794 γεγο-

233 803 371 859 νότα
409 803 595 874 φύσει,
634 807 850 859 δίκαιον
885 807 1081 875 λέγειν.
1124 804 1414 861 ἐπισκόπει
1446 805 1558 877 μὴν
1592 808 1684 863 καὶ
1721 806 1793 862 σὺ
1831 808 1922 860 καὶ

231 888 508 953 Κλεινίας,
529 891 647 939 εἴτι
667 883 807 955 πρὸς
825 885 929 954 τὴν
948 891 1292 956 νομοθεσίαν
1301 886 1652 959 προσήκοντα
1671 891 1918 959 λέγομεν·
1966 892 1976 898 “

164 981 196 1022 Ε
235 963 304 1022 οὐ
322 963 430 1035 γὰρ
450 963 653 1036 μύθων
667 966 830 1021 ἕνεκα
843 967 1197 1038 διεξέρχομαι,
1219 961 1288 1023 οὗ
1306 971 1447 1039 λέγω
1466 968 1518 1024 δ’
1541 971 1703 1026 ἕνεκα
1719 991 1731 1003 ·
1755 966 1919 1041 ὁρᾶτε

231 1049 367 1120 γάρ·
390 1047 579 1118 ε’πειδή
606 1069 731 1103 τινα
758 1047 970 1117 τρόπον
1002 1047 1207 1104 ταύτὸν
1226 1047 1359 1120 ἡμῖν
1377 1052 1707 1123 ξυμβεβήκει
1736 1053 1920 1116 παθος

151 1134 154 1139 ’
214 1129 368 1202 όπερ
403 1132 660 1200 Πέρσαις,
698 1133 930 1196 ἐκείνοις
957 1129 1059 1202 μὲν
1100 1132 1188 1187 ἐπὶ
1219 1136 1407 1189 πᾶσαν
1431 1135 1692 1189 δουλείαν
1721 1132 1922 1203 ἄγουσι

230 1211 331 1268 τὸν
357 1215 552 1314 δῆμον,
576 1209 709 1283 ἡμῖν
736 1209 789 1267 δ”
812 1215 884 1267 αὐ
913 1210 1246 1269 τούναντίον
1264 1216 1351 1270 ἐπὶ
1380 1219 1568 1270 πᾶσαν
1592 1217 1920 1285 ἐλευθερίαν

229 1295 607 1366 προτρέπουσι
626 1292 694 1349 τὰ
713 1295 924 1367 πλήθη,
944 1302 1061 1361 πῶς
1080 1294 1148 1367 δὴ
1178 1297 1271 1352 καὶ
1299 1302 1356 1353 τί
1379 1298 1627 1369 λέγωμεν
1652 1295 1919 1355 τούντεῦ-

227 1385 363 1444 θεν;
394 1380 451 1433 oc
465 1378 864 1448 προγεγονότες
883 1375 1013 1449 ἡμῖν
1031 1382 1352 1450 ἔμπροσθεν
1383 1378 1539 1449 λόγοι
1567 1378 1779 1447 τρόπον
1796 1401 1920 1435 τινα

228 1465 413 1526 καλῶς
433 1462 573 1525 εἰσὶν
591 1462 884 1532 εἰρημένοι.

111 1552 198 1598 700
367 1549 500 1599 ΜΕ.
537 1543 730 1612 Λέγεις
749 1535 815 1596 εὖ
827 1565 838 1577 ·
861 1549 1034 1611 πειρῶ
1054 1540 1106 1597 δ’
1130 1547 1208 1598 ἔτι
1228 1545 1570 1614 σαφέστερον
1588 1540 1721 1613 ἡμῖν
1740 1547 1918 1612 σημῆ-

227 1647 319 1680 ναι
340 1623 402 1680 τό
424 1629 537 1680 νῦν
555 1624 875 1695 λεγόμενον.

367 1713 486 1763 ΑΘ.
509 1705 699 1762 ’Ἑσται
716 1711 906 1762 ταῦτα.
935 1703 1039 1762 οὐκ
1059 1699 1147 1777 ἦν,
1169 1699 1214 1762 ὦ
1234 1711 1404 1777 φίλοι,
1424 1703 1555 1778 ἡμῖν
1573 1708 1658 1761 ἐπὶ
1677 1710 1790 1761 τιὸν
1808 1724 1918 1759 πα·-

223 1793 400 1850 λαιῶν
433 1787 626 1859 νόμων
663 1785 692 1844 ὁ
731 1787 904 1860 δῆμός
927 1809 1098 1852 τινων
1134 1788 1345 1861 κύριος,
1379 1785 1520 1844 ἀλλὰ
1555 1786 1767 1857 τρόπον
1790 1785 1914 1843 τινὰ
1973 1813 1976 1818 <

226 1867 373 1925 ἑκων
389 1870 652 1925 ἐδούλευε
676 1881 789 1934 τοῖς
808 1870 1043 1940 νόμοις..

363 1956 495 2007 ΜΕ.
530 1954 722 2016 Ποίοις
742 1949 808 2024 δὴ
827 1953 1029 2022 λέγεις·
1015 1993 1029 2017 ,

362 2024 482 2090 ΛΘ.
527 2039 654 2099 Τοῖς
683 2034 807 2106 περὶ
833 2031 938 2105 τὴν
963 2030 1241 2105 μουσικὴν
1272 2052 1495 2106 πρωτον
1519 2029 1624 2103 τῆν
1650 2031 1792 2101 τότε,
1821 2033 1913 2086 ἵνα

221 2113 328 2182 έξ’
298 2123 468 2189 αρχῆς
483 2119 794 2188 διέλθωμεν
813 2114 917 2187 τὴν
935 2122 1036 2171 τοῦ
1058 2117 1359 2185 ἐλευθέρου
1370 2119 1495 2171 λίαν
1508 2117 1754 2171 ἐπίδοσιν
1766 2117 1910 2184 βίου.
1954 2132 1970 2164 .‘

134 2262 149 2271 κ
222 2200 524 2270 διῃρημένη
553 2220 662 2271 γαρ
691 2197 759 2270 δὴ
789 2198 914 2255 τότε
947 2192 1019 2271 ἦν
1046 2196 1178 2271 ἡμῖν
1206 2195 1241 2270 ἡ
1276 2194 1515 2269 μουσικὴ
1546 2217 1685 2252 κατα
1715 2199 1833 2267 εἴδη
1855 2216 1912 2251 τε

157 2290 191 2331 Β
223 2280 422 2352 ἑαυτῆς
447 2280 582 2336 &voc
609 2283 702 2337 καὶ
722 2280 986 2354 σχήματα,
1007 2286 1105 2337 καί
1115 2304 1167 2337 τι
1184 2275 1257 2352 ἦν
1278 2280 1422 2347 εἶδος
1440 2277 1585 2352 ᾥδῆς
1603 2278 1756 2350 εὐχαὶ
1772 2276 1913 2350 πρὸς
1971 2296 1973 2299 ·

219 2363 411 2432 θεούς,
448 2361 626 2434 ὄνομα
661 2363 719 2418 δὲ
756 2362 928 2433 ὕμνοι
963 2366 1333 2419 ἐπεκαλοῦντο
1351 2383 1361 2393 ·
1398 2363 1490 2416 καὶ
1526 2361 1705 2433 τούτῳ
1740 2358 1807 2429 δῆ
1846 2354 1908 2413 τὸ

220 2447 477 2500 ἐναντίον
493 2438 566 2515 ἦν
587 2441 732 2519 ᾤδῆς
750 2444 941 2514 ἕτερον
963 2442 1122 2514 εἶδος,
1143 2442 1395 2514 θρήνους
1414 2442 1478 2496 δέ
1501 2461 1582 2504 τις
1609 2436 1682 2494 ὅὶν
1702 2437 1909 2502 αὐτοὺς

220 2526 456 2598 μάλιστα
476 2525 699 2582 ἐκάλεσε
712 2547 724 2559 ·
747 2529 839 2581 καὶ
859 2531 1096 2590 παίωνες
1117 2526 1322 2595 ἕτερον,
1353 2523 1444 2579 καὶ
1463 2521 1598 2579 ἄλλο
1615 2520 1909 2577 Διονύσου

219 2610 451 2679 γένεσις,
491 2605 658 2680 οἶμαι,
695 2607 1046 2680 διθύραμβος
1079 2606 1392 2678 λεγόμενος.
1448 2603 1656 2675 νόμους
1682 2625 1741 2659 τε
1771 2600 1910 2658 αὐτο
1951 2615 1965 2655 ἑ

218 2696 382 2746 τοῦτο
411 2691 660 2763 τοῦνομα
681 2688 936 2790 ἐκαλουν,
959 2686 1176 2763 ᾠδὴν
1131 2711 1204 2756 ως
1232 2710 1356 2744 τινα
1386 2688 1602 2757 ἑτέραν·
1649 2686 1910 2756 ἐπέλεγον
1947 2694 1976 2743 ³3

221 2772 280 2828 δε
310 2771 737 2846 κιθαρῳδικούς.
784 2771 1000 2827 τούτων
1030 2768 1096 2842 δὴ
1132 2771 1569 2840 διατεταγμένων
1599 2769 1690 2824 καὶ
1721 2765 1907 2823 α’λλων
1947 2767 1976 2840 -3'¹

159 2863 189 2904 C
219 2860 391 2910 τινοῖν
415 2852 518 2909 οὐκ
539 2856 664 2925 ἐξῆν
684 2853 832 2910 αλλω
853 2859 929 2919 εἰς
948 2851 1083 2910 α’·λλο
1103 2859 1483 2923 καταχρῆσθαι
1512 2851 1713 2922 μέλους
1733 2846 1905 2912 εἶδος·
1941 2830 1963 2963 i

1946 2966 1962 2995 ,-
