1976 3172
255 127 347 181 16x
868 134 1347 183 ΠΛΑΤΩΝΟΣ

253 274 506 319 σκοπεῖτε
528 258 650 335 οὖν,
673 271 791 320 εἴτι
809 271 922 320 τῶν
947 273 1055 323 νῦν
1073 273 1388 339 λεγομένων
1406 267 1541 340 ὑμῖν
1559 270 1697 326 κατὰ
1724 273 1936 344 τρόπον

253 347 408 400 δοκεῖ
421 351 695 414 λέγεσθαι.

193 437 227 477 Ε
321 487 323 490 ,
392 431 513 482 ΚΛ.
546 435 719 483 Δοκεῖ
746 428 848 498 μὲν
872 426 1003 500 ἡμῖν
1031 432 1097 499 γε’
1127 451 1242 496 πως
1269 434 1574 503 λεγομένου
1602 438 1704 488 τοῦ
1735 434 1932 503 λόγου·

249 509 376 593 περὶ]
396 511 455 563 δὲ
474 509 814 580 τηλικούτων
839 508 1015 576 εὐθὺς
1036 515 1456 569 πεπιστευκέναι
1476 517 1679 588 ῥᾳδίως
1697 517 1771 587 μὴ
1793 518 1935 572 νέων

248 610 306 646 τε
329 591 364 662 ᾗ
384 596 600 660 μᾶλλον
618 593 710 647 καὶ
731 590 1001 663 ἀνοήτων.

390 679 507 727 ΑΘ.
540 669 686 727 Ἀλλ’
719 677 769 728 εἰ
793 673 854 729 τὸ
887 671 1022 744 μετὰ
1050 680 1224 728 ταῦτα
1255 677 1545 746 διεξίοιμεν
1577 670 1657 737 ὧν
1685 676 1935 749 προύθέ-

249 759 414 822 μεθα,
447 746 493 807 ὦ
529 759 760 810 Κλεινία
788 776 846 809 τε
874 756 966 811 καὶ
998 755 1405 827 Λακεδαιμόνιε
1434 759 1570 828 ξένε,
1596 791 1669 801 -—
1688 756 1803 827 μετ’
1833 756 1935 812 ἀν-

249 837 440 904 δρείαν
457 832 565 905 γὰρ
587 833 653 905 δὴ
680 836 1051 907 σωφροσύνης
1068 839 1191 906 πέρι
1215 839 1462 909 λέγωμεν
1486 872 1567 909 -,
1587 844 1643 894 τί
1669 843 1936 911 διαφέρον

249 917 311 970 ἐν
331 915 554 982 ταύταις
574 929 689 982 ταῖς
714 922 1011 995 πολιτείαις
1029 915 1065 989 ἦ
1084 930 1200 983 ταῖς
1216 925 1332 975 τῶν
1351 924 1472 992 εἰκῇ
1490 924 1936 992 πολιτευομένων

132 1002 218 1049 636
246 993 646 1069 ἀνευρήσομεν,
671 996 853 1069 ὥσπερ
873 997 940 1053 τά
966 1002 1090 1068 περὶ
1107 998 1207 1055 τὸν
1226 1001 1471 1072 πόλεμον
1495 1008 1604 1057 νῦν
1624 1002 1719 1072 δή;

388 1085 520 1133 ΜΕ.
555 1076 773 1148 Σχεδὸν
794 1077 863 1133 οὐ
883 1080 1081 1150 ῥᾴδιον
1096 1101 1107 1111 ·
1129 1078 1253 1135 ἀλλ’
1277 1084 1422 1136 ἔοικε
1439 1081 1548 1152 γὰρ
1563 1082 1639 1145 τά>
1656 1104 1716 1136 τε
1747 1087 1937 1147 ξυσσί-

245 1178 333 1212 τια
353 1158 531 1212 καὶτὰ
552 1159 834 1229 γυμνάσια
863 1166 1044 1225 καλῶς
1063 1157 1340 1232 εὑρῆσθαι
1359 1160 1497 1230 πρὸς
1517 1159 1847 1234 ἀμφοτέρας.

386 1245 503 1294 ΑΘ.
529 1238 711 1296 ’Έοικε
731 1244 884 1312 δῆτα,
908 1235 954 1296 ὦ
974 1244 1134 1312 ξένοι,
1159 1243 1403 1313 χαλεπὸν
1432 1243 1573 1298 εἶναι
1599 1242 1661 1298 τὸ
1689 1247 1814 1314 περὶ
1841 1249 1936 1309 τὰς

246 1327 522 1387 πολιτείας
548 1319 1047 1393 ἀναμφισβητήτως
1067 1321 1268 1394 ὁμοίως
1288 1327 1431 1398 ἔργω
1452 1325 1544 1379 καὶ
1573 1323 1719 1396 λόγῳ
1749 1329 1935 1393 mvs-

245 1411 405 1458 σθαι·
442 1402 764 1458 κινδυνεύει
783 1403 911 1475 γάρ,
931 1404 1192 1476 καθάπερ
1212 1407 1274 1462 έν
1290 1417 1403 1470 τοῖς
1432 1404 1700 1476 σώμασιν,
1732 1403 1801 1460 ού
1833 1409 1937 1460 δυ-

243 1482 416 1539 νατόν
435 1482 576 1539 εἶναι
594 1484 897 1556 προστάξαι
917 1507 968 1540 τι
989 1485 1126 1555 πρὸς
1146 1489 1210 1541 ἓν
1228 1492 1387 1558 σῶμα
1419 1489 1482 1542 ἓν
1502 1487 1852 1558 ἐπιτήδευμα,
1875 1488 1935 1540 ἐν

244 1558 292 1636 ᾦ
311 1564 415 1620 ούκ
436 1563 507 1620 ἀν
528 1571 727 1637 φανείη
750 1564 957 1622 ταύτὸν
975 1572 1140 1622 τοῦτο
1172 1565 1238 1622 τὰ
1268 1570 1370 1638 μὲν
1398 1567 1649 1639 βλάπτον
1674 1566 1743 1622 τὰ
1773 1565 1935 1639 ἡμῶν

185 1666 217 1706 Β
246 1648 489 1720 σώματα,
508 1645 574 1702 τὰ
595 1650 765 1704 δὲκαὶ
786 1646 1061 1720 ὠφελοῦν.
1100 1650 1215 1704 ἐπεὶ
1233 1651 1337 1706 ,καὶ
1363 1648 1431 1704 τὰ
1460 1649 1741 1720 γυμνάσια
1761 1656 1934 1705 ταῦτα

243 1734 335 1789 καὶ
362 1729 430 1786 τά
456 1736 704 1797 ξυσσίτια
740 1730 914 1787 πολλὰ
945 1734 1046 1803 μὲν
1084 1731 1222 1788 ἄλλα
1251 1730 1587 1803 νῦνιόφελεῖ
1611 1730 1707 1798 τὰς
1729 1732 1932 1810 πόλεις,

243 1812 382 1886 πρὸς
422 1814 481 1869 δὲ
508 1812 605 1879 τὰς
641 1815 856 1880 στάσεις
884 1814 1120 1886 χαλεπά“
1162 1818 1396 1885 δηλοῦσι
1419 1814 1492 1881 νδὲ
1522 1819 1819 1886 Μιλησίων
1843 1816 1936 1870 καὶ

241 1901 504 1951 Βοιωτῶν
533 1898 625 1951 καὶ
648 1902 907 1968 Θουρίων
930 1900 1144 1962 παῖδες·
1184 1897 1276 1952 καὶ
1306 1895 1372 1966 δὴ
1408 1898 1498 1950 καὶ
1535 1902 1750 1970 παλαιῷ
1779 1897 1934 1970 νόμω

235 1981 399 2032 δοκεῖ
418 1983 583 2032 τοῦτο
621 1976 683 2033 τὸ
725 1978 1060 2049 ἐπιτήδευμα
1086 1976 1183 2042 τάς
1211 1976 1351 2032 κατὰ
1385 1974 1560 2046 φύσιν
1584 1974 1680 2041 τὰς
1712 1961 1850 2046 περῗ
1865 1971 1933 2030 τά

242 2057 540 2128 ἀφροδίσια
558 2055 766 2130 ἡδονὰς
786 2058 855 2114 οὐ
875 2059 1052 2130 μόνον
1075 2057 1401 2128 ἀνθρώπων
1430 2056 1570 2113 ἀλλά
1597 2060 1690 2112 καὶ
1716 2062 1934 2128 θηρίων

243 2141 658 2209 διεφθαρκέναι.
702 2142 794 2196 καὶ
822 2140 1041 2196 τούτων
1068 2139 1165 2205 τὰς
1195 2138 1461 2211 ὑμετέρας
1490 2138 1676 2202 πόλεις
1711 2138 1933 2206 πρώτας

186 2233 217 2274 C
245 2218 316 2276 ἄν
335 2241 416 2284 τις
440 2224 656 2292 αἰτιῷτο
677 2222 768 2277 καὶ
786 2220 912 2293 ὅσαι
931 2230 1045 2277 τῶν
1063 2223 1250 2278 ἄλλων
1268 2221 1504 2293 μάλιστα
1523 2218 1789 2276 ἅπτονται
1817 2225 1931 2274 τῶν

240 2307 589 2372 γυμνασίων·
634 2304 726 2357 καὶ
755 2310 861 2357 εἴτε
886 2309 1147 2368 παίζοντα
1175 2311 1282 2358 εἴτε
1307 2301 1689 2366 σπουδάζοντα
1719 2303 1932 2355 ἐννοεῖν

242 2388 326 2439 δεῖ
341 2382 407 2439 τὰ
436 2387 681 2454 τοιαῦτα,
711 2387 1005 2456 ἐννοητέον
1034 2383 1120 2439 ὅτι
1142 2389 1211 2456 τῇ
1238 2387 1440 2455 θηλείᾳ
1470 2384 1562 2437 καὶ
1589 2386 1658 2453 τῇ
1686 2387 1800 2437 τῶν
1829 2379 1933 2451 ἀρ-

242 2468 423 2535 ρένων
452 2466 622 2536 φύσει
646 2471 722 2531 εἰς
748 2472 1049 2522 κοινωνίαν
1075 2466 1239 2537 ἰούσῃ
1268 2469 1365 2535 τῆς
1392 2463 1705 2534 γεννήσεως
1734 2461 1768 2533 ἡ
1804 2465 1930 2532 περὶ

239 2552 413 2602 ταῦτα
432 2544 607 2618 ἡδονὴ
630 2545 769 2602 κατὰ
795 2547 969 2618 φύσιν
987 2545 1370 2602 ἀποδεδόσθαι
1395 2549 1563 2616 δοκεῖ,
1596 2543 1851 2617 ἀρρένων
1871 2545 1930 2599 δὲ

240 2626 379 2698 πρὸς
409 2626 648 2698 ἄρρενας
673 2626 712 2699 ἢ
745 2635 990 2700 θηλειῶν
1021 2628 1160 2700 πρὸς
1187 2633 1418 2700 θηλείας
1451 2626 1599 2699 παρὰ
1631 2626 1806 2697 φύσιν
1834 2626 1927 2681 καὶ
1969 2639 1976 2642 ’

239 2716 354 2765 τῶν
388 2710 626 2781 πρώτων
667 2709 728 2765 τὸ
777 2702 1026 2782 τόλμημα
1075 2710 1215 2766 εἶναι
1252 2707 1327 2764 δι’
1371 2708 1669 2779 ἀκράτειαν
1706 2705 1922 2780 ἡδονῆς.

241 2790 439 2857 πάντες
457 2793 516 2848 δὲ
536 2793 860 2864 δὴΚρητῶν
883 2792 982 2848 τὸν
1007 2794 1131 2864 περὶ
1152 2791 1251 2848 τὸν
1262 2793 1566 2863 Γανυμήδη
1587 2797 1778 2862 μῦθον
1790 2810 1924 2844 κατ-
