1976 3172
215 141 287 194 94
826 143 1299 195 ΠΛΑΤΩΝΟΣ

156 282 190 322 D
220 275 412 331 πόλεσι
440 272 714 346 τιμήσεων
737 276 916 347 ἕνεκα,
945 279 1103 332 ποῖαί
1123 298 1179 333 τε
1208 275 1376 347 ὀρθαὶ
1403 281 1493 336 καὶ
1512 280 1584 352 μὴ
1612 287 1896 352 γίγνονται

217 356 491 413 ἑκάστοτε.

355 436 597 495 ΜΕ.Τὸ
621 448 809 506 ποῖον;
1974 499 1976 502 .

354 526 473 588 ΑΘ.
509 519 869 592 Σωφροσύνη
904 518 1042 576 ἄνευ
1069 521 1247 593 πάσης
1280 528 1375 594 τῆς
1405 522 1574 596 ἄλλης
1607 524 1802 598 ἀρετῆς
1834 529 1898 584 ἐν
1948 537 1976 570 -“

214 607 364 673 ψυχῇ
381 604 488 659 τινι
504 606 866 675 μεμονωμένη
893 601 1128 675 τίμιον
1102 604 1138 676 η’
1167 604 1364 677 ἄτιμον
1390 606 1623 677 γίγνοιτ’
1654 604 1728 664 ἀν
1755 608 1894 666 κατὰ

185 686 404 756 δίκην,

353 770 482 820 ΜΕ.
524 763 685 821 Οὐκ’
664 773 768 836 ε’χω
787 764 936 831 ὅπως
954 774 1106 823 εἴπω.
1378 803 1411 829 ο

354 852 473 902 ΛΘ.
494 848 622 902 Καὶ
639 845 751 917 μὴν
770 849 991 918 εἴρηκάς
1008 870 1071 919 γε
1087 856 1342 922 μετρίως·
1387 850 1558 908 εἰπών
1585 850 1692 923 γὰρ
1720 849 1786 923 δὴ
1813 871 1895 923 ων

212 924 430 998 ἠρόμην
455 923 835 998 ὁποτερονοῦν
853 929 1003 998 παρὰ
1022 933 1185 1000 μέλος
1202 929 1380 1046 ἔμοιγ’
1404 929 1476 988 ἀν
1505 936 1682 998 δοκεῖς
1711 933 1894 1003 φθέγ-

212 1011 429 1074 ξασθαι.

354 1098 484 1149 ΜΕ.
518 1099 719 1158 Καλῶς
737 1098 932 1150 τοίνυν
953 1092 1185 1165 γεγονὸς
1203 1091 1278 1150 οἶν
1297 1102 1398 1166 εἴη.

353 1180 472 1231 ΑΘ.
510 1173 669 1232 Εἶεν·
706 1174 768 1231 τὸ
807 1175 910 1247 μὲν
945 1175 1013 1248 δὴ
1052 1175 1370 1249 πρόσθημα,
1411 1170 1492 1234 ὦν
1526 1184 1678 1249 τιμαί
1710 1199 1767 1234 τε
1803 1179 1893 1235 καὶ

154 1263 187 1303 Ε
216 1254 441 1327 ατιμίαι,
463 1254 532 1313 οὐ
563 1256 737 1328 λόγου
766 1257 906 1315 ἀλλά
935 1280 1086 1324 τινος
1103 1265 1317 1331 μᾶλλον
1337 1258 1545 1332 ἀλόγου
1567 1266 1723 1332 σιγῆς
1741 1259 1916 1328 ἄξιον·

211 1333 284 1392 ἂν
304 1345 402 1409 εἴη.

351 1427 482 1477 ΜΕ.
521 1421 922 1494 Σωφροσυνην
940 1443 1034 1493 μοι
1053 1406 1241 1493 φαίνει
1260 1424 1463 1494 λέγειν

350 1508 468 1557 ΑΘ.
498 1504 728 1559 Ναί·τὸ
758 1506 824 1562 δέ
856 1524 920 1574 γε
949 1525 1063 1560 των
1090 1502 1285 1560 ἄλλων
1312 1511 1537 1560 πλεῖστα
1568 1502 1711 1576 ἡμᾶς
1742 1502 1891 1574 ὠφε-

210 1588 352 1639 λοῦν
378 1582 514 1655 μετὰ
541 1590 637 1656 τῆς
666 1585 993 1656 προσθήκης
1015 1584 1234 1656 μάλιστ’
1270 1584 1343 1642 ἂν
1374 1586 1687 1658 τιμώμενον
1720 1584 1894 1657 ὀρθό-

210 1686 344 1722 τατα
363 1671 582 1740 τιμῷτο,
602 1666 695 1722 καὶ
712 1665 774 1721 τὸ
796 1665 1058 1737 δεύτερον
1077 1669 1345 1741 δευτέρως
1359 1689 1370 1701 ·
1389 1671 1484 1724 καὶ
1501 1666 1648 1725 οὕτω
1669 1666 1736 1740 δὴ
1756 1666 1894 1724 κατὰ
1960 1709 1966 1714 -

210 1748 309 1804 τὸν
345 1749 467 1820 ἑξῆς
494 1746 666 1819 λόγον
693 1746 791 1814 τὰς
816 1750 1010 1821 ἐφεξῆς
1037 1748 1196 1823 τιμὰς
1225 1752 1506 1823 λαγχάνον
1534 1753 1768 1808 ἕκαστον
1796 1749 1894 1821 ὀρ-

207 1836 328 1895 θῶς
354 1826 428 1886 ἂν
447 1831 728 1900 λαγχάνοι.

95 1913 181 1960 697
350 1918 482 1969 ΜΕ.
513 1911 656 1983 Ἔχει
673 1911 860 1985 ταύτῃ.
1532 1963 1546 1969 ,

349 1999 467 2050 ΛΘ.
509 1999 580 2050 Τί
603 1988 737 2061 οὗν;
776 1993 845 2052 οὐ
876 1996 1189 2067 νομοθέτου
1218 1996 1311 2053 καὶ
1336 2001 1508 2052 ταῦτα
1538 1990 1613 2052 αὖ
1641 1995 1892 2068 φήσομεν

210 2073 349 2131 εἶναι
369 2078 678 2147 διανέμειν;

347 2164 474 2213 ΜΕ.
515 2159 626 2214 Καὶ
644 2158 808 2229 μάλα.
935 2209 939 2214 .

346 2245 463 2294 ΑΘ.
501 2239 706 2296 Βούλει
725 2239 792 2312 δὴ
811 2239 878 2296 τοὶ
896 2241 998 2311 μὲν
1016 2238 1234 2298 ἅπαντα
1251 2242 1344 2297 καὶ
1361 2239 1453 2311 ἐφ’
1477 2241 1710 2296 ἕκαστον
1728 2244 1892 2312 ἔργον

206 2321 298 2376 καὶ
328 2318 466 2375 κατὰ
504 2320 708 2391 σμικροὶ
747 2323 940 2395 ἐκείνῳ
965 2325 1152 2392 δῶμεν
1181 2332 1380 2392 νεῖμαι,
1417 2320 1478 2377 τὸ
1508 2323 1568 2378 δὲ
1595 2329 1752 2394 τριχῇ
1779 2327 1892 2378 διε-

205 2410 340 2475 λεῖν,
379 2400 566 2473 ἐπειδὴ
603 2402 793 2473 νόμων
836 2402 1000 2474 ἐσμὲν
1037 2404 1130 2457 καὶ
1175 2400 1339 2457 αὐτοί
1377 2420 1493 2466 πως
1537 2405 1888 2473 ἐπιθυμηταί,
1959 2450 1964 2456 ,

205 2488 582 2557 πειραθῶμεν,
613 2487 888 2555 διατεμεῖν
911 2486 1075 2557 χωρὶς
1101 2482 1170 2539 τά
1195 2503 1255 2540 τε
1282 2485 1508 2555 μέγιστα
1537 2486 1629 2539 καὶ
1658 2485 1890 2556 δεύτερα

205 2568 296 2621 καὶ
313 2569 467 2636 τρίτα
481 2589 497 2633 ;

345 2652 475 2702 ΜΕ.
508 2646 676 2703 Πάνυ
700 2649 801 2718 μὲν
819 2640 940 2703 οὗν.
1974 2711 1976 2716 ,

344 2735 461 2785 ΑΘ.
499 2732 751 2801 Λέγομεν
777 2733 985 2800 τοίνυν,
1017 2727 1104 2786 ὅτι
1127 2729 1309 2800 πόλιν,
1333 2727 1406 2794 ὡς
1435 2732 1595 2798 ἔοικε,
1625 2725 1728 2800 τὴν
1757 2731 1889 2799 μέλ-
1962 2727 1976 2749 ”

143 2817 181 2860 Β
214 2819 425 2870 λουσαν
453 2812 733 2878 σώζεσθαί
755 2833 814 2868 τε
842 2813 934 2869 καὶ
957 2809 1380 2883 εὐδαιμονήσειν
1408 2815 1483 2876 εἰς
1515 2809 1753 2881 δύναμιν
1785 2807 1888 2863 ἀν-
1963 2809 1976 2836 ⁴
