1976 3172
251 142 354 194 308
864 142 1339 191 ΠΛΑΤῼΝΟΣ

250 276 455 331 ἄπαιδα
482 277 575 330 καὶ
601 273 836 346 ἄμοιρον
848 281 1095 351 κεῖσθαι,
1116 271 1326 330 ὁπόταν
1345 274 1520 332 αὐτὸν
1545 279 1931 350 καταλάβωσιν

250 359 313 412 αἱ
325 363 576 412 τοιαῦται
600 359 894 428 ξυμφοραί.

388 442 490 493 XV.
520 435 671 493 ’Ἐστι
700 438 759 493 δὲ
787 434 857 493 οὐ
884 437 1127 509 πάντων,
1165 436 1238 503 ῶς
1263 442 1425 509 ἔοικε,
1451 445 1564 495 τῶν
1594 438 1774 496 ὅντων
1801 438 1932 510 ὅρος

250 517 367 592 ὅρῳ
395 519 757 590 προσμιγνύς,
780 518 902 575 ἀλλ’
933 515 1015 589 οἷς
1039 524 1152 575 ἔστι
1184 519 1474 591 μεθόριον,
1502 528 1664 577 τοῦτο
1693 525 1754 578 ἐν
1783 523 1931 594 μέσῳ

250 597 402 669 ὅρων
421 600 696 672 πρότερον
714 602 950 674 ἑκατέρω
974 601 1328 673 προσβάλλον
1356 601 1592 672 γίγνοιτ’
1620 600 1692 659 ἀν
1721 602 1934 674 ἀμφοῖν

248 682 481 752 μεταξύ·
519 684 612 738 καὶ
648 681 714 753 δὴ
753 684 846 738 καὶ
880 688 995 738 τῶν
1030 681 1314 739 ἀκουσίων
1347 705 1406 739 τε
1442 686 1535 741 καὶ
1570 686 1842 741 ἑκουσίων
1868 682 1930 740 τὸ

244 768 417 835 θυμῷ
435 763 772 832 γιγνόμενον
792 768 1004 834 ἔφαμεν
1024 763 1164 820 εἶναι
1181 771 1454 821 τοιοῦτον.
1480 767 1812 837 τραυμάτων
1825 759 1932 821 οὖν

248 844 568 900 ἐνεστώτων
597 841 739 913 ὀργῇ
773 846 1094 914 γενομένων
1131 844 1229 899 εὀὶν
1259 845 1407 917 ὄφλῃ
1435 867 1531 917 τις,
1569 853 1790 917 πρῶτον
1827 845 1930 917 μὲν

190 931 419 992 (ζτίνειν
442 930 544 980 τοῦ
565 924 810 995 βλάβους
827 924 932 995 τὴν
959 929 1270 994 διπλασίαν,
1292 916 1367 979 ἂν
1385 927 1446 980 τὸ
1467 933 1687 998 τραῦμα
1707 929 1932 999 ἰάσιμον

248 1005 453 1078 ἀποβῇ,
473 1012 586 1061 τῶν
606 1005 665 1061 δὲ
694 1003 940 1061 ἀνιάτων
965 1003 1071 1076 τὴν
1095 1011 1527 1077 τετραπλασίαν·
1567 1007 1664 1062 ἐὰν
1696 1010 1755 1063 δὲ
1785 1011 1932 1064 ἰάσι-

247 1108 355 1159 μον
374 1090 494 1159 μέν,
524 1085 797 1159 αἰσχύνην
817 1088 876 1142 δὲ
903 1086 1148 1158 μεγάλην
1177 1086 1301 1143 τινά
1330 1089 1652 1162 προσβάλλῃ
1680 1094 1758 1164 τῷ
1787 1111 1932 1160 τρω-

246 1172 408 1226 θέντι
431 1169 525 1224 καὶ
543 1171 934 1238 ἐπονείδιστον,
965 1168 1068 1240 τὴν
1095 1170 1425 1241 τριπλασίαν
1449 1171 1699 1226 ἐκτίνειν.
1738 1169 1843 1226 ὅσα
1873 1173 1937 1226 δέ

246 1273 326 1316 τις
343 1250 558 1321 τρώσας
579 1249 702 1305 τινὰ
720 1247 990 1321 μὴμόνον
1019 1250 1235 1323 βλάπτῃ
1261 1251 1361 1306 τὸν
1390 1252 1646 1307 παθόντα
1675 1249 1816 1308 ἀλλά
1841 1254 1933 1307 καὶ

247 1331 351 1403 τὴν
370 1331 555 1402 πόλιν,
581 1331 816 1403 ποιήσας
833 1331 1117 1387 ἀδύνατον
1143 1339 1213 1403 τῇ
1230 1337 1452 1402 πατρίδι
1477 1331 1618 1403 πρὸς
1636 1339 1932 1403 πολεμίους

248 1419 501 1484 βοηθεῖν,
523 1419 727 1468 τοῦτον
747 1411 807 1467 δὲ
824 1412 960 1482 μετὰ
989 1417 1103 1466 τῶν
1131 1411 1318 1467 ἄλλων
1341 1417 1547 1482 ζημιῶν
1575 1416 1812 1468 ἐκτίνειν
1839 1415 1931 1468 καὶ

247 1495 510 1567 τῇ,πόλει
545 1496 647 1564 τὴν
683 1493 924 1564 βλάβην·
964 1491 1103 1562 πρὸς
1129 1493 1238 1564 γὰρ
1277 1504 1392 1558 ταῖς
1428 1491 1601 1548 αὑτοῦ
1627 1498 1930 1561 στρατείαις

247 1578 340 1632 καὶ
367 1573 509 1646 ὑπὲρ
545 1577 649 1637 τοῦ
675 1572 1091 1638 ἀδυνατοῦντος
1119 1577 1623 1642 στρατευέσθω-καὶ
1658 1574 1754 1640 τὰς
1791 1574 1931 1644 ὑπὲρ

184 1667 219 1708 D
251 1660 470 1712 ἐκείνου
507 1653 807 1726 πολεμικὰς
843 1656 1125 1710 ταττέσθω
1160 1654 1358 1725 τάξεις,
1399 1651 1436 1726 ἦ
1472 1652 1546 1726 μὴ
1585 1659 1736 1723 δρῶν
1758 1660 1931 1710 ταῦτα

249 1736 513 1801 ὑπόδικος
529 1743 609 1808 τῶ
627 1738 880 1791 ἐθέλοντι
898 1740 996 1806 τῆς
1019 1733 1346 1805 ἀστρατείας
1370 1740 1651 1807 γιγνέσθω
1670 1736 1809 1793 κατὰ
1829 1736 1931 1791 νό-

247 1841 371 1890 μον.
408 1817 511 1888 τὴν
529 1821 589 1873 δὲ
607 1815 672 1887 δὴ
687 1823 781 1888 τῆς
798 1816 1008 1888 βλάβης
1027 1814 1201 1888 ἀξίαν,
1225 1825 1333 1890 εἴτε
1353 1822 1554 1888 διπλῆν
1572 1826 1678 1874 εἴτε
1696 1824 1929 1890 τριπλῆν

247 1909 356 1958 εἴτε
374 1901 466 1956 καὶ
485 1904 904 1970 τετραπλασίαν,
927 1901 984 1954 οἱ
999 1900 1513 1972 καταψηφισάμεκοι
1533 1900 1780 1956 δικασταὶ
1801 1921 1931 1954 τατ-

245 1982 475 2038 τόντων.
530 1979 631 2036 ἐὰν
661 1981 719 2037 δὲ
750 1978 1024 2051 ὁμόγονος
1059 1978 1339 2052 ὁμόγονον
1374 1981 1474 2038 τὸν
1510 1980 1686 2038 αὐτὸν
1719 1982 1930 2054 τρόπον

246 2064 427 2137 τούτῳ
450 2062 653 2136 τρώσῃ,
688 2060 822 2128 τούς
860 2062 1128 2134 γεννήτας
1156 2064 1248 2119 καὶ
1280 2062 1411 2128 τούς
1446 2074 1746 2135 συγγενεῖς,
1777 2066 1931 2136 μέχρι

241 2143 495 2211 ἀνεψιῶν
514 2149 729 2200 παίδων
748 2144 886 2216 πρὸς
904 2151 1190 2214 γυναικῶν
1206 2147 1298 2201 καὶ
1325 2143 1569 2217 ἀνδρῶν,
1589 2145 1857 2216 γυναῖκάς
1872 2166 1931 2200 τε

192 2240 226 2280 Ε
257 2227 346 2280 καὶ
377 2225 585 2304 ἄνδρας
621 2226 1004 2293 συνελθόντας
1036 2234 1332 2298 κρίναντας
1365 2227 1733 2299 παραδιδόναι
1767 2234 1931 2300 τιμᾷν

250 2316 362 2369 τοῖς
379 2307 679 2376 γεννήσασι
697 2307 836 2363 κατά
857 2309 1034 2378 φύσιν
1048 2330 1059 2343 ·
1099 2308 1201 2382 ἐὰνι
1220 2312 1279 2366 δὲ
1297 2309 1776 2381 ἀμφισβητήσιμος
1795 2307 1829 2379 ἡ
1847 2314 1931 2363 τί-

175 2452 180 2457 ,
251 2401 411 2458 μησις
421 2390 689 2457 γίγνηται,
702 2387 833 2451 τοὺς
849 2388 987 2458 πρὸς
1001 2391 1226 2461 ἀνδρῶν
1238 2389 1379 2444 εἶναι
1393 2397 1665 2460 τιμῶντας
1683 2394 1926 2456 κυρίους·

251 2465 351 2522 ε’ἀν
370 2467 430 2522 δὲ
459 2465 816 2523 ἀδυνατῶσιν
837 2466 1012 2539 αὐτοί,
1046 2479 1158 2533 τοῖς
1186 2470 1534 2540 νομοφύλαξι
1562 2477 1930 2535 τελευτῶντας

191 2608 194 2611 ,
251 2538 574 2618 ἐπιτρέπειν.
612 2549 863 2620 ἐκγόνοις
891 2551 951 2607 δε
969 2549 1108 2623 πρὸς
1124 2553 1320 2622 γονέας
1348 2551 1490 2607 εἶναι
1519 2558 1632 2607 τῶν
1659 2551 1930 2608 τοιούτων

250 2630 582 2702 τραυμάτων
608 2630 866 2699 δικαστάς
882 2636 985 2704 μὲν
1000 2631 1130 2699 τοὺς
1150 2632 1289 2703 ὑπὲρ
1306 2632 1606 2706 ἕξήκοντα’
1586 2639 1677 2706 ε’τη
1695 2634 1929 2715 γεγονό-

250 2732 348 2776 τας
384 2711 705 2786 ἐπάναγκες,
743 2710 823 2780 οἷς
869 2710 941 2771 ἀν
976 2719 1165 2780 παῖδες
1200 2712 1274 2786 μὴ
1309 2720 1540 2787 ποιητοί,
1573 2715 1838 2815 ἀληθινοὶ
1870 2714 1930 2770 δὲ

254 2786 525 2851 &mv-8221
551 2798 616 2854 δέ
631 2819 711 2863 τις
731 2797 897 2872 ὄφλῃ,
923 2804 1090 2873 τιμᾷν
1121 2803 1171 2854 εἰ
1195 2799 1462 2855 τεθνάναι
1489 2798 1590 2872 χρὴ
1618 2798 1717 2855 τόν
1741 2804 1928 2855 τοιοῦ-
