1976 3172
675 107 996 157 Nommv
1027 101 1110 160 ια’.
1283 93 1294 100 ”
1623 105 1729 159 373

39 243 191 312 παρὰ
223 249 398 312 θεῶν,
429 240 739 312 Ἀμύντορά
773 260 834 296 τε
861 244 1082 296 Φοίνικι
1106 245 1186 314 τῶ
1214 243 1419 299 ἑαυτοῦ
1448 227 1730 310 ἐπαράσα-

39 333 176 382 σθαι
193 326 349 381 παιδὶ
363 324 709 394 θυμωθέντα
734 321 828 378 καὶ
847 317 1154 397 Ἱππολύτω
1173 328 1356 394 Θησέα
1384 325 1478 380 καὶ
1507 322 1731 394 ἑτέρους

37 407 231 483 ἄλλοις
251 408 488 478 μυρίους
514 408 789 476 μυρίοις,’
770 396 855 459 ῶν
870 404 1067 473 γε’γονε
1087 404 1261 476 σαφὲς
1286 404 1561 477 ἐπηκόους
1590 404 1732 462 εἶναι

33 494 266 559 γονεῦσι
282 485 426 558 πρὸς
442 489 610 543 τέκνα
629 483 829 550 θεούς·
875 482 1068 556 ἀραῖος
1093 484 1203 557 γὰρ
1233 485 1435 556 γονεὺς
1456 488 1725 559 ἐκγόνοις,
1757 492 1789 535 C

35 567 112 635 ῶς
129 565 315 635 οὐδεὶς
335 570 522 639 ἕτερος
546 565 750 636 ἄλλοις,
778 566 1114 623 δικαιότατα.
1158 568 1234 639 μὴ
1265 567 1335 638 δή
1360 589 1443 633 τις
1471 565 1731 639 ἀτιμαζο-

33 653 185 725 μένφ
201 651 308 720 μὲν
324 648 704 720 διαφερόντως
722 651 889 716 πατρὶ
906 647 1047 720 πρὸς
1061 652 1280 705 παίδων
1296 651 1389 706 καὶ
1405 651 1570 722 μητρὶ
1587 650 1731 707 θεὸν

32 730 275 801 ἐπήκοον
294 733 393 800 [ἐν]
413 728 596 801 εὐχαῖς
611 727 860 802 ἡγείσθω
878 736 1175 802 γίγνεσθαι
1193 730 1333 787 κατὰ
1354 731 1549 802 φύσιν,
1568 753 1729 803 τιμω-

30 813 183 885 μένῳ
220 810 282 867 δὲ
316 809 428 880 ἄρα
465 813 559 868 καὶ
590 822 877 882 περιχαρεῖ
909 811 1130 883 σφόδρα
1165 815 1467 887 γενομένω,
1503 813 1599 869 καὶ
1636 814 1730 869 διὰ

30 893 99 948 τὰ
121 899 350 950 τοιαῦτα
369 892 554 964 εὐχαῖς
571 899 818 963 λιπαρῶς
835 897 912 958 εἰς
929 891 1119 964 ἀγαθά
1137 905 1252 959 τοῖς
1285 896 1442 950 παισὶ
1471 913 1730 965 παρακα-
1829 913 1837 920 ·

31 982 268 1042 λοῦντος
288 974 482 1046 θεούς,
512 974 619 1031 οὐκ
653 974 765 1045 ἄρα
790 974 859 1031 τά
887 980 1117 1032 τοιαῦτα
1135 973 1367 1033 ἀκούειν
1393 978 1452 1042 ἐξ
1480 983 1609 1032 ἴσου
1636 977 1731 1032 καὶ

34 1058 221 1127 νέμειν
258 1055 388 1129 ἡμῖν
415 1054 624 1122 αὐτοὺς
657 1054 1018 1129 ἡγησόμεθας
1058 1054 1184 1115 ἀλλ’
1222 1055 1327 1114 οὐκ
1364 1056 1439 1114 ἄν
1471 1076 1606 1114 ποτε
1642 1062 1730 1113 δί-

33 1160 180 1195 καιοι
211 1149 398 1211 νομεῖς
424 1136 536 1197 εἷεν
564 1136 823 1211 ἀγαθῶν,
842 1135 875 1195 ὃ
903 1139 973 1211 δή
994 1161 1182 1212 φαμεν
1198 1138 1399 1212 ἥκιστα
1416 1146 1574 1205 θεοῖς
1588 1137 1730 1196 εἶναι

33 1223 264 1291 πρέπον.

177 1308 297 1359 ΚΔ.
332 1303 495 1359 Πολύ
519 1323 599 1373 γε.
1643 1328 1647 1331 ’

171 1390 291 1441 Ae.
334 1380 567 1460 Ουκοῦν
591 1381 1057 1455 διανοηθῶμεν,
1035 1406 1066 1439 ο
1097 1391 1315 1469 σμικρῶ
1343 1362 1620 1456 πρότερον
1649 1391 1732 1440 εῦ-

30 1484 229 1537 πομεν,
249 1486 324 1531 ως
350 1463 519 1522 οὐδὲν
546 1462 688 1536 πρὸς
713 1470 871 1521 θεῶν
896 1464 1227 1538 τιμιώτερον
1258 1464 1461 1537 ἄγαλμ’
1494 1463 1570 1522 ἄν
1596 1486 1733 1536 κτη-
1779 1497 1783 1500 -

33 1551 276 1618 σαίμεθα
307 1544 519 1645 πατρὸς
550 1547 646 1602 καὶ
681 1545 1034 1617 προπάτορος
1068 1548 1419 1620 παρειμένων
1453 1546 1602 1620 γήρᾳ
1638 1548 1732 1603 καὶ

31 1631 286 1702 μητέρων
312 1627 416 1700 τὴν
448 1624 628 1699 αὐτὴν
654 1629 898 1699 δύναμιν
924 1632 1192 1699 ἐχουσῶν,
1221 1626 1322 1694 οὓς
1350 1650 1487 1686 οταν
1517 1627 1731 1700 ἀγάλλῃ
1833 1657 1841 1664 ·

33 1731 116 1777 τις
128 1720 325 1781 τιμαῖς,
349 1713 592 1782 γέγηθεν
614 1706 646 1765 ὁ
670 1709 832 1776 θεός·
870 1709 941 1766 οὖ
957 1709 1067 1782 γάρ
1087 1706 1161 1766 ἀν
1178 1710 1415 1783 ἐπήκοος
1431 1704 1506 1783 ἦν
1523 1709 1728 1766 αὐτῶν.

33 1789 370 1864 θαυμαστὸν
395 1792 505 1862 γὰρ
533 1790 605 1863 δή
632 1810 746 1848 που
773 1789 837 1847 τὸ
867 1792 1168 1863 προγόνων
1195 1794 1405 1864 ἵδρυμα
1431 1789 1567 1863 ἡμῖν
1596 1794 1729 1861 ἐστί,

34 1874 415 1946 διαφερόντως
461 1880 576 1930 τῶν
611 1872 868 1947 ἀψύχων·
907 1875 976 1931 τά
1015 1878 1118 1947 μὲν
1153 1876 1262 1946 γὰρ
1295 1873 1728 1947 θεραπευόμενα

36 1955 138 2029 ὑφ’
156 1954 335 2030 ἡμῶν,
354 1955 460 2013 ὅσα
490 1961 727 2030 ἔμψυχα,
756 1958 1077 2030 ξυνεύχεται
1103 1956 1380 2028 ἑκάστοτε,
1411 1960 1505 2018 καὶ
1532 1954 1730 2029 ἀτιμα-

36 2039 236 2110 ζόμενα
270 2036 665 2112 τάναντία,τά
701 2037 753 2095 δ’
798 2037 1082 2110 οὐδέτερα,
1131 2038 1272 2096 ῶστε
1315 2061 1390 2095 αν
1425 2037 1615 2111 ὀρθῶς
1650 2059 1732 2103 τις

34 2127 228 2193 χρῆται
244 2122 411 2191 πατρὶ
428 2122 523 2176 καὶ
550 2121 863 2191 προπάτορι
881 2123 973 2179 καὶ
992 2128 1128 2178 πᾶσι
1144 2132 1258 2187 τοῖς
1274 2119 1566 2191 τοιούτοις,
1584 2118 1732 2176 πάν-

35 2223 150 2258 των
176 2202 317 2273 πρὸς
338 2207 582 2275 θεοφιλῆ
610 2213 814 2276 μοῖραν
838 2202 1155 2276 κυριώτατα
1181 2200 1520 2275 ἀγαλμάτων
1542 2198 1618 2259 ἀν
1635 2222 1732 2258 κε-

36 2304 215 2355 κτῃτο.

176 2369 296 2421 ΚΛ.
331 2363 589 2421 Κάλλιστ’
613 2364 774 2431 εἶπες.

175 2453 292 2504 ΑΘ.
338 2451 460 2514 Πᾶς
488 2445 557 2520 δὴ
590 2453 733 2505 νοῦν
770 2450 912 2518 ἔχων
941 2451 1195 2519 φοβεῖται
1230 2447 1323 2503 καὶ
1353 2450 1486 2518 τιμᾷ
1513 2448 1729 2515 γονέων

39 2521 222 2595 εὐχάς,
251 2523 414 2593 stode-
433 2534 656 2595 πολλοῖς
690 2530 783 2585 καὶ
809 2529 1076 2594 πολλάκις
1111 2532 1371 2591 ἐπιτελεῖς
1406 2529 1725 2597 γενομένας.

38 2605 256 2663 τούτων
272 2599 380 2664 οὖν
404 2605 551 2667 οὕτω
571 2609 741 2683 ’φύσει
760 2611 1201 2681 διατεταγμένων
1218 2618 1332 2675 τοῖς
1356 2609 1462 2679 μὲν
1488 2605 1726 2679 ἀγαθοῖς
1755 2613 1845 2663 932

38 2688 270 2760 ἕρμαιον
287 2688 557 2762 πρόγονοι
574 2695 815 2764 γηραιοί,
834 2695 1031 2759 ζῶντες
1049 2693 1206 2762 μέχρι
1226 2695 1341 2747 τῶν
1358 2688 1604 2761 ἐσχάτων
1623 2695 1726 2746 τοῦ

39 2776 186 2842 βίου,
217 2773 308 2829 καὶ
335 2767 593 2840 ἀπιόντες
621 2777 739 2833 νέοι
768 2771 989 2846 σφόδρα
1018 2777 1294 2845 ποθεινοί,
1316 2781 1430 2838 τοῖς
1450 2773 1511 2828 δὲ
1539 2781 1728 2838 κακοῖς

1895 730 1969 775 ,ι
