1976 3172
235 125 341 177 274
856 124 1331 173 ΠΛΑΤΩΝΟΣ

239 275 338 329 σης
353 259 592 329 ἐσθῆτος
611 254 647 328 ἢ
666 264 877 328 πλοκῆς
894 254 931 328 ἢ
959 257 1235 328 πιλήσεως
1262 256 1299 328 ἤ
1327 279 1497 314 τινων
1527 257 1715 316 ἄλλων
1743 274 1932 316 τοιου-

237 361 368 411 των,
402 339 580 405 ξένοις
606 341 667 394 δὲ
693 337 1000 410 ἀναγκαῖον
1034 337 1305 395 ῶνεῖσθαι
1336 336 1474 438 παρ’
1507 338 1694 398 ἄλλων
1721 345 1932 411 κτωμέ-

239 444 372 487 νοις.
407 425 706 492 καπηλείας
727 423 788 476 δὲ
804 420 1022 476 τούτων
1039 417 1075 491 η’
1092 425 1316 490 κριθῶν
1340 416 1380 491 ἦ
1396 428 1594 491 πυρῶν
1623 427 1699 487 είς
1727 422 1932 493 άλφιτα

237 507 622 607 νεμηθέντων,
649 499 687 573 ἢ
715 505 808 559 καὶ
837 501 941 574 τὴν
976 501 1152 583 ἄλλην
1182 503 1478 574 ξύμπασαν
1499 504 1720 576 τροφὴν
1749 503 1934 568 ἀστοῖς

239 585 341 658 μὲν
368 587 462 642 καὶ
479 585 698 641 τούτων
727 585 950 651 δούλοις
975 585 1111 657 μήτε
1128 607 1210 651 τις
1236 591 1482 641 πωλείτω
1507 587 1643 658 μήτε
1675 585 1931 642 ὠνείσθω

179 679 213 718 D
240 665 390 736 παρὰ
410 665 671 723 τοιούτου
681 670 870 738 μηδεὶς
888 667 1145 738 μηδενός,
1158 669 1219 723 ἐν
1236 668 1299 723 δὲ
1316 678 1436 732 ταῖς
1453 674 1581 723 τῶν
1586 670 1761 733 ξένων
1781 670 1935 733 ξένος

239 748 468 820 ἀγοραῖς
486 754 733 804 πωλείτω
753 758 864 814 τοῖς
889 752 1246 820 δημιουργοῖς
1263 770 1323 804 τε
1341 751 1433 804 καὶ
1451 749 1668 804 τούτων
1693 749 1933 815 δούλοις,

242 838 403 886 οἴνου
431 850 491 884 τε
518 829 1000 899 μεταβαλλόμενος
1027 830 1121 884 καὶ
1158 834 1316 884 σίτου
1347 835 1575 899 πρᾶσιν,
1606 829 1639 884 ὃ
1664 832 1730 899 δη
1752 848 1932 899 καπη-

240 915 396 967 λείαν
416 910 857 980 ἐπονομάζουσιν
875 912 1210 978 οἱπλεῖστοι,
1241 911 1335 964 καὶ
1359 908 1515 975 ζώων
1542 913 1934 980 διαμερισθέν-

239 1014 354 1048 των
372 991 626 1063 μάγειροι
646 994 1024 1048 διατιθέσθων
1049 993 1224 1057 ξένοις
1250 1011 1310 1046 τε
1338 992 1431 1046 καὶ
1459 995 1815 1062 δημιουργοῖς
1844 993 1934 1047 καὶ

240 1074 462 1131 τούτων
483 1075 731 1138 οἰκέταις.
758 1078 947 1129 πᾶσαν
962 1074 1022 1129 δὲ
1044 1070 1192 1143 ὕλην
1210 1072 1488 1143 καύσιμον
1499 1070 1765 1143 ὁσημέραι
1782 1076 1935 1139 ξένος

241 1153 270 1211 ὁ
293 1157 595 1226 βουληθεὶς
621 1156 879 1212 ω’νείσθω
896 1159 1000 1227 μὲν
1027 1154 1254 1227 ἀθρόαν
1279 1156 1429 1226 παρὰ
1451 1161 1566 1210 τῶν
1593 1158 1655 1211 ἐν
1685 1167 1798 1221 τοῖς
1825 1176 1935 1226 χω-

240 1244 381 1309 ρίοις
400 1237 733 1308 ἐπιτρόπων,
762 1244 1012 1295 πωλείτω
1033 1237 1093 1293 δὲ
1111 1236 1277 1303 αὐτὸς
1295 1249 1408 1303 τοῖς
1428 1242 1619 1309 ξένοις,
1638 1237 1775 1294 καθ’
1798 1236 1935 1294 ὅσον

240 1317 314 1377 ἂν
332 1321 602 1393 βούληται
627 1322 720 1377 καὶ
738 1319 951 1376 ὁπόταν
968 1318 1239 1391 βούληται
1254 1344 1266 1355 ·
1303 1326 1419 1375 τῶν
1437 1324 1497 1376 δὲ
1516 1319 1703 1377 ἄλλων
1721 1323 1935 1393 χρημάο

182 1419 214 1458 Ε
239 1426 354 1460 των
377 1404 606 1460 πάντων
624 1404 716 1459 καὶ
738 1409 974 1473 σκευῶν,
995 1399 1220 1457 ὁπόσων
1241 1403 1520 1458 ἑκάστοισι
1536 1410 1709 1474 χρεία,
1730 1411 1935 1459 πωλεῖν

241 1493 316 1552 εἰς
347 1485 453 1558 τὴν
480 1486 681 1555 κοινὴν
708 1484 924 1555 ἀγορὰν
945 1489 1223 1555 φέροντας
1253 1488 1330 1548 εἰς
1358 1483 1458 1539 τὸν
1485 1485 1662 1541 τόπον
1681 1486 1933 1555 ἕκαστον,

239 1572 303 1625 ἐν
324 1563 405 1633 οἷς
423 1565 495 1624 ἀν
515 1568 906 1638 νομοφύλακές
922 1588 981 1623 τε
1001 1569 1093 1622 καὶ
1111 1565 1455 1638 ἀγορανόμοι
1473 1566 1582 1637 μετ’
1601 1567 1936 1639 ἀστυνόμων

239 1650 648 1721 τεκμηράμενοι
665 1653 829 1720 ἕδρας
848 1649 1169 1721 πρεπούσας
1187 1649 1359 1720 ὅρους
1368 1657 1584 1706 θῶνται
1601 1659 1716 1706 τῶν
1735 1649 1932 1707 ῶνίων·

241 1735 305 1789 ἐν
323 1732 543 1798 τούτοις
570 1733 941 1790 ἀλλάττεσθαι
979 1732 1225 1805 νόμισμά
1259 1754 1319 1788 τε
1346 1733 1645 1803 χρημάτων
1681 1733 1774 1788 καὶ
1796 1733 1934 1805 χρή-

240 1837 387 1886 ματα
405 1819 760 1886 νομίσματος,
786 1817 860 1888 μὴ
883 1816 1216 1887 προϊέμενον
1243 1814 1417 1871 ἄλλον
1443 1815 1608 1888 ἑτέρῳ
1638 1814 1742 1885 τὴν
1763 1813 1935 1871 ἀλλα-

239 1898 376 1969 γήν·
408 1895 437 1954 ὁ
469 1897 530 1954 δὲ
549 1900 856 1971 προέμενος
888 1896 961 1963 ῶς
989 1898 1285 1969 πιστεύων,
1315 1896 1416 1952 ἐάν
1435 1917 1494 1952 τε
1521 1901 1814 1968 κομίσηται
1843 1900 1935 1954 καὶ

242 1975 314 2036 ἂν
354 1981 448 2053 μή,
479 1986 751 2054 στεργέτω
787 1980 862 2048 ὡς
896 1980 1082 2039 οὐκέτι
1123 1987 1279 2054 δίκης
1315 1979 1487 2052 οὔσης
1510 1986 1626 2036 τῶν
1662 1979 1936 2036 τοιούτων

123 2069 212 2128 850
240 2066 368 2135 περὶ
388 2063 801 2131 συναλλάξεων.
839 2063 901 2121 τὸ
922 2068 982 2121 ’δὲ
1002 2064 1227 2136 ὠνηθὲν
1243 2059 1280 2135 ἢ
1298 2063 1519 2132 πραθὲν
1540 2060 1656 2136 ὅσῳ
1674 2065 1843 2119 πλέον
1862 2058 1935 2117 ἄν

241 2140 280 2215 ᾗ
297 2149 389 2201 καὶ
409 2147 644 2212 πλέονος
660 2143 698 2217 ἢ
712 2145 852 2204 κατὰ
871 2146 971 2203 τὸν
989 2147 1185 2218 νόμον,
1207 2143 1268 2212 ὃς
1287 2153 1472 2217 εἴρηκε
1490 2145 1673 2202 πόσου
1692 2162 1935 2216 προσγε-
1971 2198 1976 2206 ,

241 2229 485 2302 νομένου
521 2231 616 2285 καὶ
644 2227 1064 2301 ἀπογενομένου
1095 2233 1183 2285 δεῖ
1203 2231 1474 2300 μηδέτερα
1497 2230 1715 2285 τούτων
1737 2238 1933 2294 ποιεῖν,

242 2305 624 2380 ἀναγραφήτω
660 2310 777 2369 τότ’
808 2313 916 2384 ἤδη
946 2312 1097 2382 παρὰ
1127 2322 1241 2377 τοῖς
1262 2311 1613 2383 νομοφύλαξι
1645 2312 1708 2366 τὸ
1743 2313 1930 2378 πλέον,

245 2391 620 2462 ἐξαλειφέσθω
639 2394 701 2447 δὲ
718 2391 780 2447 τὸ
804 2396 1082 2449 ἐναντίον·
1111 2392 1180 2448 τά
1210 2392 1353 2447 αὐτοὶ
1386 2393 1447 2447 δὲ
1476 2395 1567 2447 καὶ
1595 2394 1720 2460 περὶ
1749 2396 1933 2460 μετοί-

244 2493 363 2528 κων
383 2476 523 2528 ἔστω
558 2479 656 2546 τῆς
684 2471 1013 2545 ἀναγραφῆς
1038 2475 1164 2543 πέρι
1191 2479 1290 2543 τῆς
1327 2470 1536 2537 οὐσίας.
1572 2475 1712 2529 ἰέναι
1740 2473 1799 2528 δὲ
1831 2471 1931 2527 τὸν

245 2557 594 2628 βουλόμενον
631 2559 708 2621 εἰς
733 2554 837 2627 τὴν
865 2559 1182 2628 μετοίκησιν
1208 2555 1297 2610 ἐπὶ
1328 2556 1528 2626 ῥητοῖς,
1561 2550 1633 2618 ὡς
1669 2554 1934 2624 οἰκήσεως

245 2636 416 2709 οὔσης
437 2643 552 2693 τῶν
571 2641 745 2704 ξένων
764 2639 1184 2713 τῷῆβουλομένῳ
1204 2636 1296 2692 καὶ
1315 2637 1608 2710 δυναμένῳ
1638 2647 1930 2708 μετοικεῖν,

181 2738 212 2778 Β
245 2724 439 2792 τέχνην
456 2724 772 2795 κεκτημένῳ
799 2722 892 2777 καὶ
920 2723 1279 2792 ἐπιδημοῦντι
1310 2718 1383 2790 μὴ
1414 2723 1586 2776 πλέον
1613 2721 1753 2775 ἐτῶν
1783 2727 1931 2792 εἴκο-

247 2820 355 2873 σιν,
377 2802 470 2874 ἀφ’
491 2798 559 2875 ἧς
576 2800 649 2860 ἂν
667 2804 962 2876 γράψηται,
983 2808 1259 2875 μετοίκιον
1272 2805 1409 2874 μηδὲ
1427 2801 1662 2875 σμικρὸν
1680 2809 1931 2859 τελοῦντι
