1976 3172
51 144 60 147 -
106 105 250 151 xxvm
803 109 1191 154 PRAEFATIO.

104 224 282 276 scripsi,
313 222 427 272 quod
457 222 669 273 quomodo
702 234 797 262 cum
828 216 996 290 ῤἠτὲον
1025 225 1318 277 conciliarem,
1350 239 1434 268 non
1458 229 1747 278 inveniebam3
1780 233 1895 283 quod

104 289 243 320 autem
278 280 476 331 deinceps
510 279 649 320 Turic.
681 273 939 332 εἰρημένων
976 282 1021 320 in
1052 256 1318 335 εἰρηκότων
1335 285 1541 336 Astioque
1574 292 1614 325 et
1646 287 1788 328 Ficino
1819 303 1894 330 au-

103 338 288 377 ctoribus
330 333 498 391 παιδιᾷ
536 337 580 376 in
619 334 815 393 παιδείᾳ
853 344 1092 404 mutarunt,
1132 342 1324 391 quamvis
1362 347 1556 382 neutrum
1589 344 1782 384 codicum
1810 347 1893 389 fide

103 399 264 445 careat,
301 394 484 447 probare
522 405 606 434 non
642 395 784 447 potui,
828 396 1039 447 mirorque
1078 399 1292 449 posterius
1329 400 1455 439 etiam
1495 398 1771 442 Stallbaumio
1801 404 1894 456 pla-

102 452 268 500 cuisse,
312 462 441 502 quum
487 452 680 504 proxime
722 464 903 503 sequens
942 452 1288 506 προσπαίσοιντι
1328 456 1451 497 huic
1466 470 1633 521 quoque
1676 459 1771 499 loco
1808 461 1899 500 ludi

101 508 451 573 significationem
489 508 690 551 vindicet.
759 509 859 551 Mox
889 523 1061 566 quoque
1103 524 1149 564 p.
1193 512 1276 553 981
1318 513 1357 553 A
1393 507 1529 553 τοῦτό
1566 526 1617 567 γε
1654 528 1779 562 cum
1790 515 1896 557 VBS

101 578 229 617 quam
261 559 365 605 τότε
408 578 503 606 cum
541 566 639 606 Tur.
678 571 720 606 et
731 567 877 634 ecodd.
921 565 1003 607 252
1033 575 1265 610 correctore
1299 571 1482 611 scribere
1521 573 1675 622 malui,
1716 574 1896 626 ipsoque

99 624 207 664 adeo
237 622 268 662 P
297 623 429 663 invito
467 635 510 676 Ρ.
545 622 627 665 981
662 622 694 664 C
723 614 929 664 ἑκάστων
957 637 1054 665 cum
1079 625 1152 666 VB
1181 638 1260 679 pro
1292 620 1488 667 ἕκαστον
1517 631 1736 679 revocavi,
1777 632 1893 681 quod

101 681 180 720 etsi
212 678 275 720 ST
307 693 360 720 ex
385 681 580 721 omnibus
612 681 700 722 fere
710 681 848 733 libris
885 683 1148 732 asciverunt,
1182 689 1434 724 structuram
1467 690 1610 726 tamen
1638 688 1714 727 vix
1741 687 1894 728 tolera-

97 737 226 777 bilem
269 737 419 787 efficit;
461 751 506 791 p.
540 737 624 780 981
658 739 693 779 Ε
730 752 830 780 vero
870 739 1030 780 nullam
1060 752 1230 781 causam
1258 741 1372 790 vidi,
1416 754 1490 782 cur
1524 744 1650 783 unius
1659 741 1725 806 'E
1758 743 1896 814 pluris

99 807 225 845 quam
254 795 514 861 reliquorum
547 797 735 836 omnium
762 796 846 837 fide
876 797 1021 837 habita
1050 792 1207 837 πάντα
1235 810 1312 851 pro
1342 791 1485 838 πάλιν
1523 805 1564 839 et
1593 797 1738 839 ταῦτα
1773 793 1897 840 εἶναι

98 858 195 904 post
234 843 440 904 οὐρανὸν
477 854 731 908 retinerem,
774 866 884 905 quae
921 855 1001 895 etsi
1041 856 1372 896 commodiorem
1410 869 1508 897 cum
1550 858 1895 898 antecedentibus

97 921 256 950 nexum
287 909 455 950 efficere
484 911 702 961 videntur,
743 911 825 951 hac
854 913 949 965 ipsa
975 918 1116 953 tamen
1154 926 1200 954 re
1232 913 1578 982 interpolamenti
1609 915 1896 968 suspicionem

98 967 299 1010 excitant.
337 989 394 997 —
429 969 477 1013 P.
507 967 592 1010 983
626 967 657 1009 G
691 974 740 1009 ut
770 981 866 1022 sup.
906 981 950 1022 Ρ.
983 969 1071 1011 974
1106 971 1145 1010 A
1176 963 1244 1022 μή
1275 981 1348 1010 τοι
1368 983 1455 1024 pro
1486 966 1557 1023 μή
1588 984 1634 1011 τι
1668 972 1767 1013 libri
1804 973 1894 1013 fere

102 1036 249 1064 omnes
276 1023 497 1074 exhibent,
530 1038 637 1076 quos
663 1025 792 1067 miror
821 1038 907 1067 non
936 1032 983 1066 ut
1012 1027 1100 1067 illic
1131 1028 1260 1067 etiam
1288 1027 1524 1068 Bekkerum
1549 1035 1740 1070 secutum
1774 1041 1896 1079 esse,

96 1082 255 1121 rectius
284 1081 357 1122 hic
384 1095 429 1135 p.
466 1081 554 1123 984
577 1084 608 1122 Β
642 1075 695 1122 τὸ
728 1076 813 1134 μὲν
845 1089 942 1123 ante
971 1076 1220 1122 ἀθάνατον
1259 1097 1355 1123 cum
1385 1086 1482 1124 Par.
1514 1087 1678 1136 omisit,
1717 1086 1893 1126 solemni

97 1138 259 1202 ellipsi,
319 1151 374 1178 ua
407 1140 459 1178 de
491 1138 546 1178 cf.
578 1139 818 1179 Hoffmann.
852 1141 897 1178 in
927 1139 1053 1179 Jahn.
1079 1139 1235 1180 Archiv
1259 1140 1306 1178 T.
1332 1139 1425 1189 XII,
1446 1153 1492 1193 Ρ.
1524 1141 1623 1182 391.
1648 1164 1705 1172 --
1734 1144 1780 1182 Ρ.
1809 1142 1897 1184 984

94 1196 128 1234 E
158 1169 266 1234 οὐδ’
320 1187 531 1246 ρώμενον
558 1196 620 1244 Η,
653 1187 710 1235 οὗ
740 1190 1028 1246 ὃιοροόμενον
1054 1197 1118 1246 V,
1147 1186 1203 1236 ὂν
1231 1190 1520 1248 διοροόμενον
1546 1197 1649 1239 BST
1677 1212 1773 1239 cum
1796 1200 1892 1241 Par.

95 1252 275 1303 aliisque
301 1251 419 1292 libris
449 1253 660 1306 probatis,
692 1253 844 1303 quibus
874 1253 981 1305 ipsis
1003 1259 1145 1293 tamen
1170 1254 1298 1294 fidem
1321 1253 1481 1295 habere
1504 1267 1617 1294 nunc
1646 1268 1731 1296 non
1756 1258 1892 1322 potui,

96 1310 197 1361 quia
225 1302 514 1362 διορῶμενον
549 1322 627 1363 pro
659 1306 888 1378 διαφανεῖ
916 1311 1000 1350 dici
1027 1311 1100 1351 vix
1132 1311 1325 1354 arbitror.
1357 1331 1416 1341 —-
1439 1311 1488 1352 Ρ.
1512 1311 1598 1354 985
1627 1312 1661 1351 Ε
1694 1306 1901 1360 δυνατὸς

92 1367 130 1406 Η
161 1378 256 1407 curn
286 1367 407 1407 Astio
442 1372 484 1407 et
521 1365 701 1420 Grovio,
741 1361 974 1413 ἀδύνατος
1003 1366 1123 1416 libri;
1149 1374 1208 1408 .-at
1245 1367 1364 1408 nulla
1403 1369 1496 1421 ejus
1534 1369 1660 1422 culpa
1698 1376 1785 1424 est,
1821 1372 1895 1421 qui

97 1423 313 1464 debilitate
338 1424 570 1483 impeditus
597 1424 783 1465 officium
802 1425 1011 1479 neglig-au
1044 1425 1341 1466 emendatione
1360 1427 1493 1479 igitur
1519 1439 1626 1479 opus
1649 1433 1751 1480 erat,
1784 1439 1894 1478 quae

95 1480 298 1522 facultate
338 1481 507 1521 dicendi
537 1473 777 1535 praeditum
805 1488 948 1523 tamen
984 1483 1169 1523 tacuisse
1201 1482 1457 1533 declararet3
1498 1484 1730 1535 eademque
1764 1497 1893 1525 causa

36 1547 42 1551 ·
95 1544 160 1578 est
198 1539 412 1589 sequentis
455 1537 778 1606 προθυμοῖτο,
830 1539 946 1591 quod
985 1540 1031 1579 in
1073 1531 1396 1605 προυθυμεῖτο
1438 1541 1595 1581 mutari
1638 1542 1892 1583 antecedens

95 1589 262 1647 ἔφραζε
300 1597 539 1637 necessario
573 1598 766 1650 jubebat.
802 1620 861 1628 —-
892 1597 941 1638 P.
972 1595 1060 1639 986
1089 1597 1129 1637 A
1165 1589 1390 1638 ἀπλανῶν
1429 1599 1604 1664 Astius,
1642 1596 1893 1666 πλανητῶν

93 1653 219 1703 11br1,
251 1653 365 1704 quod
397 1654 491 1707 ipsa
521 1656 730 1698 sententia
756 1655 1051 1708 redarguitur3
1089 1667 1168 1695 nec
1199 1667 1244 1708 p.
1274 1654 1359 1697 987
1392 1654 1423 1695 C
1447 1645 1611 1706 ’Ἄρεως
1641 1668 1719 1709 pro
1738 1647 1894 1709 ’Ἄρεος

94 1711 355 1751 constantiae
386 1711 634 1753 defensione
662 1718 780 1767 eget3
812 1712 925 1764 quod
951 1719 1091 1752 autem
1116 1724 1164 1765 p.
1189 1712 1276 1754 988
1305 1711 1337 1752 C
1367 1718 1464 1752 ante
1490 1710 1597 1759 οἵας
1623 1714 1783 1754 inserui
1811 1709 1893 1753 καὶ
1946 1722 1954 1730 ·

91 1760 237 1820 οθεν,
271 1768 408 1820 ipsius
435 1770 533 1809 Par.
568 1771 765 1823 vestigiis
796 1770 966 1820 nititur,
1005 1771 1127 1823 cujus
1166 1769 1293 1810 lectio
1329 1765 1409 1809 καὶ
1451 1762 1476 1809 ὃ
1505 1783 1624 1838 wwu
1625 1766 1707 1810 καὶ
1744 1771 1894 1811 leniter

93 1798 316 1866 emendata
348 1827 566 1879 egregium
593 1826 675 1868 hoc
704 1827 1037 1868 additamentum
1066 1828 1278 1880 praebuit.
1307 1849 1364 1856 —
1398 1827 1562 1869 Ibidem
1591 1818 1652 1880 ἣν
1680 1821 1733 1868 τὸ
1764 1826 1894 1880 σῶμα

89 1895 167 1936 pro
197 1872 259 1934 ἣν
291 1881 421 1943 σῶμα
451 1882 799 1934 Stallbaumium,
829 1880 1089 1936 θερμότησι
1117 1896 1197 1937 pro
1229 1877 1488 1937 θερμότητι
1515 1885 1721 1927 Orellium
1749 1892 1893 1926 aucto-

91 1952 181 1980 rem
208 1939 361 1989 habet‚
398 1952 477 1980 nec
507 1941 561 1980 de
592 1942 867 1993 sequentibus
896 1941 1050 1994 longus
1079 1953 1172 1981 esse
1202 1941 1320 1991 volo,
1361 1942 1437 1982 ubi
1465 1948 1506 1982 et
1543 1943 1893 1995 interpunctionis

91 1998 369 2037 mutationem
403 2003 444 2037 et
474 1999 700 2039 verborum
729 1996 897 2051 θαῦμα
923 1973 1064 2038 οὐδὲν
1093 2000 1355 2039 notationem
1387 1997 1646 2039 Schmidtius
1671 1999 1808 2068 Epist.
1837 1999 1893 2039 ad

92 2055 234 2094 Turic.
259 2066 304 2106 Ρ.
334 2056 359 2095 7
391 2057 769 2121 praemonstravit3
796 2069 839 2109 p.
872 2056 959 2098 990
989 2056 1029 2096 A
1054 2068 1155 2096 vero
1183 2048 1356 2108 ἀγνοοῖ
1377 2066 1426 2095 τε
1454 2068 1532 2109 pro
1558 2049 1769 2108 ἀγνοεῖτε
1797 2068 1891 2095 meo

91 2110 280 2165 periculo
321 2114 475 2163 scripsi
507 2123 641 2164 eoque
670 2111 786 2153 facto
817 2126 975 2153 nexum
1006 2125 1103 2152 cum
1134 2113 1480 2153 antecedentibus
1514 2114 1706 2164 restitui,
1748 2125 1890 2163 quem,

94 2169 230 2209 donec
260 2169 446 2208 secunda
474 2181 658 2221 persona
690 2176 953 2219 servaretur,
986 2170 1103 2210 nulla
1132 2170 1467 2239 interpunctione
1504 2170 1687 2210 editores
1726 2168 1893 2210 efficere

34 2271 42 2275 ,
91 2231 334 2278 p.otuerant
393 2225 513 2266 Mitto
549 2227 764 2276 Ficinum,
805 2229 879 2278 qui
912 2227 1055 2268 nescio
1085 2227 1197 2267 unde
1232 2229 1358 2268 nolite
1395 2230 1596 2279 ignorare
1625 2227 1773 2274 vertit;
1815 2228 1893 2267 sed

94 2283 185 2323 sive
222 2283 522 2335 interrogando
569 2284 926 2337 conjungerentur
965 2276 1284 2336 ἀστρονομίαν
1325 2275 1556 2335 ἀγνοεῖτε,
1605 2283 1697 2322 sive
1742 2284 1891 2322 eadem

91 2340 224 2380 verba
254 2346 410 2392 puncto
443 2338 763 2389 dirimerentur,
798 2352 948 2380 manca
981 2353 1149 2393 semper
1179 2343 1220 2379 et
1248 2338 1394 2379 hiulca
1422 2339 1556 2379 oratio
1587 2339 1786 2379 manebat
1816 2352 1891 2379 ne-

94 2409 175 2448 que
200 2397 366 2437 subitae
397 2397 664 2438 allocutionis
694 2398 801 2438 ratio
834 2398 1090 2462 apparebat,
1124 2409 1206 2448 qua
1231 2395 1299 2436 his
1327 2397 1599 2448 potissimum
1626 2394 1890 2436 auditoribus

92 2455 335 2508 ignorantia
369 2455 716 2508 exprobraretur;
749 2467 861 2495 nunc
894 2447 1066 2521 dyvopt
1080 2454 1145 2494 ad
1174 2465 1245 2500 τις
1276 2453 1410 2494 relato
1443 2453 1583 2493 omnia
1616 2452 1896 2503 aequabiliter

92 2511 345 2564 procedunt
383 2532 433 2544 ·—
459 2511 678 2552 Postremo
706 2523 752 2565 p.
785 2511 872 2553 992
901 2511 931 2552 C
957 2504 1098 2558 αὐτὸς
1127 2523 1204 2565 pro
1230 2502 1371 2557 αὐτὸς
1402 2522 1497 2551 cum
1526 2510 1646 2550 libris
1673 2509 1887 2561 revocavi,

92 2581 334 2620 quanquam
367 2576 408 2609 et
445 2569 663 2609 lenissima
692 2574 732 2609 et
760 2570 1107 2610 commodissima
1136 2567 1316 2609 Bekkeri
1343 2568 1579 2608 emendatio
1615 2572 1702 2614 est;
1741 2578 1888 2607 neces-

94 2627 274 2671 sitatem„
293 2632 434 2667 tamen
460 2638 545 2667 non
569 2626 641 2667 hic
676 2627 816 2680 magis
843 2639 969 2678 quam
997 2626 1162 2668 Phileb.
1190 2638 1236 2679 p.
1269 2626 1327 2667 54
1354 2626 1390 2665 D
1424 2637 1632 2678 agnosc03
1667 2624 1775 2665 adde
1805 2623 1888 2663 De-

91 2683 247 2728 mosth.
273 2683 451 2725 Androt.
480 2685 522 2734 §-
548 2684 631 2734 70,
665 2684 832 2736 Leptin.
865 2685 904 2734 §.
938 2684 1023 2726 149
1050 2691 1127 2725 etc.

211 2740 302 2786 Scr.
333 2741 557 2795 Gottingae
588 2741 631 2786 d.
664 2741 735 2782 111.
769 2741 954 2795 Augusti
986 2754 1023 2782 a.
1057 2739 1324 2784 MDCCCLII.

1309 2796 1360 2839 c.
1391 2796 1473 2839 Pr.
1504 2796 1766 2838 Hermann.
