1976 3172
265 169 369 222 212
879 168 1355 217 ΠΛΑΤΩΝΟΣ

266 303 415 368 ὅπως
435 299 506 358 ἂν
523 300 655 374 ἡμῖν
675 305 731 357 οἱ
747 304 934 366 παῖδες
954 301 1088 372 μήτε
1107 304 1455 372 ἐπιθυμῶσιν
1487 299 1672 356 ἄλλων
1700 303 1946 374 μιμημά-

262 407 376 442 τ-ων
406 383 680 440 ἅπτεσθαι
709 380 850 439 κατὰ
887 379 1134 454 ὀρχήσεις
1162 379 1199 453 ἦ
1221 379 1359 438 κατὰ
1388 385 1674 455 μελῳδίας,
1702 384 1836 455 μήτε
1866 407 1947 451 τις

264 465 469 532 αὐτοὺς
487 470 648 539 πείσῃ
672 464 975 538 προσάγων
995 470 1257 530 παντοίας
1275 461 1510 536 ἡδονάς;

407 554 527 604 KA.
562 546 868 619 Ὀρθότατα
887 550 1076 618 λέγεις.
1575 551 1579 555 ”

145 642 230 688 799
402 637 519 687 ΛΘ.
540 628 688 702 Ἕχει
712 651 795 695 τις
815 622 922 684 οὖν
950 625 1109 699 ἡμῶν
1139 631 1225 684 ἐπὶ
1249 627 1312 684 τὰ
1341 634 1569 685 τοιαῦτα
1598 635 1794 702 βελτίω
1822 653 1945 687 τινα

147 754 155 780 ,
260 717 456 786 τέχνην
475 719 570 784 τῆς
587 718 700 768 τῶν
724 716 1075 782 Αἰγυπτίων;

400 801 516 850 KA.
555 798 731 858 Ποίας
749 791 815 862 δὴ
838 793 1038 862 λέγεις·
1026 833 1040 857 ,

399 882 516 931 ΑΘ.
561 880 676 929 Τοῦ
696 879 1041 954 καθιερῶσαι
1060 879 1245 928 πᾶσαν
1274 874 1426 944 μὲν’
1405 876 1650 948 ὄρχησιν,
1681 876 1860 932 πάντα
1888 877 1947 934 δε

259 960 411 1030 μέλη,
431 956 704 1022 τάξαντας
723 958 945 1025 πρῶτον
966 955 1066 1023 μὲν
1094 974 1190 1018 τας
1220 955 1413 1054 ἑορτὰς
1441 957 1947 1030 συλλογισαμένους

260 1044 335 1104 εἰς
357 1037 457 1095 τὸν
478 1034 754 1107 ἐνιαυτόν,
778 1034 1003 1100 ἅστινας
1023 1038 1084 1091 ἐν
1099 1030 1179 1099 οἷς
1197 1036 1418 1107 χρόνοις
1440 1040 1539 1094 καὶ
1567 1036 1798 1095 οἷστισιν
1817 1041 1946 1097 ἑκά-

259 1139 407 1187 στοις
424 1126 538 1176 τῶν
561 1126 716 1176 θεῶν
745 1120 838 1175 καὶ
867 1119 1020 1173 παισὶ
1042 1117 1258 1174 τούτων
1287 1122 1378 1175 καὶ
1409 1124 1628 1192 δαίμοσι
1655 1125 1948 1192 γίγνεσθαι

257 1203 454 1275 χρεών,
476 1202 613 1274 μετὰ
634 1203 694 1259 δὲ
711 1207 877 1258 τοῦτο
894 1203 981 1257 ἐπὶ
998 1211 1111 1266 τοῖς
1129 1207 1244 1257 τῶν
1260 1209 1416 1258 θεῶν
1433 1198 1684 1275 θύμασιν
1703 1204 1948 1269 ἑκάστοις

257 1283 329 1357 ἣν
350 1283 502 1360 ςόδὴν
523 1289 610 1342 δεῖ
623 1289 1013 1357 ἐφυμνεῖσθαι,
1046 1286 1138 1339 καὶ
1164 1290 1404 1355 χορείαις
1433 1290 1642 1341 ποίαισι
1668 1291 1946 1356 γεραίρειν

195 1379 228 1419 Β
258 1366 362 1439 τὴν
378 1368 502 1424 τότε
520 1373 752 1439 θυσίαν,
771 1367 927 1433 τάξαι
946 1367 1048 1437 μὲν
1066 1366 1291 1437 πρῶτόν
1308 1388 1478 1437 τινας,
1501 1366 1537 1422 ὁὶ
1566 1366 1620 1423 δ’
1653 1365 1726 1424 ἂν
1746 1375 1943 1440 ταχθῇ,

258 1454 501 1522 Μοίραις
520 1453 743 1514 καὶτοῖς
773 1449 962 1514 ἄλλοις
982 1453 1116 1502 πᾶσι
1141 1455 1295 1511 θεοῖς
1313 1449 1599 1513 θύσαντας
1618 1454 1777 1519 κοινῇ
1799 1450 1945 1504 πάν-

256 1551 352 1595 τας
396 1530 528 1596 τούς
574 1537 800 1596 πολίτας
848 1533 1187 1593 σπένδοντας
1224 1535 1533 1600 καθιεροῦν
1583 1530 1813 1594 ἑκάστας
1849 1530 1946 1596 τὰς

259 1610 406 1686 ςόδας
426 1611 677 1677 ἑκάστοις
695 1617 810 1667 τῶν
826 1618 982 1667 θεῶν
999 1612 1221 1666 καὶτῶν
1242 1608 1452 1666 ἄλλων·
1487 1608 1559 1666 ἂν
1579 1613 1638 1666 δὲ
1658 1609 1780 1682 παρ’
1804 1610 1944 1668 αὐτά

257 1698 337 1759 τίς
372 1715 448 1767 τςο
488 1700 644 1750 θεαῖν
681 1693 888 1759 άλλους
924 1692 1138 1792 ύμνους
1173 1691 1211 1763 ἢ
1248 1698 1465 1764 χορείας
1506 1694 1775 1766 προσάγῃ,
1815 1715 1974 1760 τους»,

257 1778 435 1847 ἱερέας
451 1797 510 1831 τε
531 1777 621 1831 καὶ
645 1777 742 1840 τὰς
772 1779 969 1846 ἱερείας
998 1773 1133 1846 μετὰ
1163 1775 1578 1846 νομοφυλάκων
1607 1774 1956 1848 ἐξείργοντας
1973 1816 1976 1818 -

257 1854 422 1923 ὁσίως
437 1861 700 1934 ἐξείργειν
719 1859 810 1912 καὶ
829 1879 966 1913 κατα
999 1858 1193 1928 νόμον,
1223 1854 1323 1912 τὸν
1355 1856 1413 1912 δε
1440 1856 1898 1929 ἐξειργόμενον,
1872 1858 1944 1915 α“ν

256 1938 330 2011 μὴ
363 1937 508 1995 ἑκων
538 1942 857 2011 ἐξείργηται,
887 1943 1041 2005 δίκας
1070 1937 1323 2011 άσεβείας
1341 1938 1445 1995 -δια
1472 1945 1600 2012 βίον
1629 1938 1837 2006 παντὸς
1865 1945 1941 2014 τῷ
1967 1946 1976 1952 ’“

257 2019 586 2092 ἐθελήσαντι
603 2024 875 2092 παρέχειν.

394 2109 512 2160 KA.
549 2102 775 2174 Ὀρθῶς.

183 2201 230 2243 —C
397 2191 514 2240 ΑΘ.
553 2185 706 2255 Πρὸς
733 2185 912 2260 τούτῳ
934 2186 1000 2258 δὴ
1021 2192 1128 2242 νῦν
1147 2185 1439 2257 γενόμενοι
1458 2192 1534 2262 τῷ
1565 2187 1710 2262 λόγῳ
1742 2187 1940 2243 πάθω-

255 2287 357 2337 μεν
375 2264 670 2338 τόιπρέπον
689 2265 820 2339 ἡμῖν
839 2268 1040 2334 αὐτοῖς.

395 2355 514 2404 ΚΛ.
556 2356 672 2404 Τοῦ
698 2353 823 2421 πέρι
847 2356 1046 2421 λέγεις;

395 2435 514 2485 ΑΘ.
552 2435 671 2495 Πᾶς
690 2450 801 2487 που
817 2435 956 2501 νέος,
978 2430 1048 2502 μὴ
1073 2432 1158 2487 ὅτι
1179 2434 1506 2503 πρεσβύτης,
1537 2429 1674 2486 ίδων
1703 2427 1775 2483 ἂν
1794 2425 1830 2499 ἦ
1849 2432 1940 2484 καὶ

256 2511 502 2577 ἀκούσας
527 2508 717 2567 οτιοῦν
750 2533 864 2568 των
892 2513 1143 2569 ἐκτόπων
1178 2514 1267 2568 καὶ
1305 2515 1529 2586 μηδαμῇ
1558 2513 1642 2567 πω
1674 2512 1939 2583 ξυνήθων

257 2594 361 2651 οὐκ
382 2593 453 2650 άν
473 2596 608 2650 ποτέ
622 2614 733 2651 που
753 2594 814 2650 τὸ
841 2593 1132 2666 οἷπορηθεν
1161 2596 1286 2665 περὶ
1317 2594 1504 2650 αύτων
1530 2593 1938 2666 συγχωρήσειεν

255 2677 574 2749 ἐπιδραμων
595 2677 771 2742 οὕτως
791 2675 984 2748 εὐθύς,
1006 2675 1138 2743 στας
1168 2674 1223 2732 δ’
1259 2673 1329 2733 α“ν
1357 2678 1614 2748 καθάπερ
1646 2680 1709 2735 ἐν
1735 2678 1935 2753 τριόδῳ

183 2763 190 2774 ¹
255 2761 556 2832 γενόμενος
574 2758 758 2832 καὶμὴ
791 2760 1011 2832 σφόδρα
1039 2758 1301 2825 κατειδώς
1326 2759 1482 2833 ὁδόν,
1508 2770 1615 2818 εἴτε
1633 2761 1804 2832 μόνος
1831 2769 1938 2817 εἴτε

188 2860 222 2900 D
256 2841 376 2912 μετ’
419 2841 604 2900 ἄλλων
631 2843 787 2915 τύχοι
824 2845 1214 2917 πορευόμενος,
1251 2843 1493 2915 ἀνέροιτ’
1529 2842 1601 2900 ὂίν
1632 2844 1806 2900 αὑτὸν
1846 2845 1937 2899 καὶ
