1976 3172
729 107 1046 158 ΝΟΜΩΝ
1080 101 1135 168 ζ’.
1656 106 1762 163 217

70 245 133 302 τὸ
157 243 207 302 δ’
241 243 683 319 έπαναιρόμενον
712 243 1149 313 ἐπιρρυθμίζειν,
1178 241 1499 312 ποιητικοὺς
1525 240 1639 313 ἅμα
1655 246 1763 300 καὶ

62 325 381 399 μουσικοὺς
402 324 615 395 ἄνδρας
630 320 1071 394 παραλαβόντας,
1091 324 1410 393 χρωμένους
1428 323 1618 380 αὐτῶν
1643 336 1762 390 ταῖς

34 409 348 480 ὀδυνάμεσι
376 413 474 479 τῆς
509 406 799 477 ποιήσεως,
834 413 952 468 ταῖς
977 401 1039 458 δὲ
1071 399 1297 474 ἡδοναῖς
1321 405 1416 460 καὶ
1444 407 1762 477 έπνθυμίαις

33 513 39 559 2
69 489 143 561 μή
164 492 555 560 ἐπιτρέποντας
573 484 698 544 ἀλλ’
726 484 765 557 ἤ
781 502 927 541 τισιν
946 484 1172 556 ὀλίγαις,
1193 487 1596 584 ἐξηγουμένους
1615 486 1675 543 δε
1694 486 1761 543 τά
1791 499 1824 542 C

34 577 174 626 ·τοῦ
202 573 518 642 νομοθέτου
534 566 860 641 βουλήματα
896 588 926 622 ο
962 588 1015 622 τι
1043 562 1283 638 μάλιστα
1319 565 1550 638 ὄρχησίν
1576 588 1635 622 τε
1668 569 1760 623 καὶ

31 675 36 724 p
70 652 224 726 ᾠδὴν
252 653 346 708 καὶ
372 656 560 707 πᾶσαν
593 653 818 722 χορείαν
847 647 1237 719 συστήσασθαι
1269 646 1408 704 κατά
1441 646 1542 704 τὸν
1570 646 1759 704 αυτῶν

67 739 227 790 νοῦν.
273 737 427 788 πᾶσα
452 730 512 786 δ’
546 729 782 796 ἄτακτός
807 751 871 801 γε
904 730 1062 796 τάξιν
1092 735 1346 803 λαβοῦσα
1379 731 1505 800 πἐρὶ
1540 748 1760 802 μουσαν

52 811 319 885 ’διατριβὴ
340 813 433 869 καὶ
449 810 523 885 μὴ
538 812 984 884 παρατιθεμένης
999 816 1097 883 τῆς
1113 816 1372 882 γλυκείας
1384 809 1597 883 μούσης
1614 809 1759 882 ἀμεί-

65 891 184 952 νων
201 898 381 970 μυρίῳ
398 915 411 926 ·
444 894 510 950 τὸ
530 892 588 950 δ’
606 891 717 965 ἡδὺ
733 890 932 949 κοινὸν
948 892 1165 958 πάσαις.
1202 894 1264 948 ἐν
1281 885 1321 964 ᾖ
1338 891 1446 964 γὰρ
1467 889 1541 948 ἀν
1558 894 1621 949 ἐκ
1641 896 1759 948 παί-

68 980 185 1034 δων
203 998 286 1042 τις
302 979 459 1047 μέχρι
474 982 573 1047 τῆς
589 976 892 1046 ’ἑστηκυίας
907 995 968 1030 τε
985 975 1079 1031 καὶ
1105 978 1382 1046 ἔμφρονος
1404 972 1619 1046 ἡλικίας
1638 978 1761 1031 δια-

67 1062 193 1130 βιῷ,
212 1055 469 1126 σώφρονι
495 1056 599 1127 μὲν
626 1054 813 1127 μούσῃ
841 1056 934 1111 καὶ
960 1057 1264 1128 τεταγμένῃ
1287 1054 1512 1131 ἀκούων
1542 1055 1640 1127 [δὲ]
1664 1062 1761 1128 τῆς

66 1139 319 1202 ἐναντίας
363 1147 514 1208 μισεῖ
554 1138 650 1194 καὶ
695 1134 1076 1207 ἀνελεύθερον
1100 1134 1300 1212 ,αὐτὴν
1335 1137 1753 1210 προσαγορεύει,
1784 1142 1821 1185 D

64 1220 295 1289 τραφεὶς
319 1215 372 1273 δ’
394 1221 458 1275 ἐν
475 1224 547 1291 τῇ
562 1225 723 1291 κοινῇ
742 1220 835 1275 καὶ
852 1225 1084 1294 γλυκείᾳ
1113 1219 1337 1292 ψυχρὰν
1353 1221 1456 1276 ’καὶ
1484 1217 1630 1291 ἀηδῆ
1655 1216 1760 1291 τὴν
1844 1246 1846 1249 ·

62 1297 240 1396 ταύτῃ
255 1302 516 1356 ἐναντίαν
534 1298 676 1356 εἶναι
708 1305 910 1370 φησίν·
942 1298 1100 1370 ὥστε,
1123 1299 1262 1372 ὅπερ
1287 1301 1501 1373 ἐρρήθη
1531 1307 1640 1357 νῦν
1670 1300 1758 1373 δή,

61 1381 127 1436 τό
154 1402 219 1451 γε
244 1386 342 1453 τῆς
364 1377 572 1452 ἡδονῆς
599 1376 638 1450 ἦ
663 1378 859 1451 ἀηδίας
884 1382 1010 1451 περὶ
1038 1381 1297 1453 ἑκατέρας
1327 1381 1496 1437 οὐδὲν
1521 1389 1757 1439 πεπλεο-

19 1486 22 1502 ‹
63 1465 344 1534 νέκτηκεν,
365 1464 427 1518 ἐκ
445 1468 707 1531 περιττοῦ
724 1459 833 1519 δὲε
802 1485 837 1534 η
854 1460 957 1533 μὲν
974 1459 1293 1534 βελτίους,“
1262 1486 1296 1535 η
1318 1465 1378 1518 δὲ
1394 1468 1612 1565 χείρους
1628 1462 1760 1528 τοὺς

63 1545 128 1599 έν
146 1541 289 1617 αὐτῇ
304 1546 615 1615 τραφέντας
633 1544 898 1601 ἑκάστοτε
918 1548 1224 1618 παρέχεται.

206 1630 326 1681 ΚΑ.
361 1630 561 1691 Καλως
578 1634 816 1698 εἴρηκας.

207 1713 327 1763 ΑΘ.
349 1705 467 1764 Ἔτι
495 1709 557 1764 δὲ
582 1713 834 1780 θηλείαις
863 1728 924 1763 τε
951 1707 1272 1778 πρεπούσας
1301 1706 1449 1784 fidens
1478 1706 1675 1780 ἄρρεσί
1700 1728 1759 1763 τε

61 1795 293 1860 χωρίσαι
310 1808 424 1845 που
439 1792 571 1846 δέον
590 1787 664 1847 ἀν
680 1798 764 1863 εῖη
785 1790 943 1865 τύπω
963 1792 1071 1847 τινὶ
1090 1791 1501 1863 διορισάμενον,
1530 1791 1623 1847 καὶ
1649 1787 1821 1861 ἁρ-Ε

61 1876 308 1942 μονίαισι
327 1870 397 1943 δὴ
423 1874 516 1928 καὶ
533 1874 776 1945 ῥυθμοῖς
806 1872 1249 1945 προσαρμόττειν
1278 1870 1609 1943 ἀναγκαῖον·
1645 1875 1760 1927 δει-

62 1950 170 2007 νόν
197 1951 312 2024 γὰρ
348 1952 453 2026 ολῃ
486 1975 551 2025 γε
587 1951 828 2029 ἁρμονίᾳ
854 1953 1091 2030 ἀπάδειν
1118 1979 1153 2027 η
1187 1958 1394 2028 ρ”υθμςὸ
1422 1955 1758 2024 ἀρρυθμεῖν,

64 2034 240 2104 μηδὲν
261 2033 616 2106 προσήκοντα
631 2037 849 2093 τούτων
869 2036 1120 2101 ἑκάστοις
1150 2033 1491 2091 ἀποδιδόντα
1517 2044 1630 2099 τοῖς
1659 2034 1759 2104 μέ-

64 2120 233 2169 λεσιν.
271 2112 579 2185 ἀναγκαῖον
599 2116 667 2187 δὴ
687 2119 779 2172 καὶ
807 2116 1024 2172 τούτων
1050 2116 1119 2171 τά
1145 2115 1393 2188 σχήματά
1418 2137 1483 2186 γε
1510 2122 1758 2187 νομοθε-

63 2204 194 2250 τεῖν.
231 2198 347 2252 ἔστι
379 2195 441 2252 δὲ
474 2194 807 2268 ἀμφοτέροις
836 2196 997 2270 μὲν’
965 2198 1256 2270 αμφότερα
1285 2195 1503 2269 ἀνάγκη
1532 2195 1760 2267 κατεχό-

0 2341 5 2367 Ι
61 2298 206 2349 μενα
223 2275 572 2351 ἀποδιδόναι,
589 2277 658 2336 τά
678 2282 740 2336 δὲ
758 2286 873 2336 τῶν
887 2285 1139 2352 θηλειων
1157 2277 1310 2353 αύτῷ
1328 2285 1406 2354 τῷ
1425 2302 1521 2379 της
1533 2279 1756 2352 φύσεως

47 2358 326 2431 -ὁιατέρου
343 2363 666 2432 διαφέροντι
682 2362 864 2436 τούτῳ
885 2365 974 2418 δεῖ
986 2363 1079 2419 καὶ
1091 2365 1402 2433 διασαφεῖν.
1423 2360 1485 2418 τὸ
1508 2360 1575 2433 δὴ
1597 2384 1757 2434 μεγα-

2 2442 331 2512 λοπρεπὲς
361 2462 470 2499 ουν
497 2444 590 2500 καὶ
618 2441 679 2500 τό
707 2441 848 2514 πρὸς
875 2442 979 2516 τὴν
1006 2441 1275 2517 ἀνδρείαν
1301 2446 1475 2518 ῥέπον
1506 2442 1758 2518 ἀρρενω-

2 2547 6 2569 ι
65 2516 180 2575 πὰν
191 2525 399 2590 φατέον
416 2521 580 2596 εἶναι,
603 2522 666 2581 τὸ
687 2525 748 2582 δὲ
768 2523 910 2595 πρὸς
926 2524 989 2583 τὸ
1010 2524 1247 2598 κόσμιον
1261 2527 1355 2583 καὶ
1374 2533 1607 2598 σῶφρον
1625 2533 1755 2598 μάλ-

67 2606 168 2655 λον
195 2598 500 2662 ἆποκλῦνον
524 2609 1008 2679 θηλυγενέστερον
1037 2606 1111 2674 ὡς
1139 2604 1209 2664 ὂν
1234 2610 1582 2679 παραδοτέον
1612 2613 1674 2663 ἔν
1698 2629 1756 2662 τε

64 2687 141 2755 τῷ
164 2680 321 2756 νόμῳ
339 2686 432 2740 καὶ
447 2685 608 2762 λόγῳ.
645 2687 794 2755 τάξις
813 2686 916 2760 μὲν
935 2688 1003 2761 δή
1023 2711 1104 2754 τις
1131 2686 1273 2760 αὕτη
1288 2710 1299 2722 ·
1337 2689 1552 2746 τούτων
1573 2691 1633 2745 δὲ
1651 2686 1755 2743 αύ-
1785 2701 1873 2747 803

63 2769 178 2820 τῶν
207 2767 529 2824 διδασκαλία
549 2773 644 2829 καὶ
670 2773 977 2845 παράδοσις
1010 2773 1262 2843 λεγέσθω
1294 2770 1356 2829 τὸ
1392 2772 1528 2844 μετὰ
1566 2776 1752 2831 τοῦτο,
