1976 3172
268 123 335 177 48
877 129 1353 180 ΠΛΑΤΩΝΟΣ

409 264 528 315 KA.
562 257 928 331 Ἀληθέστατα
949 266 1139 333 λέγεις.

412 347 530 397 ΑΘ
572 339 727 398 Εἶεν·
764 347 821 398 τί
841 338 948 400 ουν
965 343 1025 400 τὸ
1046 343 1181 416 μετὰ
1203 345 1351 402 τοῦτ’
1385 346 1604 404 είπεῖυ“
1576 354 1720 421 ημᾶς
1746 350 1952 420 χρεῶν;

266 421 519 494 ἀνδρεῖος
537 421 642 496 γὰρ
665 422 732 495 δὴ
752 428 843 480 καὶ
862 427 1085 496 ἰσχυρὸς
1113 429 1205 484 καὶ
1233 427 1404 494 καλὸς
1430 432 1523 485 καὶ
1550 423 1830 502 πλούσιος,
1861 435 1951 488 καὶ

151 502 238 548 ⁶62
269 510 446 563 ποιῶν
480 504 513 562 ὅ
556 510 614 561 τί
651 525 756 572 περ
803 510 1072 579 ἐπιθυμοῖ
1103 509 1203 565 τὸν
1243 515 1367 582 βίον
1407 510 1642 582 ἅπαντα,
1683 511 1784 583 οὐχ
1821 511 1952 584 ὑμῖν

269 592 436 657 δοκεῖ,
480 596 632 659 εἴπερ
671 587 861 654 ἄδικος
903 597 987 661 εἴη
1025 594 1118 647 καὶ
1165 589 1442 665 ὑβριστής,
1478 596 1534 659 ἐξ
1584 593 1829 666 ἀνάγκης
1865 601 1953 651 αἰ-

266 677 446 743 σχρῶς
465 668 536 726 ἄν
555 677 683 744 ζῇν;
719 668 756 742 ἢ
783 679 947 728 τοῦτο
966 675 1069 745 μὲν
1089 682 1220 741 ἴσως
1241 673 1314 732 ἄν
1340 678 1767 749 συγχωρήσαιτε,
1794 680 1858 735 τό
1888 701 1952 750 γε

266 759 524 826 αἰσχρῶς;

407 841 527 892 ΚΛ.
567 836 733 892 Πάνυ
752 839 854 907 μὲν
874 831 994 893 οὖν.

405 924 524 974 ΑΘ.
569 913 639 973 Τί
653 921 741 984 653
761 916 821 974 τὸ
843 923 935 975 καὶ
953 927 1165 988 κακῶς;

404 1005 524 1056 ΚΛ.
563 997 728 1056 Οὐκ
703 998 774 1055 άν
792 1004 871 1056 ἔτι
888 1000 1057 1057 τοῦθ’
1078 1000 1294 1072 ὁμοίως.

406 1088 525 1137 ΑΘ.
570 1086 642 1137 Τί
654 1085 739 1146 δέ;
760 1081 822 1137 τὸ
843 1085 933 1138 καὶ
951 1084 1133 1183 ἀηδῶς
1159 1085 1251 1140 καὶ
1269 1082 1342 1154 μὴ
1364 1084 1756 1154 ξυμφερόντως
1772 1083 1949 1159 αὑτῷ·
1937 1129 1951 1153 ,

405 1155 525 1218 KA.
562 1165 674 1218 Καὶ
692 1169 809 1228 πῶς
827 1160 899 1219 ἂν
917 1165 1092 1235 ταῦτά
1110 1187 1146 1236 γ
1154 1163 1268 1221 ’ἔτι
1287 1168 1685 1237 ξυγχωροῖμεν;

404 1251 523 1302 ΑΘ.
550 1243 766 1312 ‘'me93
800 1250 852 1301 εἰ
883 1244 1020 1310 θεὸς
1047 1244 1197 1317 ἡμῖν,
1231 1245 1304 1311 ῶς
1332 1251 1528 1318 ἔοικεν,
1566 1269 1608 1302 ω
1638 1253 1806 1346 φίλοι,
1831 1253 1951 1320 δοίη

201 1336 232 1376 Β
259 1339 344 1391 ’τις
364 1334 713 1398 συμφωνίαν,
732 1349 805 1391 ως
827 1349 937 1383 νυν
955 1349 1018 1399 γε
1039 1326 1236 1398 σχεδὸν
1254 1326 1592 1401 άπάδομεν’
1560 1349 1637 1383 απ
1645 1326 1949 1400 ἀλλήλων.

263 1409 384 1479 ἐμοὶ
400 1406 507 1478 γὰρ
529 1406 596 1479 δὴ
619 1413 874 1478 φαίνεται
900 1415 1073 1464 ταῦτα
1100 1407 1278 1475 οὕτως
1306 1407 1595 1481 ἀναγκαῖα,
1622 1408 1696 1475 ὥς
1726 1409 1951 1481 ουδέ,ῶ

265 1492 394 1560 φίλε
431 1495 678 1559 Κλεινία,
711 1490 902 1588 Κρήτη
933 1497 1102 1562 νῆσος
1141 1498 1358 1563 σαφῶς·
1402 1492 1496 1547 καὶ
1529 1493 1837 1562 νομοθέτης
1873 1490 1954 1546 ῶν

263 1570 438 1643 ταύτῃ
458 1571 742 1646 πειρῴμην
762 1568 834 1627 ἄν
858 1573 992 1638 τούς
1015 1594 1074 1628 τε
1094 1572 1323 1644 ποιητάς
1349 1571 1678 1643 ἀναγκάζειν
1708 1574 1955 1643 φθέγγε-

265 1659 403 1708 σθαι
431 1654 526 1709 και
554 1652 764 1720 πάντας
793 1653 925 1720 τοὺς
953 1656 1013 1710 ἐν
1042 1661 1110 1726 τῇ
1138 1653 1311 1726 πόλει,
1341 1658 1537 1726 ζημίαν
1564 1675 1622 1710 τε
1643 1652 1834 1724 ὀλίγου
1854 1675 1953 1726 με-

265 1739 461 1806 γίστην
495 1737 802 1810 ἐπιτιθείην
825 1737 929 1808 ’άν,
960 1745 1119 1803 εἴτις
1155 1741 1216 1793 ἐν
1250 1743 1316 1809 τῇ
1346 1737 1501 1810 χώρα
1530 1739 1862 1808 φθέγξαιτο,
1881 1734 1953 1803 ὡς

205 1830 237 1872 G
267 1820 375 1873 εἰσί
387 1839 532 1884 τινες
551 1818 852 1892 ἄνθρωποί
875 1839 1008 1876 ποτε
1037 1820 1270 1891 πονηροὶ
1300 1822 1418 1889 μέν,
1446 1815 1621 1889 ἡδέως
1651 1821 1711 1874 δὲ
1739 1822 1949 1888 ζῶντες,

262 1894 300 1969 ἢ
329 1905 725 1958 λυσιτελοῦντα
759 1902 861 1973 μὲν
887 1902 1028 1958 ἄλλα
1054 1903 1167 1958 ἐστὶ
1207 1903 1298 1957 καὶ
1326 1902 1616 1972 κερδαλέα,
1640 1901 1951 1971 δικαιότερα

266 1979 325 2036 δὲ
352 1979 510 2051 ἄλλα,
535 1983 626 2038 καὶ
645 1980 823 2038 πολλοὶ
845 1981 963 2038 ἄττ’
985 1979 1058 2038 ἂν
1079 1981 1229 2054 παρὰ
1246 1980 1312 2038 τὰ
1334 1989 1444 2038 νῦν
1462 1981 1734 2053 λεγόμενα
1759 1978 1873 2036 ὑπό
1891 2001 1951 2035 τε

265 2069 504 2134 Κρητῶν
523 2067 614 2120 καὶ
631 2069 1104 2136 Λακεδαιμονίων,
1126 2062 1200 2129 ὥς
1219 2069 1381 2133 ἔοικε,
1402 2065 1493 2120 καὶ
1513 2064 1580 2134 δή
1600 2082 1710 2118 που
1729 2063 1821 2118 καὶ
1838 2066 1953 2118 τῶν

265 2140 451 2199 ἄλλων
476 2143 802 2218 ἀνθρώπων
821 2145 1063 2218 διάφορα
1083 2142 1328 2217 πείθοιμ’
1350 2141 1422 2200 ἂν
1449 2143 1580 2210 τοὺς
1608 2149 1832 2209 πολίτας
1859 2164 1953 2215 μοι

266 2229 634 2297 φθέγγεσθαι.
665 2232 800 2298 φέρε
820 2227 948 2299 γάρ,
978 2221 1027 2283 ῶ
1052 2227 1191 2298 πρὸς
1214 2226 1354 2293 Διός
1380 2248 1439 2283 τε
1470 2228 1563 2282 καὶ
1587 2225 1952 2294 Ἀπόλλωνος,

267 2301 312 2363 ῶ
341 2306 557 2379 ἄριστοι
575 2315 688 2364 τῶν
708 2306 952 2378 ἀνδρῶν,
974 2313 1025 2364 εἰ
1040 2308 1171 2372 τοὺς
1188 2307 1676 2379 νομοθετήσαντας
1694 2304 1827 2376 ὑμῖν
1845 2303 1951 2359 αὐ-

210 2401 241 2440 D
272 2391 404 2456 τοὺς
420 2391 655 2456 τούτους
675 2393 939 2462 ἐροίμεθα
957 2390 1147 2460 θεούς,
1168 2383 1255 2458 ἆρ’
1281 2386 1310 2443 6
1332 2385 1676 2451 δικαιότατός
1702 2390 1814 2442 ἐστι
1831 2392 1951 2459 βίος

262 2472 503 2545 ἥδιστος,
522 2470 559 2545 ἢ
581 2473 674 2530 δύ’
697 2473 860 2530 ἐστόν
878 2494 991 2528 τινε
1011 2477 1131 2543 βίω,
1157 2467 1244 2527 οἷν
1265 2468 1294 2526 6
1325 2471 1429 2541 μὲν
1456 2467 1679 2540 ἥδιστος
1703 2463 1784 2524 ῶν
1813 2489 1949 2538 τυγ-

263 2555 436 2627 χάνει,
469 2556 814 2621 δικαιότατος
840 2552 895 2611 δ’
926 2556 1134 2625 ἕτερος
1170 2558 1221 2609 εί
1249 2552 1316 2625 δὴ
1349 2551 1454 2608 δύο
1485 2562 1668 2622 φαῖεν,
1698 2549 1946 2622 ἐροίμεθ’

264 2633 338 2692 ἄν
357 2645 488 2702 ἴσως
506 2635 710 2703 αὐτοὺς
727 2637 913 2709 πάλιν,
940 2644 1091 2708 εἴπερ
1110 2634 1297 2707 ὀρθῶς
1316 2637 1765 2708 ἐπανερωτῷμεν,
1786 2635 1948 2688 ποτέ-

266 2739 399 2789 ρους
421 2718 475 2774 δ’
496 2718 1022 2791 εὐδαιμονεστέρους
1041 2720 1143 2791 χρὴ
1163 2721 1359 2788 λέγειν,
1390 2713 1522 2781 τούς
1548 2715 1646 2772 τὸν
1667 2714 1947 2771 δικαιότα-

265 2821 364 2855 τον
381 2796 418 2872 ἢ
437 2799 567 2866 τοὺς
584 2799 684 2856 τὸν
701 2800 929 2872 ἥδιστον
951 2803 1302 2871 διαβιοῦντας
1318 2802 1444 2875 βίον
1458 2820 1468 2831 ·
1501 2801 1551 2853 εἰ
1568 2799 1670 2869 μὲν
1694 2795 1760 2868 δὴ
1783 2807 1946 2866 φαῖεν
