1976 3172
257 165 291 216 6
874 167 1353 238 ΠΛΑΤΩΝΟΣ

258 317 365 353 πον
384 297 588 370 χρόνον
607 298 815 369 νόμους
843 295 1028 364 αὐτοῖς
1056 301 1176 364 θεὶς
1200 300 1340 372 πρὸς
1370 299 1647 373 ἀλλήλους
1675 323 1938 376 παραφυ-

257 379 473 434 λα’ττειυ
493 378 720 434 δύναιτο
744 379 883 436 ὥστε
903 377 1042 434 εἶναι
1061 385 1272 450 φίλους.

397 464 514 515 KA.
553 464 774 533 Μακρῷ
806 458 1048 531 ἀμείνων
1077 458 1307 531 γίγνοιτ’
1347 457 1420 516 ἀν
1447 460 1474 517 ὁ
1508 470 1754 529 τοιοῦτος
1783 467 1939 521 δικα-

257 540 387 612 στής
404 563 460 597 τε
481 543 571 597 καὶ
590 545 912 612 νομοθέτης.
1809 561 1829 567 ·

398 627 516 678 ΑΘ.
555 625 665 679 Καὶ
685 621 797 693 μὴν
814 620 1142 678 τούναντίον
1160 643 1223 692 γε
1241 619 1279 693 ἦ
1296 621 1433 695 πρὸς
1452 623 1696 696 πόλεμον
1717 622 1790 682 ἀν
1812 631 1940 699 βλέ-

258 722 379 760 πων
399 703 586 769 αὐτοῖς
603 702 735 768 τούς
753 701 961 774 νόμους
981 707 1386 774 διανομοθετοῐ.

399 789 519 841 ΚΛ.
563 790 740 841 Τοῦτο
760 784 863 856 μὲν
882 783 1100 856 ἀληθές.

399 872 517 924 ΑΘ.
561 871 629 921 Τί
644 864 696 921 δ’
727 864 756 922 ὁ
779 865 883 937 τὴν
902 867 1068 922 πόλιν
1087 867 1503 967 ξυναρμόττων;
1540 867 1679 938 πρὸς
1699 842 1940 940 πόλεμον

259 946 431 1020 αὐτῆς
465 944 537 1004 ἂν
565 948 664 1004 τὸν
697 951 907 1014 ἔξωθεν
935 953 1158 1020 βλέπων
1185 951 1284 1005 τὸν
1320 955 1445 1022 βίον
1483 960 1685 1020 κοσμοῖ
1709 955 1940 1021 μᾶλλον,

195 1047 228 1088 Β
258 1028 295 1102 ἦ
323 1029 469 1101 πρὸς
489 1030 735 1100 πόλεμον
769 1028 867 1085 τὸν
894 1032 956 1085 ἐν
980 1028 1121 1101 αὐτῇ
1147 1030 1480 1101 γιγνόμενον
1507 1029 1827 1102 ἑκάστοτε,
1806 1055 1839 1103 η
1871 1031 1938 1102 δὴ

256 1114 501 1166 καλεῖται
521 1110 734 1174 στάσις;
773 1107 840 1164 ὃν
861 1110 1096 1179 μάλιστα
1115 1111 1217 1180 μὲν
1248 1110 1392 1175 ἅπας
1422 1107 1495 1165 ἂν
1522 1112 1779 1181 βούλοιτο
1807 1113 1943 1183 μήτε

255 1193 520 1262 γενέσθαι
540 1193 672 1245 ποτὲ
690 1193 750 1245 ἐν
781 1190 983 1246 ἑαυτοῦ
1008 1189 1166 1245 πόλει
1192 1189 1502 1265 γενόμενόν
1528 1212 1587 1246 τε
1617 1188 1691 1256 ὡς
1720 1189 1942 1262 τάχιστα

257 1271 720 1329 ἀπαλλάττεσθαι.

395 1359 514 1411 KA.
553 1358 747 1424 Δῆλον
765 1350 851 1415 ὅτι
870 1350 1007 1424 πρὸς
1025 1357 1245 1408 τοῦτον,

398 1443 517 1493 ΑΘ.
556 1433 776 1506 Πότερα
799 1431 850 1489 δ’
878 1433 1238 1504 ἀπολομένων
1257 1426 1330 1489 αὖ
1348 1439 1462 1490 τιὸν
1484 1435 1687 1506 ἑτέρων
1715 1433 1940 1506 εἰρήνην

255 1518 351 1591 τῆς
390 1516 632 1583 στάσεως
661 1520 943 1588 γενέσθαι,
971 1516 1324 1588 νικησάντων
1355 1515 1414 1571 δὲ
1443 1519 1710 1586 ποτέρων,
1741 1514 1937 1582 δέξαιτ’

256 1601 327 1658 ἄν
345 1622 426 1666 τις
443 1606 656 1671 μᾶλλον
673 1595 711 1671 ἢ
731 1602 916 1670 φιλίας
938 1619 997 1653 τε
1016 1600 1108 1654 καὶ
1130 1596 1349 1670 εἰρήνης
1374 1594 1482 1652 ὑπὸ
1516 1601 1829 1666 διαλλαγῶν
1847 1619 1941 1667 γε·

255 1685 492 1754 νομένης
511 1681 658 1737 οὕτω
691 1692 804 1746 τοῖς
835 1684 1045 1746 ἔξωθεν
1074 1684 1354 1753 πολεμίοις
1383 1681 1672 1751 προσέχειν
1690 1676 1940 1751 ἀνάγκην

257 1764 396 1821 εἶναι
414 1764 513 1820 τὸν
534 1769 704 1830 νοῦν;

198 1859 230 1902 G
395 1851 514 1902 KA.
559 1843 722 1901 Οὕτω
753 1850 860 1909 πᾶς
897 1839 967 1899 ἀν
994 1844 1180 1900 ἐθέλοι
1208 1842 1479 1915 πρότερον
1509 1838 1546 1913 ἢ
1576 1839 1788 1907 ’κείνως
1818 1844 1939 1911 περὶ

254 1925 357 1998 τὴν
377 1925 552 1983 αὑτοῦ
576 1933 868 1998 γίγνεσθαι
888 1924 1065 1981 πόλιν.

395 2014 514 2065 ΑΘ.
557 2006 786 2064 Οὐκοῦν
804 2010 896 2064 καὶ
915 2009 1220 2079 νομοθέτης
1241 2003 1527 2070 ὦσαύτωςς

394 2096 513 2145 ΚΛ.
558 2095 627 2146 Τί
651 2089 786 2161 μήν;

396 2179 515 2226 ΑΘ.
547 2165 665 2241 Ἆρ’
689 2173 794 2226 οὐν
813 2169 883 2226 οὐ
901 2176 1004 2226 τοῦ
1026 2166 1257 2242 ἀρίστου
1278 2170 1439 2226 ἕνεκα
1458 2168 1640 2226 πάντα
1659 2163 1730 2224 ἀν
1752 2165 1818 2223 τὰ
1840 2165 1939 2223 νό-

255 2276 391 2326 μιμα
407 2259 587 2323 τιθείη
608 2259 740 2316 πᾶς·
727 2293 741 2318 ,
1972 2255 1976 2263 ’

396 2340 515 2391 ΚΛ.
557 2339 687 2398 Πῶς
709 2331 760 2388 δ’
754 2376 761 2383 .
783 2332 854 2388 ου’
866 2357 878 2398 ;

394 2422 512 2473 ΑΘ.
553 2416 628 2471 Τό
646 2437 710 2487 γε
727 2415 838 2486 μὴν
857 2415 1083 2487 ἄριστον
1102 2413 1229 2470 οὔτε
1260 2411 1290 2470 ὁ
1323 2414 1558 2485 πόλεμος
1585 2410 1712 2468 οὔτε
1740 2410 1774 2484 ἡ
1807 2413 1938 2467 στά-

256 2515 355 2567 σις,
377 2495 658 2554 ἀπευκτὸν
677 2497 736 2553 δὲ
754 2495 814 2553 τὸ
840 2501 1111 2569 δεηθῆναι
1129 2495 1359 2567 τούτων,
1389 2495 1578 2567 εἰρήνη
1600 2496 1658 2551 δε
1677 2494 1814 2567 πρὸς
1838 2492 1938 2550 ἀλ-

254 2581 458 2652 λήλους
479 2578 593 2651 ἀμα
621 2582 714 2636 και
741 2580 1160 2651 φιλοφροσύνη·
1191 2580 1285 2635 καὶ
1323 2577 1389 2650 δὴ
1419 2580 1511 2634 καὶ
1545 2579 1605 2633 τὸ
1642 2582 1824 2651 νικᾷν,
1865 2598 1938 2641 ως

256 2666 451 2733 ἔοικεν,
475 2660 650 2734 αυτὴν
669 2660 846 2733 αὐτὴν
866 2661 1031 2718 πόλιν
1051 2659 1155 2717 οὐκ
1174 2654 1246 2732 ἦν
1264 2682 1377 2716 των
1398 2658 1639 2732 ἀρίστων
1659 2658 1795 2715 ἀλλά
1824 2664 1936 2713 τῶν

188 2760 221 2800 D
255 2741 596 2814 ἀναγκαίων·
637 2742 831 2816 ὅμοιον
853 2741 925 2809 ὡς
945 2746 995 2800 εἰ
1010 2742 1223 2815 κάμνον
1254 2749 1411 2815 σωμα
1442 2747 1686 2813 ἰατρικῆς
1714 2739 1936 2810 καθάρ-

256 2844 393 2891 σεως
413 2825 582 2897 τυχὸν
601 2824 789 2898 ηγοῖτό
817 2848 898 2892 τις
927 2826 1122 2898 ἄριστα
1150 2826 1409 2897 πράττειν
1436 2825 1575 2895 τότε,
1609 2829 1684 2896 τῷ
1712 2821 1771 2877 δε
1799 2824 1934 2893 μηδὲ
1973 2875 1976 2906 1,
