1976 3172
107 136 216 166 xvtu
807 122 1190 164 PRAEFATIO.

100 250 176 291 pro
216 229 381 334 ἔλαβεν
422 234 590 275 restitui
626 234 829 276 librorum
867 247 1095 280 consensus
1131 238 1283 290 jussit,
1337 250 1516 289 quorum
1557 239 1636 280 etsi
1676 242 1889 283 nonnullis

102 292 214 349 βλαβ
241 306 267 332 ν
298 291 559 344 adscriptum
591 298 677 340 est,
712 298 852 333 tamen
882 298 1043 334 tantum
1080 294 1198 335 abest
1234 302 1279 335 ut
1310 293 1392 336 hoc
1422 308 1517 336 cum
1545 294 1682 336 VBST
1711 300 1887 340 retinen-

105 353 204 392 dum
234 350 383 400 fuerit,
415 355 462 389 ut
491 348 597 389 nihil
629 349 783 390 certius
821 350 896 398 sit,
932 363 1057 401 quam
1089 353 1385 404 grammaticos
1411 352 1491 392 hae
1521 359 1760 395 correctura
1789 369 1890 397 usos

104 420 221 456 esse,
265 404 362 458 quia
403 398 596 462 οἷβλαβὲς
637 412 676 447 et
709 398 834 459 ὑγιὲς
861 408 1139 461 tautologiam
1171 409 1337 449 efficere
1368 408 1674 463 intelligerent;
1711 424 1762 451 ea
1795 414 1890 465 ipsa

103 472 243 505 autem
277 463 452 504 offensio
483 463 613 505 multo
639 464 900 505 commodius
931 465 1088 505 tollitur
1120 473 1327 518 expuncto
1358 461 1503 520 ὑγιές,
1538 468 1604 507 cui
1635 468 1679 507 in
1714 481 1891 520 sequen·

103 523 214 562 tibus
242 521 410 562 demum
441 527 562 575 aptus
598 522 714 562 locus
748 527 823 561 est.
865 542 924 550 —
957 523 1003 566 P.
1036 521 1121 563 862
1149 522 1182 562 Ε
1216 514 1334 562 οὕτω
1368 517 1427 576 δὴ
1459 525 1516 573 P,
1558 515 1677 563 οὕτω
1711 519 1796 577 μὲν
1828 521 1887 578 δὴ

101 577 240 620 VBST
266 584 433 631 praeter
457 580 762 619 necessitatem.
782 600 840 609 —-
864 578 909 619 P.
939 578 1024 620 864
1045 580 1084 618 A
1107 572 1243 618 τοῦτό
1261 572 1308 631 γ’
1338 581 1393 629 Η,
1419 573 1597 620 τούτων
1624 581 1743 632 libri,
1777 584 1892 634 quod

129 649 183 677 uo
214 636 436 685 referrem,
463 647 548 676 non
578 636 862 685 inveniebam3
893 636 1091 675 substitui
1118 637 1262 688 igitur,
1296 649 1378 687 quo
1409 639 1550 690 ipsum
1575 629 1764 690 ἄριστον
1797 653 1891 680 cum

124 690 291 733 σεσθαι
327 685 594 746 ἡγήσωνται
624 699 670 732 ut
709 693 834 733 modo
873 685 1065 743 οἷρίστου
1100 706 1194 733 cum
1235 687 1380 742 δόξαν
1418 695 1634 734 commode
1671 696 1887 748 jungatur.

98 771 158 780 —
182 751 292 794 Ibid.
318 751 495 803 ψυχαῖς
525 752 555 791 Ρ
588 757 628 791 et
655 748 709 799 S,
742 747 870 803 ψυχῇ
896 751 1031 801 VBT,
1066 751 1132 790 cui
1158 756 1330 803 propter
1357 763 1535 802 sequens
1566 744 1710 791 πάντ’
1740 748 1892 805 ἄνδρα

98 807 307 862 pluralem
343 807 562 861 praefer03
614 820 690 847 nec
725 809 864 847 minus
905 813 1016 848 recte
1057 821 1102 861 p.
1149 807 1236 848 864
1280 807 1311 848 C
1351 809 1530 849 arbitror
1569 807 1889 850 Stallbaumium

98 865 266 906 Faehsii
299 867 584 918 conjecturam
623 863 748 919 (Syll.
783 864 877 905 lect.
907 877 949 918 p.
982 864 1087 918 392)
1121 862 1376 918 ξυμφανῶν
1413 877 1490 919 pro
1524 859 1788 918 ξυμφώνων
1821 880 1889 917 re-

100 922 302 974 cepisse,'
321 923 441 976 cujus
473 923 720 963 manifestae
752 922 1013 975 corruptelae
1036 922 1194 962 frustra
1214 923 1314 962 Tur.
1344 915 1642 974 ἄξυμφιόνων
1663 924 1887 970 scribendo

98 979 258 1019 mederi
291 980 430 1021 conati
461 985 572 1020 sunt.
626 979 826 1028 Quamvis
860 981 970 1020 enim
1001 992 1077 1032 per
1102 992 1147 1019 se
1178 986 1392 1032 spectatae
1423 978 1569 1035 βίαιοι
1602 974 1794 1032 πράξεις
1826 983 1890 1021 in·

102 1048 317 1090 congruae
344 1038 455 1086 sint,
484 1049 596 1077 nunc
620 1044 760 1077 tamen
781 1038 1008 1087 requiritur
1030 1037 1302 1085 vocabulum,
1335 1038 1448 1088 quod
1477 1040 1749 1089 sequentibus
1776 1032 1887 1091 μετὰ

99 1085 291 1140 σκότους
323 1091 567 1144 λαθραίως
599 1106 880 1147 opponamus.
908 1115 968 1123 --
988 1095 1035 1136 P.
1066 1093 1152 1135 864
1176 1093 1211 1133 D
1240 1087 1348 1139 τοὺς
1377 1087 1548 1145 νόμους
1578 1095 1634 1144 Ρ,
1665 1093 1757 1135 τῶν
1781 1088 1890 1140 τοὺς

98 1144 272 1202 νόμους
303 1149 465 1197 VBST3
501 1156 542 1190 at
577 1150 658 1190 hoc
689 1162 823 1202 genus
860 1162 954 1190 cum
985 1150 1256 1190 antecedente
1286 1147 1530 1203 προδοτῶν
1564 1153 1720 1192 arctius
1745 1152 1891 1205 jungi-

95 1213 180 1251 tur.
217 1228 272 1235 —
297 1206 345 1246 P.
373 1205 458 1250 865
487 1207 528 1247 A
558 1199 710 1257 φόνου
739 1219 793 1247 ex
822 1207 994 1257 antiqua
1021 1206 1330 1261 dittographia,
1361 1213 1407 1247 ut
1434 1209 1624 1257 videtur,
1663 1210 1889 1261 repetitum

97 1263 436 1317 circumscrips13
483 1275 529 1316 p.
562 1260 648 1305 867
678 1263 712 1303 D
747 1269 889 1304 autem
918 1264 1053 1316 ipsius
1084 1264 1115 1303 P
1139 1263 1223 1305 fide
1251 1256 1308 1302 τὰ
1339 1270 1435 1304 ante
1466 1260 1574 1316 περὶ
1605 1258 1688 1304 τὸν
1722 1258 1888 1316 φόνον,

98 1321 213 1372 quod
242 1326 410 1373 praeter
435 1321 730 1361 necessitatem
759 1319 899 1361 VBST
933 1321 1210 1369 retinuerunt,
1249 1320 1424 1370 sustuli,
1460 1322 1693 1372 eodemque
1720 1329 1888 1363 auctore

97 1391 199 1428 mox
230 1372 475 1429 φυγόντων
505 1389 583 1430 pro
614 1370 882 1429 φευγόντων
913 1383 952 1416 et
983 1389 1025 1429 p.
1061 1377 1146 1419 868
1176 1380 1215 1418 A
1245 1375 1415 1418 δοῦλον
1445 1372 1470 1417 ὁ
1507 1376 1886 1431 nvsc'vocgscripsi,

99 1435 257 1476 omisso
285 1431 360 1483 δέ,
394 1447 476 1486 quo
508 1436 552 1474 in
580 1434 676 1475 laxa
701 1434 852 1475 harum
883 1434 1026 1487 legum
1053 1436 1161 1475 serie
1192 1434 1316 1476 facile
1346 1447 1551 1479 caremus,
1583 1456 1642 1465 —
1670 1435 1716 1480 P.
1744 1435 1829 1477 868
1859 1435 1889 1476 C

97 1489 421 1544 καθαίρεσθαι
451 1503 529 1545 pro
561 1486 868 1544 καθαιρέσθω
905 1493 1096 1542 quamvis
1136 1503 1189 1532 ex
1226 1493 1408 1544 conject.
1441 1493 1605 1533 restitui
1635 1505 1718 1534 non
1750 1493 1888 1533 minus

98 1550 385 1590 necessarium
419 1549 684 1603 existimavi,
724 1561 849 1601 quam
888 1561 932 1601 p.
970 1548 1052 1590 785
1086 1548 1121 1589 A
1160 1545 1558 1603 παραγεγράφθαι
1592 1555 1632 1590 et
1667 1563 1710 1604 p.
1739 1550 1825 1592 855
1857 1549 1887 1590 C

97 1604 344 1659 γίγνεσθαι
373 1618 449 1660 pro
480 1607 763 1660 imperativis;
798 1607 998 1659 deinceps
1027 1619 1126 1647 vero
1145 1619 1190 1660 p.
1219 1606 1303 1649 868
1330 1609 1364 1648 E
1391 1598 1450 1649 ὃὶν
1473 1620 1550 1661 pro
1580 1599 1662 1647 ἐὰν
1684 1599 1886 1657 ἁδελφὸς

99 1677 195 1704 cum
219 1663 366 1705 Stallb.
400 1669 440 1704 et
467 1663 584 1704 libris
618 1665 755 1713 edidi,
784 1664 979 1715 quodque
1005 1676 1100 1717 sup.
1134 1677 1176 1717 p.
1200 1665 1284 1706 717
1310 1666 1343 1705 E
1375 1665 1442 1706 vel
1469 1665 1560 1706 sine
1589 1663 1662 1705 illo
1686 1665 1769 1717 ipsi
1791 1676 1886 1704 sen-

97 1723 255 1762 tentiae
287 1721 471 1770 indulsi,
499 1734 610 1762 nunc
641 1723 790 1762 eodem
813 1727 1039 1774 praeeunte
1068 1724 1402 1774 praetermittere
1429 1734 1512 1763 non
1537 1723 1681 1775 potui,
1712 1727 1758 1761 ut
1785 1732 1886 1773 γεν-

96 1777 242 1830 νητοῦ
275 1791 352 1832 pro
385 1772 612 1832 γεννήτου
641 1780 881 1819 scriberem.
944 1777 1081 1818 Minus
1119 1779 1231 1820 idem
1263 1792 1306 1832 p.
1339 1779 1420 1821 871
1457 1780 1490 1820 Ε
1522 1779 1628 1820 mihi
1660 1779 1884 1832 persuasit,

95 1835 166 1878 vel
205 1841 366 1877 mutata
400 1837 738 1888 interpunctione
782 1829 891 1881 τοὺς
927 1826 1148 1888 ἔγγυήτας
1188 1829 1440 1890 ἀξιόχρεως
1479 1850 1505 1877 a
1540 1837 1886 1891 languidissimae

94 1894 329 1934 iterationis
360 1893 485 1946 culpa
509 1893 683 1934 liberari
712 1904 861 1946 posse;
889 1893 1002 1942 quod
1033 1894 1070 1932 si
1096 1895 1280 1934 maxime
1307 1895 1423 1936 Plato
1456 1896 1649 1948 scripsit,
1676 1905 1762 1933 una
1790 1905 1886 1933 cum

98 1951 371 2002 sequentibus
403 1949 528 2002 τρεῖς
556 1942 776 2003 ἐγγυητὰς
803 1941 1056 2003 ἀξιόχρεως
1081 1951 1253 1991 retineri
1281 1952 1437 2000 noluit;
1469 1951 1780 2003 circumscripsi
1806 1951 1886 2003 igi-

95 2013 164 2047 tur
190 2019 273 2047 non
301 2008 586 2058 cunctantius,
617 2020 744 2059 quam
771 2019 815 2060 p.
848 2006 933 2049 872
964 2009 997 2047 E
1025 1997 1056 2059 ἢ
1082 2014 1180 2061 post
1209 1999 1324 2059 κᾶν,
1353 2008 1467 2060 quod
1492 2020 1545 2049 ne
1574 2009 1618 2048 in
1643 2003 1686 2047 εἰ
1714 2008 1885 2057 quidem

96 2069 304 2104 mutatum
329 2064 429 2104 ferri
460 2064 589 2117 posse
612 2071 725 2105 recte
748 2063 894 2109 Stallb.
924 2063 1143 2108 intellexit.
1176 2065 1398 2118 Apodosin
1422 2066 1558 2117 enim,
1590 2078 1672 2115 quo
1700 2056 1761 2104 ἂν
1788 2063 1885 2116 p&-

95 2122 251 2168 tineat‚
279 2133 407 2173 aegre
432 2121 644 2170 invenies;
677 2122 789 2162 idem
811 2134 909 2162 vero
937 2134 1014 2174 pro
1045 2113 1127 2161 ἐὰν
1150 2122 1306 2163 dictum
1332 2129 1429 2176 post
1455 2123 1705 2162 antecedens
1735 2114 1778 2160 εἰ
1799 2129 1894 2160 ma:

95 2179 173 2233 tris
201 2178 372 2218 caedem
397 2178 752 2218 incredibiliorem
777 2191 903 2245 quam
924 2179 1055 2230 patris
1084 2191 1177 2219 esse
1203 2179 1431 2233 significan
1461 2191 1566 2220 neve
1593 2179 1760 2232 ellipsin
1789 2190 1884 2231 gra-

100 2235 226 2283 veris,
248 2234 303 2276 cf.
318 2233 484 2276 Politic.
511 2247 547 2274 c.
572 2235 654 2276 26:
677 2226 737 2274 ἄν
756 2247 782 2273 τ
821 2224 882 2274 αὖ
902 2229 1182 2289 βραχύτερος
1201 2237 1291 2280 scil.
1314 2229 1638 2289 ἀπεργάζηται,
1661 2234 1879 2277 Demosth.

96 2292 198 2332 Mid.
227 2293 268 2343 §-
299 2292 407 2333 222:
438 2283 520 2331 ἐὰν
551 2285 602 2332 δὲ
628 2292 716 2332 scil.
749 2285 958 2346 ’ὑβρισθῶ
985 2298 1066 2333 etc.
1107 2313 1164 2323 —
1201 2294 1248 2335 P.
1268 2292 1371 2334 ‘874
1399 2293 1431 2332 Β
1470 2287 1627 2344 κύριος
1655 2290 1759 2331 VBS
1787 2303 1883 2330 cum

98 2350 221 2389 Astio
254 2350 591 2403 optimorumque
630 2348 834 2389 librorum
865 2360 991 2388 manu
1021 2349 1181 2401 prima,
1217 2347 1390 2400 κυρίως
1418 2348 1451 2388 Τ
1485 2361 1580 2388 eum
1610 2348 1758 2401 paucis
1791 2360 1883 2387 cor-

96 2407 249 2457 rectis,
281 2408 364 2458 quo
394 2412 567 2460 recepto
602 2400 955 2458 ἔστωκείμενος
979 2417 1058 2458 pro
1089 2403 1263 2445 κείσθω
1296 2407 1454 2447 dictum
1485 2406 1585 2453 erit;
1621 2411 1662 2445 at
1687 2404 1753 2446 vel
1783 2404 1882 2444 huic

97 2465 242 2504 sensui
276 2464 568 2517 praedicatum
606 2464 748 2517 potius
788 2475 913 2515 quam
949 2462 1192 2503 adverbium
1231 2464 1454 2504 convenire
1484 2463 1683 2511 arbitror,
1723 2462 1880 2502 nedum

97 2521 227 2561 verbo
260 2522 525 2562 substantivo
561 2514 698 2574 ἔστω,
730 2522 767 2561 si
794 2521 944 2574 partic.
973 2517 1183 2571 κείμενος
1211 2533 1303 2560 cum
1334 2515 1443 2572 περὶ
1473 2513 1624 2572 φόνου
1653 2519 1796 2572 potius
1825 2518 1880 2558 ad

96 2578 407 2630 appositionem
434 2573 696 2620 efficiendam
718 2579 999 2632 junxerimus,
1027 2599 1085 2608 —-
1114 2576 1272 2620 P.'875
1297 2578 1330 2619 E
1359 2571 1472 2617 πότ’
1497 2571 1586 2631 ἄρα
1615 2577 1672 2627 Η,
1707 2569 1879 2627 πότερα

97 2633 194 2684 VB,
227 2628 339 2676 πότε
368 2634 454 2687 ST,
493 2635 570 2676 sed
607 2637 697 2676 sine
733 2636 876 2685 libris,
914 2636 957 2676 in
989 2636 1142 2687 quibus
1181 2636 1271 2688 jam
1315 2635 1492 2676 Orellius
1531 2641 1698 2676 nostrae
1736 2634 1879 2687 potius

96 2691 291 2733 lectionis
322 2693 504 2746 vestigia
536 2693 827 2746 deprehendit.
873 2712 924 2724 ·—
964 2693 1008 2733 P.
1038 2691 1183 2734 877·c
1212 2685 1378 2739 αὐτοὺς
1409 2691 1666 2745 κεκτῆσθαι
1701 2692 1732 2732 Ρ
1765 2697 1805 2730 et
1830 2690 1876 2736 B,

96 2740 180 2803 ἐᾷν
220 2741 386 2796 αὐτοὺς
425 2761 545 2790 κεκτ.
577 2749 683 2791 VST
714 2750 939 2791 manifesta
974 2749 1305 2803 interpolatione.
1340 2773 1398 2781 -—
1434 2750 1478 2790 P.
1507 2750 1591 2795 878
1631 2749 1662 2790 C
1690 2746 1876 2798 τριπλα-

97 2802 207 2845 σίαν
236 2819 311 2860 pro
346 2805 685 2860 τετραπλασίαν
718 2808 755 2848 Η
785 2821 838 2848 ex
873 2809 1048 2860 conject.
1085 2806 1251 2857 Orellii,
1283 2809 1354 2859 qui
1389 2808 1548 2860 aliquid
1581 2808 1687 2848 inter
1715 2799 1876 2855 ἰάσιμα

98 2869 140 2901 et
179 2855 348 2904 οἷνίατα
385 2865 568 2906 medium
603 2866 758 2917 requiri
793 2864 1016 2915 intellexit,
1049 2866 1296 2918 praesertim
1335 2879 1463 2917 quum
1505 2867 1596 2920 ipse
1626 2863 1741 2905 Plato
1778 2873 1875 2901 mox

1973 2875 1976 2926 i

1973 2929 1976 2956 t
