1976 3172
279 155 384 211 246
843 159 1320 207 ΠΛΑΤΩΝΟΣ

277 292 410 357 τους
419 294 620 363 μηδεὶς
636 291 767 356 τοὺς
793 288 979 362 ἱεροὺς
1008 289 1180 355 ὄντως
1207 290 1486 361 θηρευτὰς
1516 293 1790 360 κωλυέτω,
1814 289 1959 347 ὅπου

277 374 411 430 καὶ
389 373 501 446 όπῃ
518 393 620 441 περ
642 369 716 429 ἀν
733 376 968 430 ἐθέλωσι
995 384 1340 444 κυνηγετεῖν·
1378 371 1751 444 νυκτερευτὴν
1781 371 1896 428 δὲ”
1859 394 1962 444 αρ-

278 475 408 516 κυσι
424 460 514 515 καὶ
535 465 788 556 πλεκταῖς
815 456 1013 512 πιστὸν
1036 458 1226 528 μηδεὶς
1244 458 1512 527 μηδέποτε
1542 455 1675 528 ἐάσῃ
1705 459 1976 526 μηδαμοῦ

279 544 579 611 θηρεῦσαι
617 539 719 594 τὸν
743 537 1081 610 ὀρνιθευτὴν
1100 541 1207 593 δὲ’
1180 560 1240 593 εν
1258 536 1449 608 ἀργοῖς
1467 537 1569 609 μεν
1596 539 1689 594 καὶ
1718 537 1870 608 ὄρεσι
1888 535 1962 607 μὴ

278 625 554 693 κωλυέτω,
577 624 638 678 ἐν
659 625 972 692 ἐργασίμοις
993 620 1162 676 δὲκαὶ
1190 624 1356 693 ἱεροῖς
1382 618 1596 691 ἀγρίοις
1625 623 1905 693 ἐξειργέτω
1933 616 1963 675 ὁ

279 703 754 782 προστυγχάνωνή
774 701 1263 774 ἐνυγροθηρευτὴν
1293 706 1371 774 δέ,
1402 700 1548 773 πλὴν
1576 705 1638 758 ἐν
1670 706 1847 773 λιμέσι
1875 702 1967 757 καὶ

281 790 448 855 ἱεροῖς
466 797 730 855 ποταμοῖς
749 805 808 839 τε
832 786 926 839 καὶ
944 785 1087 839 ἕλεσι
1103 787 1195 839 καὶ
1215 789 1448 854 λίμναις,
1479 786 1541 839 ἐν
1569 796 1682 849 τοῖς
1702 783 1889 847 ἄλλοις
1908 783 1967 837 δὲ

280 871 477 934 ἐξέστω
495 866 763 936 θηρεύειν
781 863 854 935 μὴ
884 864 1174 934 χρεόμενον
1201 863 1358 918 ὀπῶν
1388 864 1741 919 ἀναθολώσει
1771 864 1964 934 μόνον.

280 956 390 1007 νῦν
413 942 518 1015 οὖν
533 947 640 1018 ἤδη
661 945 843 1003 πάντα
858 943 960 1017 χρὴ
989 945 1166 1016 φάναι
1195 948 1348 1009 τέλος
1365 948 1509 1015 ἔχειν
1531 945 1601 1001 τά
1630 967 1693 1016 γε
1719 949 1968 1010 παιδείας

280 1035 405 1104 πέρι
424 1030 643 1102 νόμιμα.

422 1119 540 1168 ΚΛ.
581 1117 777 1175 Καλῶς
797 1107 870 1178 ἄν
894 1111 1086 1178 λέγοις.

1090 1442 1162 1490 Η.

165 1613 254 1659 828
422 1606 460 1656 Ι.
499 1607 615 1655 ΑΘ.
661 1600 889 1654 Τούτων
915 1597 1028 1669 μὴν
1047 1596 1280 1668 ἐχόμενά
1307 1599 1423 1652 ἐστι
1448 1595 1720 1660 τάξασθαι
1746 1595 1848 1665 μὲν
1879 1598 1972 1651 καὶ

283 1684 773 1757 νομοθετήσασθαι
791 1678 991 1749 ἕορτάς
1012 1676 1147 1750 μετὰ
1179 1701 1295 1734 των
1324 1681 1384 1734 ἐκ
1402 1685 1646 1749 Δελφων
1676 1684 1970 1748 μαντειῶν,

285 1771 485 1830 αἵτινες
535 1769 732 1820 θυσίαι
775 1764 868 1818 καὶ
912 1766 1067 1825 θεοῖς
1123 1756 1357 1816 οἷστισιν
1406 1759 1639 1831 ἄμεινον
1686 1761 1778 1815 καὶ
1822 1767 1971 1830 λῷον

284 1847 510 1920 θυούσῃ
527 1851 594 1918 τῇ
614 1845 771 1902 πόλει
781 1843 1041 1916 γίγνοιντ’
1065 1843 1152 1899 άν·
1175 1843 1309 1899 πότε
1330 1843 1492 1898 δὲκαὶ
1506 1841 1673 1896 πόσαι
1685 1839 1785 1896 τὸν
1802 1840 1972 1911 ἀριθ-

286 1929 413 2001 μόν,
444 1926 643 1999 σχεδὸν
684 1935 816 1991 ἴσως
853 1922 1121 1996 ἡμέτερον
1155 1946 1225 1979 αν
1262 1931 1592 1994 νομοθετεῖν
1626 1923 1747 1978 ἔνιά
1775 1919 1832 1993 γ’
1865 1919 1972 1976 αὐ-

246 2061 248 2063 ,
284 2033 399 2068 των
424 2018 522 2081 εἴη.

426 2098 545 2148 ΚΛ.
589 2087 720 2161 Τάχ’
750 2086 824 2146 ἀν
842 2088 945 2145 τὸν
962 2088 1226 2160 ἀριθμόν.

349 2179 357 2187 ‘
428 2181 546 2230 ΑΘ.
589 2171 704 2229 Τὸν
723 2170 968 2244 ἀριθμὸν
981 2171 1052 2243 ’δὴ
1073 2174 1321 2242 λέγωμεν
1334 2175 1557 2240 πρῶτον
1571 2191 1582 2203 ·
1602 2173 1847 2225 ἔστωσαν
1865 2167 1976 2240 γάρ.

225 2267 258 2308 Β
289 2261 403 2312 τῶν
432 2260 534 2326 μὲν
557 2258 722 2312 πέντε
749 2257 841 2310 καὶ
869 2254 1132 2325 ἑξήκοντα
1157 2256 1249 2309 καὶ
1276 2258 1611 2324 τριακοσίων
1637 2252 1812 2323 μηδὲν
1831 2249 1976 2306 ἀπο-

284 2342 592 2406 λείπουσαι,
623 2334 773 2398 ὅπως
804 2331 877 2388 ἂν
905 2344 1001 2405 μία
1019 2337 1087 2404 γε’
1107 2356 1189 2399 τις
1217 2332 1355 2405 ἀρχὴ
1384 2334 1503 2405 θύῃ
1525 2340 1682 2389 θεῶν
1711 2329 1748 2401 ἦ
1777 2330 1975 2400 δαιμό-

285 2440 405 2476 νων
435 2419 543 2472 τινὶ
579 2414 663 2470 ἀεὶ
700 2413 839 2485 ὑπὲρ
875 2414 1091 2478 πόλεώς
1116 2435 1176 2468 τε
1205 2417 1298 2468 καὶ
1326 2413 1515 2467 αὐτῶν
1545 2415 1636 2466 καὶ
1663 2411 1972 2481 κτημάτων.

285 2508 461 2558 ταῦτα
491 2500 551 2556 δὲ
583 2497 950 2565 ξυνελθόντες
977 2497 1227 2566 ἐξηγηταὶ
1256 2496 1348 2549 καὶ
1378 2497 1540 2564 ἱερεῖς’
1569 2497 1765 2562 ἱέρειαί
1795 2514 1854 2546 τε
1883 2493 1976 2546 καὶ

287 2582 508 2654 μάντεις
518 2579 652 2653 μετὰ
665 2579 1078 2652 νομοφυλάκων
1087 2574 1427 2646 ταξάντων,ἁ“
1438 2571 1839 2646 παραλείπειν’
1809 2572 1976 2643 ανάγ-

288 2687 358 2736 κη
377 2686 452 2738 τω
480 2666 780 2736 νομοθέτῃ·
810 2663 902 2718 καὶ
929 2659 996 2732 δὴ
1022 2661 1114 2717 καὶ
1143 2658 1318 2715 αὐτοῦ
1335 2658 1539 2714 τούτου
1556 2655 1659 2728 χρὴ
1679 2661 1976 2727 γίγνεσθαι·

289 2745 672 2817 ἐπιγνωμονας
702 2752 804 2802 τοῦ
824 2744 1306 2815 παραλειπομένου
1333 2739 1566 2804 τούτους
1593 2738 1725 2803 τοὺς
1754 2736 1976 2801 αὐτούς.

292 2827 322 2884 ὃ
344 2828 447 2899 μὲν
464 2826 572 2900 γὰρ
593 2827 659 2899 δὴ
680 2828 850 2900 νόμος
872 2829 985 2900 ἐρεῖ
1001 2825 1215 2882 ὃωδεκα
1232 2823 1335 2895 μεν
1353 2820 1548 2896 ἑορτάς
1566 2821 1706 2877 εἶναι
1723 2832 1836 2885 τοῖς
1863 2819 1976 2874 διό-
