<?xml version="1.0" encoding="UTF-8"?>
<!DOCTYPE html PUBLIC "-//W3C//DTD XHTML 1.0 Transitional//EN"
    "http://www.w3.org/TR/xhtml1/DTD/xhtml1-transitional.dtd">
<html xmlns="http://www.w3.org/1999/xhtml" xml:lang="en" lang="en">
 <head>
  <title>
</title>
<meta http-equiv="Content-Type" content="text/html;charset=utf-8" />
  <meta name='ocr-system' content='tesseract 3.04.00' />
  <meta name='ocr-capabilities' content='ocr_page ocr_carea ocr_par ocr_line ocrx_word'/>
</head>
<body>
  <div class='ocr_page' id='page_1' title='image "./dialogisecumdumt05platuoft_0302.png"; bbox 0 0 1976 3172; ppageno 0'>
   <div class='ocr_carea' id='block_1_1' title="bbox 220 93 1320 150">
    <p class='ocr_par' dir='ltr' id='par_1_1' title="bbox 220 93 1320 150">
     <span class='ocr_line' id='line_1_1' title="bbox 220 93 1320 150; baseline -0.004 -4"><span class='ocrx_word' id='word_1_1' title='bbox 220 97 324 150; x_wconf 81' lang='lat'><strong><em>270</em></strong></span> <span class='ocrx_word' id='word_1_2' title='bbox 843 93 1320 143; x_wconf 75' lang='grc' dir='ltr'><em>ΠΛΑΤΩΝΟΣ</em></span> 
     </span>
    </p>
   </div>
   <div class='ocr_carea' id='block_1_2' title="bbox 110 224 1916 2836">
    <p class='ocr_par' dir='ltr' id='par_1_2' title="bbox 217 224 1904 382">
     <span class='ocr_line' id='line_1_2' title="bbox 219 224 1904 299; baseline 0 -13"><span class='ocrx_word' id='word_1_3' title='bbox 219 237 392 297; x_wconf 81' lang='grc' dir='ltr'><strong><em>ταῦτα</em></strong></span> <span class='ocrx_word' id='word_1_4' title='bbox 411 228 546 285; x_wconf 80' lang='grc' dir='ltr'><strong><em>ὄντα</em></strong></span> <span class='ocrx_word' id='word_1_5' title='bbox 568 230 660 284; x_wconf 86' lang='grc' dir='ltr'><strong><em>καὶ</em></strong></span> <span class='ocrx_word' id='word_1_6' title='bbox 680 225 882 297; x_wconf 80' lang='grc' dir='ltr'><strong><em>σμικρὰ</em></strong></span> <span class='ocrx_word' id='word_1_7' title='bbox 914 227 1139 298; x_wconf 88' lang='grc' dir='ltr'><strong><em>νόμιμα,</em></strong></span> <span class='ocrx_word' id='word_1_8' title='bbox 1169 224 1305 282; x_wconf 88' lang='grc' dir='ltr'><strong><em>καθ’</em></strong></span> <span class='ocrx_word' id='word_1_9' title='bbox 1338 224 1373 282; x_wconf 76' lang='grc' dir='ltr'><strong><em>ὁὶ</em></strong></span> <span class='ocrx_word' id='word_1_10' title='bbox 1401 226 1608 293; x_wconf 78' lang='grc' dir='ltr'><strong><em>δεῖτάς</em></strong></span> <span class='ocrx_word' id='word_1_11' title='bbox 1644 237 1904 299; x_wconf 81' lang='grc' dir='ltr'><strong><em>τιμωρίας</em></strong></span> 
     </span>
     <span class='ocr_line' id='line_1_3' title="bbox 217 306 1903 382; baseline 0 -15"><span class='ocrx_word' id='word_1_12' title='bbox 217 317 526 382; x_wconf 79' lang='grc' dir='ltr'><strong><em>γίγνεσθαι,</em></strong></span> <span class='ocrx_word' id='word_1_13' title='bbox 563 306 868 381; x_wconf 77' lang='grc' dir='ltr'><strong><em>λήξεῶντε</em></strong></span> <span class='ocrx_word' id='word_1_14' title='bbox 901 308 1026 380; x_wconf 87' lang='grc' dir='ltr'><strong><em>πέρι</em></strong></span> <span class='ocrx_word' id='word_1_15' title='bbox 1055 311 1230 363; x_wconf 83' lang='grc' dir='ltr'><strong><em>δικῶν</em></strong></span> <span class='ocrx_word' id='word_1_16' title='bbox 1264 309 1356 363; x_wconf 86' lang='grc' dir='ltr'><strong><em>καὶ</em></strong></span> <span class='ocrx_word' id='word_1_17' title='bbox 1388 308 1784 380; x_wconf 79' lang='grc' dir='ltr'><strong><em>προσκλήσεων</em></strong></span> <span class='ocrx_word' id='word_1_18' title='bbox 1814 315 1903 367; x_wconf 81' lang='grc' dir='ltr'><strong><em>καὶ</em></strong></span> 
     </span>
    </p>

    <p class='ocr_par' dir='ltr' id='par_1_3' title="bbox 161 385 1908 1033">
     <span class='ocr_line' id='line_1_4' title="bbox 161 385 1904 461; baseline 0.001 -15"><span class='ocrx_word' id='word_1_19' title='bbox 161 404 192 446; x_wconf 86' lang='lat' dir='ltr'><strong>G</strong></span> <span class='ocrx_word' id='word_1_20' title='bbox 219 389 530 461; x_wconf 76' lang='grc' dir='ltr'><strong><em>κλητήρων,</em></strong></span> <span class='ocrx_word' id='word_1_21' title='bbox 563 387 663 444; x_wconf 80' lang='grc' dir='ltr'><strong><em>εἴτ’</em></strong></span> <span class='ocrx_word' id='word_1_22' title='bbox 684 389 771 443; x_wconf 81' lang='grc' dir='ltr'><strong><em>ἐπὶ</em></strong></span> <span class='ocrx_word' id='word_1_23' title='bbox 797 390 952 443; x_wconf 83' lang='grc' dir='ltr'><strong><em>δυεῖν</em></strong></span> <span class='ocrx_word' id='word_1_24' title='bbox 979 386 1078 444; x_wconf 79' lang='grc' dir='ltr'><strong><em>εἴτ’</em></strong></span> <span class='ocrx_word' id='word_1_25' title='bbox 1110 385 1199 458; x_wconf 84' lang='grc' dir='ltr'><strong><em>ἐφ’</em></strong></span> <span class='ocrx_word' id='word_1_26' title='bbox 1231 385 1456 443; x_wconf 83' lang='grc' dir='ltr'><strong><em>ὁπόσων</em></strong></span> <span class='ocrx_word' id='word_1_27' title='bbox 1485 392 1573 444; x_wconf 86' lang='grc' dir='ltr'><strong><em>δεῖ</em></strong></span> <span class='ocrx_word' id='word_1_28' title='bbox 1595 396 1904 460; x_wconf 85' lang='grc' dir='ltr'><strong><em>καλεῖσθαι,</em></strong></span> 
     </span>
     <span class='ocr_line' id='line_1_5' title="bbox 218 467 1903 543; baseline 0.001 -16"><span class='ocrx_word' id='word_1_29' title='bbox 218 474 310 528; x_wconf 82' lang='grc' dir='ltr'><strong><em>καὶ</em></strong></span> <span class='ocrx_word' id='word_1_30' title='bbox 329 472 511 527; x_wconf 77' lang='grc' dir='ltr'><strong><em>πάντα</em></strong></span> <span class='ocrx_word' id='word_1_31' title='bbox 529 467 710 527; x_wconf 83' lang='grc' dir='ltr'><strong><em>ὁπόσα</em></strong></span> <span class='ocrx_word' id='word_1_32' title='bbox 729 469 958 526; x_wconf 76' lang='grc' dir='ltr'><strong><em>τοιαῦτά</em></strong></span> <span class='ocrx_word' id='word_1_33' title='bbox 977 472 1141 542; x_wconf 83' lang='grc' dir='ltr'><strong><em>ἐστιν,</em></strong></span> <span class='ocrx_word' id='word_1_34' title='bbox 1165 467 1284 525; x_wconf 81' lang='grc' dir='ltr'><strong><em>οὔτ’</em></strong></span> <span class='ocrx_word' id='word_1_35' title='bbox 1308 468 1690 543; x_wconf 72' lang='grc' dir='ltr'><strong><em>ἀνομοθέτητα</em></strong></span> <span class='ocrx_word' id='word_1_36' title='bbox 1710 468 1832 529; x_wconf 87' lang='grc' dir='ltr'><strong><em>οἷόν</em></strong></span> <span class='ocrx_word' id='word_1_37' title='bbox 1851 472 1903 528; x_wconf 86' lang='grc' dir='ltr'><strong><em>τ’</em></strong></span> 
     </span>
     <span class='ocr_line' id='line_1_6' title="bbox 219 550 1903 623; baseline -0.001 -14"><span class='ocrx_word' id='word_1_38' title='bbox 219 551 359 610; x_wconf 79' lang='grc' dir='ltr'><strong><em>εἶναι</em></strong></span> <span class='ocrx_word' id='word_1_39' title='bbox 376 551 638 623; x_wconf 79' lang='grc' dir='ltr'><strong><em>γέροντός</em></strong></span> <span class='ocrx_word' id='word_1_40' title='bbox 655 573 714 608; x_wconf 92' lang='grc' dir='ltr'><strong><em>τε</em></strong></span> <span class='ocrx_word' id='word_1_41' title='bbox 733 550 836 609; x_wconf 80' lang='grc' dir='ltr'><strong><em>οὐκ</em></strong></span> <span class='ocrx_word' id='word_1_42' title='bbox 856 550 980 617; x_wconf 75' lang='grc' dir='ltr'><strong><em>ἄξια</em></strong></span> <span class='ocrx_word' id='word_1_43' title='bbox 1007 553 1340 623; x_wconf 89' lang='grc' dir='ltr'><strong><em>νομοθέτου,</em></strong></span> <span class='ocrx_word' id='word_1_44' title='bbox 1362 554 1827 623; x_wconf 81' lang='grc' dir='ltr'><strong><em>νομοθετούντων</em></strong></span> <span class='ocrx_word' id='word_1_45' title='bbox 1847 552 1903 608; x_wconf 89' lang='grc' dir='ltr'><strong><em>δ’</em></strong></span> 
     </span>
     <span class='ocr_line' id='line_1_7' title="bbox 220 630 1906 705; baseline 0 -15"><span class='ocrx_word' id='word_1_46' title='bbox 220 632 362 691; x_wconf 83' lang='grc' dir='ltr'><strong><em>αὐτα</em></strong></span> <span class='ocrx_word' id='word_1_47' title='bbox 382 638 440 690; x_wconf 77' lang='grc' dir='ltr'><strong><em>οἱ</em></strong></span> <span class='ocrx_word' id='word_1_48' title='bbox 453 638 570 690; x_wconf 84' lang='grc' dir='ltr'><strong><em>νέοι</em></strong></span> <span class='ocrx_word' id='word_1_49' title='bbox 586 633 725 704; x_wconf 86' lang='grc' dir='ltr'><strong><em>πρὸς</em></strong></span> <span class='ocrx_word' id='word_1_50' title='bbox 743 631 810 689; x_wconf 77' lang='grc' dir='ltr'><strong><em>τὰ</em></strong></span> <span class='ocrx_word' id='word_1_51' title='bbox 841 639 955 689; x_wconf 91' lang='grc' dir='ltr'><strong><em>τῶν</em></strong></span> <span class='ocrx_word' id='word_1_52' title='bbox 974 632 1229 705; x_wconf 79' lang='grc' dir='ltr'><strong><em>πρόσθεν</em></strong></span> <span class='ocrx_word' id='word_1_53' title='bbox 1255 630 1682 705; x_wconf 71' lang='grc' dir='ltr'><strong><em>νομοθετήματα</em></strong></span> <span class='ocrx_word' id='word_1_54' title='bbox 1704 632 1906 705; x_wconf 84' lang='grc' dir='ltr'><strong><em>ἀπομι-</em></strong></span> 
     </span>
     <span class='ocr_line' id='line_1_8' title="bbox 220 712 1906 788; baseline -0.001 -15"><span class='ocrx_word' id='word_1_55' title='bbox 220 716 491 788; x_wconf 91' lang='grc' dir='ltr'><strong><em>μούμενοι</em></strong></span> <span class='ocrx_word' id='word_1_56' title='bbox 509 713 711 788; x_wconf 77' lang='grc' dir='ltr'><strong><em>σμικρὰ</em></strong></span> <span class='ocrx_word' id='word_1_57' title='bbox 734 713 875 786; x_wconf 85' lang='grc' dir='ltr'><strong><em>πρὸς</em></strong></span> <span class='ocrx_word' id='word_1_58' title='bbox 901 715 1129 786; x_wconf 76' lang='grc' dir='ltr'><strong><em>μεγάλα,</em></strong></span> <span class='ocrx_word' id='word_1_59' title='bbox 1155 716 1246 771; x_wconf 81' lang='grc' dir='ltr'><strong><em>καὶ</em></strong></span> <span class='ocrx_word' id='word_1_60' title='bbox 1271 720 1368 786; x_wconf 86' lang='grc' dir='ltr'><strong><em>τῆς</em></strong></span> <span class='ocrx_word' id='word_1_61' title='bbox 1389 712 1692 785; x_wconf 74' lang='grc' dir='ltr'><strong><em>ἀναγκαίας</em></strong></span> <span class='ocrx_word' id='word_1_62' title='bbox 1719 714 1906 772; x_wconf 81' lang='grc' dir='ltr'><strong><em>αὐτῶν</em></strong></span> 
     </span>
     <span class='ocr_line' id='line_1_9' title="bbox 217 793 1908 868; baseline 0.001 -16"><span class='ocrx_word' id='word_1_63' title='bbox 217 803 401 868; x_wconf 81' lang='grc' dir='ltr'><strong><em>χρείας</em></strong></span> <span class='ocrx_word' id='word_1_64' title='bbox 420 801 688 867; x_wconf 87' lang='grc' dir='ltr'><strong><em>ἐμπείρως</em></strong></span> <span class='ocrx_word' id='word_1_65' title='bbox 699 804 959 865; x_wconf 81' lang='grc' dir='ltr'><strong><em>ἴσχοντες,</em></strong></span> <span class='ocrx_word' id='word_1_66' title='bbox 976 803 1238 867; x_wconf 85' lang='grc' dir='ltr'><strong><em>μέχριπερ</em></strong></span> <span class='ocrx_word' id='word_1_67' title='bbox 1258 793 1331 851; x_wconf 70' lang='grc' dir='ltr'><strong><em>ἂν</em></strong></span> <span class='ocrx_word' id='word_1_68' title='bbox 1349 797 1530 852; x_wconf 78' lang='grc' dir='ltr'><strong><em>πάντα</em></strong></span> <span class='ocrx_word' id='word_1_69' title='bbox 1550 800 1755 862; x_wconf 87' lang='grc' dir='ltr'><strong><em>ικανῶς</em></strong></span> <span class='ocrx_word' id='word_1_70' title='bbox 1775 797 1908 867; x_wconf 84' lang='grc' dir='ltr'><strong><em>δόξῃ</em></strong></span> 
     </span>
     <span class='ocr_line' id='line_1_10' title="bbox 219 873 1906 948; baseline -0.001 -14"><span class='ocrx_word' id='word_1_71' title='bbox 219 885 464 934; x_wconf 88' lang='grc' dir='ltr'><strong><em>κεῖσθαι·</em></strong></span> <span class='ocrx_word' id='word_1_72' title='bbox 487 877 611 932; x_wconf 91' lang='grc' dir='ltr'><strong><em>τότε</em></strong></span> <span class='ocrx_word' id='word_1_73' title='bbox 630 875 691 931; x_wconf 76' lang='grc' dir='ltr'><strong><em>δὲ</em></strong></span> <span class='ocrx_word' id='word_1_74' title='bbox 710 873 939 946; x_wconf 85' lang='grc' dir='ltr'><strong><em>ἀκίνητα</em></strong></span> <span class='ocrx_word' id='word_1_75' title='bbox 955 875 1318 945; x_wconf 81' lang='grc' dir='ltr'><strong><em>ποιησάμενοι</em></strong></span> <span class='ocrx_word' id='word_1_76' title='bbox 1337 877 1558 943; x_wconf 74' lang='grc' dir='ltr'><strong><em>ζεόντων</em></strong></span> <span class='ocrx_word' id='word_1_77' title='bbox 1570 877 1790 943; x_wconf 85' lang='grc' dir='ltr'><strong><em>τούτοις</em></strong></span> <span class='ocrx_word' id='word_1_78' title='bbox 1799 877 1906 948; x_wconf 88' lang='grc' dir='ltr'><strong><em>ήδη</em></strong></span> 
     </span>
     <span class='ocr_line' id='line_1_11' title="bbox 219 961 941 1033; baseline -0.006 -17"><span class='ocrx_word' id='word_1_79' title='bbox 219 961 496 1033; x_wconf 76' lang='grc' dir='ltr'><strong><em>χρεόμενοι</em></strong></span> <span class='ocrx_word' id='word_1_80' title='bbox 514 961 718 1031; x_wconf 88' lang='grc' dir='ltr'><strong><em>μέτρον</em></strong></span> <span class='ocrx_word' id='word_1_81' title='bbox 740 962 941 1028; x_wconf 83' lang='grc' dir='ltr'><strong><em>ἔχουσι.</em></strong></span> 
     </span>
    </p>

    <p class='ocr_par' dir='ltr' id='par_1_4' title="bbox 157 1036 1913 1687">
     <span class='ocr_line' id='line_1_12' title="bbox 157 1036 1909 1114; baseline -0.005 -14"><span class='ocrx_word' id='word_1_82' title='bbox 157 1059 192 1100; x_wconf 91' lang='lat' dir='ltr'>D</span> <span class='ocrx_word' id='word_1_83' title='bbox 363 1039 592 1114; x_wconf 85' lang='grc' dir='ltr'><strong><em>ΧΠ.Τὸ</em></strong></span> <span class='ocrx_word' id='word_1_84' title='bbox 615 1041 676 1095; x_wconf 81' lang='grc' dir='ltr'><strong><em>δὲ</em></strong></span> <span class='ocrx_word' id='word_1_85' title='bbox 703 1045 819 1095; x_wconf 89' lang='grc' dir='ltr'><strong><em>τῶν</em></strong></span> <span class='ocrx_word' id='word_1_86' title='bbox 845 1038 1032 1095; x_wconf 79' lang='grc' dir='ltr'><strong><em>ἄλλων</em></strong></span> <span class='ocrx_word' id='word_1_87' title='bbox 1061 1043 1417 1112; x_wconf 77' lang='grc' dir='ltr'><strong><em>δημιουργῶν</em></strong></span> <span class='ocrx_word' id='word_1_88' title='bbox 1443 1048 1622 1095; x_wconf 88' lang='grc' dir='ltr'><strong><em>ποιεῖν</em></strong></span> <span class='ocrx_word' id='word_1_89' title='bbox 1641 1036 1744 1110; x_wconf 87' lang='grc' dir='ltr'><strong><em>χρὴ</em></strong></span> <span class='ocrx_word' id='word_1_90' title='bbox 1771 1039 1909 1094; x_wconf 79' lang='grc' dir='ltr'><strong><em>κατὰ</em></strong></span> 
     </span>
     <span class='ocr_line' id='line_1_13' title="bbox 218 1110 1908 1192; baseline -0.002 -13"><span class='ocrx_word' id='word_1_91' title='bbox 218 1123 365 1179; x_wconf 81' lang='grc' dir='ltr'><strong><em>τάδε.</em></strong></span> <span class='ocrx_word' id='word_1_92' title='bbox 404 1110 628 1191; x_wconf 90' lang='grc' dir='ltr'><strong><em>πρῶτον</em></strong></span> <span class='ocrx_word' id='word_1_93' title='bbox 646 1143 748 1192; x_wconf 89' lang='grc' dir='ltr'><strong><em>μεν</em></strong></span> <span class='ocrx_word' id='word_1_94' title='bbox 766 1120 1052 1191; x_wconf 74' lang='grc' dir='ltr'><strong><em>ἐπιχώριος</em></strong></span> <span class='ocrx_word' id='word_1_95' title='bbox 1070 1121 1258 1192; x_wconf 85' lang='grc' dir='ltr'><strong><em>μηδεὶς</em></strong></span> <span class='ocrx_word' id='word_1_96' title='bbox 1281 1123 1422 1176; x_wconf 78' lang='grc' dir='ltr'><strong><em>ἔστω</em></strong></span> <span class='ocrx_word' id='word_1_97' title='bbox 1439 1126 1554 1176; x_wconf 92' lang='grc' dir='ltr'><strong><em>τῶν</em></strong></span> <span class='ocrx_word' id='word_1_98' title='bbox 1579 1118 1788 1192; x_wconf 79' lang='grc' dir='ltr'><strong><em>περὶτὰ</em></strong></span> <span class='ocrx_word' id='word_1_99' title='bbox 1809 1123 1908 1190; x_wconf 90' lang='grc' dir='ltr'><strong><em>δη-</em></strong></span> 
     </span>
     <span class='ocr_line' id='line_1_14' title="bbox 220 1199 1911 1277; baseline -0.002 -16"><span class='ocrx_word' id='word_1_100' title='bbox 220 1203 515 1277; x_wconf 78' lang='grc' dir='ltr'><strong><em>μιουργικὰ</em></strong></span> <span class='ocrx_word' id='word_1_101' title='bbox 530 1205 837 1275; x_wconf 86' lang='grc' dir='ltr'><strong><em>τεχνήματα</em></strong></span> <span class='ocrx_word' id='word_1_102' title='bbox 860 1201 1301 1273; x_wconf 79' lang='grc' dir='ltr'><strong><em>διαπονούντων,</em></strong></span> <span class='ocrx_word' id='word_1_103' title='bbox 1321 1204 1459 1274; x_wconf 78' lang='grc' dir='ltr'><strong><em>μηδὲ</em></strong></span> <span class='ocrx_word' id='word_1_104' title='bbox 1477 1206 1687 1274; x_wconf 83' lang='grc' dir='ltr'><strong><em>οἰκέτης</em></strong></span> <span class='ocrx_word' id='word_1_105' title='bbox 1704 1199 1911 1272; x_wconf 84' lang='grc' dir='ltr'><strong><em>ἀνδρὸς</em></strong></span> 
     </span>
     <span class='ocr_line' id='line_1_15' title="bbox 220 1283 1912 1360; baseline -0.002 -17"><span class='ocrx_word' id='word_1_106' title='bbox 220 1290 529 1360; x_wconf 81' lang='grc' dir='ltr'><strong><em>ἐπιχωρίου.</em></strong></span> <span class='ocrx_word' id='word_1_107' title='bbox 569 1291 768 1358; x_wconf 92' lang='grc' dir='ltr'><strong><em>τέχνην</em></strong></span> <span class='ocrx_word' id='word_1_108' title='bbox 786 1284 894 1356; x_wconf 76' lang='grc' dir='ltr'><strong><em>γὰρ</em></strong></span> <span class='ocrx_word' id='word_1_109' title='bbox 913 1283 1115 1357; x_wconf 80' lang='grc' dir='ltr'><strong><em>ἱκανὴν</em></strong></span> <span class='ocrx_word' id='word_1_110' title='bbox 1142 1291 1345 1355; x_wconf 84' lang='grc' dir='ltr'><strong><em>πολλῆς</em></strong></span> <span class='ocrx_word' id='word_1_111' title='bbox 1373 1283 1654 1356; x_wconf 86' lang='grc' dir='ltr'><strong><em>ἀσκήσεως</em></strong></span> <span class='ocrx_word' id='word_1_112' title='bbox 1679 1283 1793 1356; x_wconf 77' lang='grc' dir='ltr'><strong><em>ἅμα</em></strong></span> <span class='ocrx_word' id='word_1_113' title='bbox 1821 1285 1912 1340; x_wconf 83' lang='grc' dir='ltr'><strong><em>καὶ</em></strong></span> 
     </span>
     <span class='ocr_line' id='line_1_16' title="bbox 225 1363 1910 1441; baseline -0.002 -16"><span class='ocrx_word' id='word_1_114' title='bbox 225 1369 575 1441; x_wconf 77' lang='grc' dir='ltr'><strong><em>μαθημάτων</em></strong></span> <span class='ocrx_word' id='word_1_115' title='bbox 595 1375 821 1424; x_wconf 87' lang='grc' dir='ltr'><strong><em>πολλῶν</em></strong></span> <span class='ocrx_word' id='word_1_116' title='bbox 848 1370 1118 1438; x_wconf 79' lang='grc' dir='ltr'><strong><em>δεομένην</em></strong></span> <span class='ocrx_word' id='word_1_117' title='bbox 1133 1369 1387 1438; x_wconf 86' lang='grc' dir='ltr'><strong><em>κέκτηται</em></strong></span> <span class='ocrx_word' id='word_1_118' title='bbox 1408 1373 1633 1439; x_wconf 83' lang='grc' dir='ltr'><strong><em>πολίτης</em></strong></span> <span class='ocrx_word' id='word_1_119' title='bbox 1651 1366 1793 1437; x_wconf 83' lang='grc' dir='ltr'><strong><em>ἀνὴρ</em></strong></span> <span class='ocrx_word' id='word_1_120' title='bbox 1811 1363 1910 1421; x_wconf 82' lang='grc' dir='ltr'><strong><em>τὸν</em></strong></span> 
     </span>
     <span class='ocr_line' id='line_1_17' title="bbox 224 1448 1911 1523; baseline -0.002 -15"><span class='ocrx_word' id='word_1_121' title='bbox 224 1451 421 1508; x_wconf 82' lang='grc' dir='ltr'><strong><em>κοινὸν</em></strong></span> <span class='ocrx_word' id='word_1_122' title='bbox 447 1458 544 1523; x_wconf 82' lang='grc' dir='ltr'><strong><em>τῆς</em></strong></span> <span class='ocrx_word' id='word_1_123' title='bbox 571 1450 786 1519; x_wconf 87' lang='grc' dir='ltr'><strong><em>πόλεως</em></strong></span> <span class='ocrx_word' id='word_1_124' title='bbox 814 1449 1029 1520; x_wconf 87' lang='grc' dir='ltr'><strong><em>κόσμον</em></strong></span> <span class='ocrx_word' id='word_1_125' title='bbox 1059 1449 1253 1516; x_wconf 75' lang='grc' dir='ltr'><strong><em>σώζων</em></strong></span> <span class='ocrx_word' id='word_1_126' title='bbox 1271 1453 1364 1506; x_wconf 85' lang='grc' dir='ltr'><strong><em>καὶ</em></strong></span> <span class='ocrx_word' id='word_1_127' title='bbox 1388 1449 1684 1523; x_wconf 73' lang='grc' dir='ltr'><strong><em>κτώμενος,</em></strong></span> <span class='ocrx_word' id='word_1_128' title='bbox 1715 1448 1820 1506; x_wconf 82' lang='grc' dir='ltr'><strong><em>οὐκ</em></strong></span> <span class='ocrx_word' id='word_1_129' title='bbox 1849 1452 1911 1505; x_wconf 91' lang='grc' dir='ltr'><strong><em>ἐν</em></strong></span> 
     </span>
     <span class='ocr_line' id='line_1_18' title="bbox 226 1527 1913 1607; baseline -0.002 -17"><span class='ocrx_word' id='word_1_130' title='bbox 226 1535 486 1607; x_wconf 71' lang='grc' dir='ltr'><strong><em>παρέργῳ</em></strong></span> <span class='ocrx_word' id='word_1_131' title='bbox 517 1531 787 1603; x_wconf 89' lang='grc' dir='ltr'><strong><em>δεόμενον</em></strong></span> <span class='ocrx_word' id='word_1_132' title='bbox 816 1531 1185 1602; x_wconf 85' lang='grc' dir='ltr'><strong><em>ἐπιτηδεύειν·</em></strong></span> <span class='ocrx_word' id='word_1_133' title='bbox 1226 1532 1329 1588; x_wconf 91' lang='grc' dir='ltr'><strong><em>δύο</em></strong></span> <span class='ocrx_word' id='word_1_134' title='bbox 1358 1536 1419 1588; x_wconf 83' lang='grc' dir='ltr'><strong><em>δὲ</em></strong></span> <span class='ocrx_word' id='word_1_135' title='bbox 1447 1532 1848 1603; x_wconf 86' lang='grc' dir='ltr'><strong><em>ἐπιτηδεύματα</em></strong></span> <span class='ocrx_word' id='word_1_136' title='bbox 1875 1527 1913 1601; x_wconf 77' lang='grc' dir='ltr'><strong><em>ἦ</em></strong></span> 
     </span>
     <span class='ocr_line' id='line_1_19' title="bbox 225 1613 1911 1687; baseline 0.001 -16"><span class='ocrx_word' id='word_1_137' title='bbox 225 1616 330 1671; x_wconf 84' lang='grc' dir='ltr'><strong><em>δύο</em></strong></span> <span class='ocrx_word' id='word_1_138' title='bbox 359 1618 550 1686; x_wconf 86' lang='grc' dir='ltr'><strong><em>τέχνας</em></strong></span> <span class='ocrx_word' id='word_1_139' title='bbox 569 1613 811 1686; x_wconf 89' lang='grc' dir='ltr'><strong><em>ἀκριβῶς</em></strong></span> <span class='ocrx_word' id='word_1_140' title='bbox 840 1618 1229 1671; x_wconf 85' lang='grc' dir='ltr'><strong><em>διαπονεῖσθαι</em></strong></span> <span class='ocrx_word' id='word_1_141' title='bbox 1256 1614 1454 1687; x_wconf 83' lang='grc' dir='ltr'><strong><em>σχεδὸν</em></strong></span> <span class='ocrx_word' id='word_1_142' title='bbox 1482 1614 1713 1687; x_wconf 79' lang='grc' dir='ltr'><strong><em>οὐδεμία</em></strong></span> <span class='ocrx_word' id='word_1_143' title='bbox 1743 1618 1911 1687; x_wconf 84' lang='grc' dir='ltr'><strong><em>φύσις</em></strong></span> 
     </span>
    </p>

    <p class='ocr_par' dir='ltr' id='par_1_5' title="bbox 162 1692 1916 2263">
     <span class='ocr_line' id='line_1_20' title="bbox 162 1692 1914 1770; baseline -0.002 -16"><span class='ocrx_word' id='word_1_144' title='bbox 162 1713 197 1754; x_wconf 76' lang='lat' dir='ltr'>E</span> <span class='ocrx_word' id='word_1_145' title='bbox 228 1696 392 1769; x_wconf 71' lang='grc' dir='ltr'><strong><em>ἱκανὴ</em></strong></span> <span class='ocrx_word' id='word_1_146' title='bbox 411 1704 524 1754; x_wconf 88' lang='grc' dir='ltr'><strong><em>τῶν</em></strong></span> <span class='ocrx_word' id='word_1_147' title='bbox 551 1695 948 1769; x_wconf 87' lang='grc' dir='ltr'><strong><em>ἀνθρωπίνων,</em></strong></span> <span class='ocrx_word' id='word_1_148' title='bbox 979 1695 1105 1753; x_wconf 86' lang='grc' dir='ltr'><strong><em>οὐδ’</em></strong></span> <span class='ocrx_word' id='word_1_149' title='bbox 1137 1692 1211 1753; x_wconf 86' lang='grc' dir='ltr'><strong><em>αὖ</em></strong></span> <span class='ocrx_word' id='word_1_150' title='bbox 1241 1696 1343 1769; x_wconf 84' lang='grc' dir='ltr'><strong><em>τὴν</em></strong></span> <span class='ocrx_word' id='word_1_151' title='bbox 1370 1697 1474 1770; x_wconf 71' lang='grc' dir='ltr'><strong><em>μὲν</em></strong></span> <span class='ocrx_word' id='word_1_152' title='bbox 1507 1696 1675 1764; x_wconf 81' lang='grc' dir='ltr'><strong><em>αὐτὸς</em></strong></span> <span class='ocrx_word' id='word_1_153' title='bbox 1710 1701 1914 1763; x_wconf 75' lang='grc' dir='ltr'><strong><em>ἱκανῶς</em></strong></span> 
     </span>
     <span class='ocr_line' id='line_1_21' title="bbox 223 1771 1912 1855; baseline -0.002 -19"><span class='ocrx_word' id='word_1_154' title='bbox 223 1781 434 1850; x_wconf 81' lang='grc' dir='ltr'><strong><em>ἀσκεῖν,</em></strong></span> <span class='ocrx_word' id='word_1_155' title='bbox 466 1778 570 1851; x_wconf 83' lang='grc' dir='ltr'><strong><em>τὴν</em></strong></span> <span class='ocrx_word' id='word_1_156' title='bbox 591 1781 650 1836; x_wconf 81' lang='grc' dir='ltr'><strong><em>δὲ</em></strong></span> <span class='ocrx_word' id='word_1_157' title='bbox 682 1780 857 1836; x_wconf 79' lang='grc' dir='ltr'><strong><em>ἄλλον</em></strong></span> <span class='ocrx_word' id='word_1_158' title='bbox 886 1778 1167 1836; x_wconf 86' lang='grc' dir='ltr'><strong><em>ἀσκοῦντα</em></strong></span> <span class='ocrx_word' id='word_1_159' title='bbox 1193 1780 1590 1855; x_wconf 73' lang='grc' dir='ltr'><strong><em>ἐπιτροπεύειν.</em></strong></span> <span class='ocrx_word' id='word_1_160' title='bbox 1629 1777 1782 1835; x_wconf 83' lang='grc' dir='ltr'><strong><em>τοῦτ’</em></strong></span> <span class='ocrx_word' id='word_1_161' title='bbox 1807 1771 1912 1834; x_wconf 80' lang='grc' dir='ltr'><strong><em>οὖν</em></strong></span> 
     </span>
     <span class='ocr_line' id='line_1_22' title="bbox 223 1858 1913 1933; baseline -0.004 -15"><span class='ocrx_word' id='word_1_162' title='bbox 223 1866 284 1918; x_wconf 88' lang='grc' dir='ltr'><strong><em>ἐν</em></strong></span> <span class='ocrx_word' id='word_1_163' title='bbox 303 1861 461 1917; x_wconf 87' lang='grc' dir='ltr'><strong><em>πόλει</em></strong></span> <span class='ocrx_word' id='word_1_164' title='bbox 472 1859 728 1933; x_wconf 73' lang='grc' dir='ltr'><strong><em>’ὑπάρχον</em></strong></span> <span class='ocrx_word' id='word_1_165' title='bbox 747 1864 833 1917; x_wconf 83' lang='grc' dir='ltr'><strong><em>δεῖ</em></strong></span> <span class='ocrx_word' id='word_1_166' title='bbox 846 1866 1068 1930; x_wconf 86' lang='grc' dir='ltr'><strong><em>πρῶτον</em></strong></span> <span class='ocrx_word' id='word_1_167' title='bbox 1080 1865 1375 1932; x_wconf 79' lang='grc' dir='ltr'><strong><em>γίγνεσθαι</em></strong></span> <span class='ocrx_word' id='word_1_168' title='bbox 1388 1882 1401 1894; x_wconf 93' lang='grc'>·</span> <span class='ocrx_word' id='word_1_169' title='bbox 1421 1863 1608 1932; x_wconf 85' lang='grc' dir='ltr'><strong><em>μηδεὶς</em></strong></span> <span class='ocrx_word' id='word_1_170' title='bbox 1625 1858 1913 1931; x_wconf 87' lang='grc' dir='ltr'><strong><em>χαλκεύων</em></strong></span> 
     </span>
     <span class='ocr_line' id='line_1_23' title="bbox 225 1936 1913 2015; baseline -0.001 -17"><span class='ocrx_word' id='word_1_171' title='bbox 225 1942 339 2014; x_wconf 79' lang='grc' dir='ltr'><strong><em>ἅμα</em></strong></span> <span class='ocrx_word' id='word_1_172' title='bbox 374 1943 766 2014; x_wconf 84' lang='grc' dir='ltr'><strong><em>τεκταινέσθω,</em></strong></span> <span class='ocrx_word' id='word_1_173' title='bbox 803 1943 936 2015; x_wconf 81' lang='grc' dir='ltr'><strong><em>μηδ’</em></strong></span> <span class='ocrx_word' id='word_1_174' title='bbox 968 1936 1046 1998; x_wconf 78' lang='grc' dir='ltr'><strong><em>αὖ</em></strong></span> <span class='ocrx_word' id='word_1_175' title='bbox 1068 1941 1491 2014; x_wconf 86' lang='grc' dir='ltr'><strong><em>τεκταινόμενος</em></strong></span> <span class='ocrx_word' id='word_1_176' title='bbox 1525 1941 1913 2012; x_wconf 87' lang='grc' dir='ltr'><strong><em>χαλκευόντων</em></strong></span> 
     </span>
     <span class='ocr_line' id='line_1_24' title="bbox 225 2022 1916 2098; baseline -0.002 -17"><span class='ocrx_word' id='word_1_177' title='bbox 225 2024 413 2082; x_wconf 73' lang='grc' dir='ltr'><strong><em>ἄλλων</em></strong></span> <span class='ocrx_word' id='word_1_178' title='bbox 443 2028 807 2098; x_wconf 86' lang='grc' dir='ltr'><strong><em>ἐπιμελείσθω</em></strong></span> <span class='ocrx_word' id='word_1_179' title='bbox 834 2032 1049 2097; x_wconf 77' lang='grc' dir='ltr'><strong><em>μᾶλλον</em></strong></span> <span class='ocrx_word' id='word_1_180' title='bbox 1076 2024 1113 2097; x_wconf 80' lang='grc' dir='ltr'><em>ἢ</em></span> <span class='ocrx_word' id='word_1_181' title='bbox 1131 2031 1226 2097; x_wconf 86' lang='grc' dir='ltr'><strong><em>τῆς</em></strong></span> <span class='ocrx_word' id='word_1_182' title='bbox 1254 2022 1428 2081; x_wconf 81' lang='grc' dir='ltr'><strong><em>αὑτοῦ</em></strong></span> <span class='ocrx_word' id='word_1_183' title='bbox 1457 2029 1666 2095; x_wconf 86' lang='grc' dir='ltr'><strong><em>τέχνης,</em></strong></span> <span class='ocrx_word' id='word_1_184' title='bbox 1687 2023 1916 2095; x_wconf 88' lang='grc' dir='ltr'><strong><em>πρόφα-</em></strong></span> 
     </span>
     <span class='ocr_line' id='line_1_25' title="bbox 227 2105 1914 2181; baseline -0.002 -18"><span class='ocrx_word' id='word_1_185' title='bbox 227 2123 318 2163; x_wconf 91' lang='grc' dir='ltr'><strong><em>σιν</em></strong></span> <span class='ocrx_word' id='word_1_186' title='bbox 338 2112 494 2178; x_wconf 80' lang='grc' dir='ltr'><strong><em>ἔχων,</em></strong></span> <span class='ocrx_word' id='word_1_187' title='bbox 519 2105 592 2173; x_wconf 85' lang='grc' dir='ltr'><strong><em>ῶς</em></strong></span> <span class='ocrx_word' id='word_1_188' title='bbox 609 2115 835 2165; x_wconf 89' lang='grc' dir='ltr'><strong><em>πολλῶν</em></strong></span> <span class='ocrx_word' id='word_1_189' title='bbox 855 2113 1086 2165; x_wconf 85' lang='grc' dir='ltr'><strong><em>οἰκετῶν</em></strong></span> <span class='ocrx_word' id='word_1_190' title='bbox 1097 2107 1534 2180; x_wconf 85' lang='grc' dir='ltr'><strong><em>ἐπιμελούμενος</em></strong></span> <span class='ocrx_word' id='word_1_191' title='bbox 1552 2108 1731 2181; x_wconf 71' lang='grc' dir='ltr'><strong><em>ἑαυτῷ</em></strong></span> <span class='ocrx_word' id='word_1_192' title='bbox 1753 2109 1914 2176; x_wconf 84' lang='grc' dir='ltr'><strong><em>δημι-</em></strong></span> 
     </span>
     <span class='ocr_line' id='line_1_26' title="bbox 229 2184 1912 2263; baseline -0.002 -17"><span class='ocrx_word' id='word_1_193' title='bbox 229 2191 591 2262; x_wconf 81' lang='grc' dir='ltr'><strong><em>ουργούντων</em></strong></span> <span class='ocrx_word' id='word_1_194' title='bbox 621 2191 845 2257; x_wconf 82' lang='grc' dir='ltr'><strong><em>εἰκότως</em></strong></span> <span class='ocrx_word' id='word_1_195' title='bbox 862 2197 1077 2263; x_wconf 77' lang='grc' dir='ltr'><strong><em>μᾶλλον</em></strong></span> <span class='ocrx_word' id='word_1_196' title='bbox 1109 2194 1437 2262; x_wconf 79' lang='grc' dir='ltr'><strong><em>ἐπιμελεῖται</em></strong></span> <span class='ocrx_word' id='word_1_197' title='bbox 1465 2191 1696 2246; x_wconf 89' lang='grc' dir='ltr'><strong><em>ἐκείνων</em></strong></span> <span class='ocrx_word' id='word_1_198' title='bbox 1727 2187 1817 2243; x_wconf 74' lang='grc' dir='ltr'><strong><em>διὰ</em></strong></span> <span class='ocrx_word' id='word_1_199' title='bbox 1850 2184 1912 2242; x_wconf 84' lang='grc' dir='ltr'><strong><em>τὸ</em></strong></span> 
     </span>
    </p>

    <p class='ocr_par' dir='ltr' id='par_1_6' title="bbox 110 2266 1916 2836">
     <span class='ocr_line' id='line_1_27' title="bbox 110 2266 1916 2348; baseline -0.003 -20"><span class='ocrx_word' id='word_1_200' title='bbox 110 2282 198 2328; x_wconf 81' lang='grc'><strong><em>847</em></strong></span> <span class='ocrx_word' id='word_1_201' title='bbox 231 2273 332 2343; x_wconf 84' lang='grc' dir='ltr'><strong><em>τὴν</em></strong></span> <span class='ocrx_word' id='word_1_202' title='bbox 360 2272 642 2340; x_wconf 86' lang='grc' dir='ltr'><strong><em>πρόσοδον</em></strong></span> <span class='ocrx_word' id='word_1_203' title='bbox 669 2276 889 2330; x_wconf 84' lang='grc' dir='ltr'><strong><em>ἐκεῖθεν</em></strong></span> <span class='ocrx_word' id='word_1_204' title='bbox 920 2270 1069 2348; x_wconf 79' lang='grc' dir='ltr'><strong><em>αὐτῷ</em></strong></span> <span class='ocrx_word' id='word_1_205' title='bbox 1097 2279 1265 2329; x_wconf 90' lang='grc' dir='ltr'><strong><em>πλείω</em></strong></span> <span class='ocrx_word' id='word_1_206' title='bbox 1293 2276 1590 2343; x_wconf 77' lang='grc' dir='ltr'><strong><em>γίγνεσθαι</em></strong></span> <span class='ocrx_word' id='word_1_207' title='bbox 1617 2277 1714 2341; x_wconf 84' lang='grc' dir='ltr'><strong><em>τῆς</em></strong></span> <span class='ocrx_word' id='word_1_208' title='bbox 1740 2266 1916 2323; x_wconf 83' lang='grc' dir='ltr'><strong><em>αὑτοῦ</em></strong></span> 
     </span>
     <span class='ocr_line' id='line_1_28' title="bbox 227 2350 1916 2425; baseline -0.005 -15"><span class='ocrx_word' id='word_1_209' title='bbox 227 2356 431 2425; x_wconf 86' lang='grc' dir='ltr'><strong><em>τέχνης,</em></strong></span> <span class='ocrx_word' id='word_1_210' title='bbox 453 2351 577 2409; x_wconf 81' lang='grc' dir='ltr'><strong><em>ἀλλ’</em></strong></span> <span class='ocrx_word' id='word_1_211' title='bbox 611 2350 687 2419; x_wconf 82' lang='grc' dir='ltr'><strong><em>εἷς</em></strong></span> <span class='ocrx_word' id='word_1_212' title='bbox 705 2360 838 2424; x_wconf 88' lang='grc' dir='ltr'><strong><em>μίαν</em></strong></span> <span class='ocrx_word' id='word_1_213' title='bbox 855 2355 1084 2418; x_wconf 81' lang='grc' dir='ltr'><strong><em>ἕκαστος</em></strong></span> <span class='ocrx_word' id='word_1_214' title='bbox 1100 2357 1298 2424; x_wconf 87' lang='grc' dir='ltr'><strong><em>τέχνην</em></strong></span> <span class='ocrx_word' id='word_1_215' title='bbox 1323 2355 1387 2409; x_wconf 86' lang='grc' dir='ltr'><strong><em>ἐν</em></strong></span> <span class='ocrx_word' id='word_1_216' title='bbox 1406 2352 1564 2408; x_wconf 85' lang='grc' dir='ltr'><strong><em>πόλει</em></strong></span> <span class='ocrx_word' id='word_1_217' title='bbox 1581 2353 1916 2419; x_wconf 85' lang='grc' dir='ltr'><strong><em>κεκτημένος</em></strong></span> 
     </span>
     <span class='ocr_line' id='line_1_29' title="bbox 232 2426 1915 2506; baseline -0.005 -15"><span class='ocrx_word' id='word_1_218' title='bbox 232 2433 342 2491; x_wconf 83' lang='grc' dir='ltr'><strong><em>ἀπὸ</em></strong></span> <span class='ocrx_word' id='word_1_219' title='bbox 371 2436 573 2506; x_wconf 89' lang='grc' dir='ltr'><strong><em>ταύτης</em></strong></span> <span class='ocrx_word' id='word_1_220' title='bbox 601 2432 715 2505; x_wconf 82' lang='grc' dir='ltr'><strong><em>ἅμα</em></strong></span> <span class='ocrx_word' id='word_1_221' title='bbox 742 2435 835 2489; x_wconf 85' lang='grc' dir='ltr'><strong><em>καὶ</em></strong></span> <span class='ocrx_word' id='word_1_222' title='bbox 869 2431 931 2489; x_wconf 83' lang='grc' dir='ltr'><strong><em>τὸ</em></strong></span> <span class='ocrx_word' id='word_1_223' title='bbox 959 2438 1059 2504; x_wconf 79' lang='grc' dir='ltr'><strong><em>ζῇν</em></strong></span> <span class='ocrx_word' id='word_1_224' title='bbox 1086 2433 1330 2488; x_wconf 79' lang='grc' dir='ltr'><strong><em>κτάσθω.</em></strong></span> <span class='ocrx_word' id='word_1_225' title='bbox 1370 2437 1571 2486; x_wconf 82' lang='grc' dir='ltr'><strong><em>τοῦτον</em></strong></span> <span class='ocrx_word' id='word_1_226' title='bbox 1600 2426 1666 2500; x_wconf 85' lang='grc' dir='ltr'><strong><em>δὴ</em></strong></span> <span class='ocrx_word' id='word_1_227' title='bbox 1696 2426 1795 2483; x_wconf 86' lang='grc' dir='ltr'><strong><em>τὸν</em></strong></span> <span class='ocrx_word' id='word_1_228' title='bbox 1814 2427 1915 2483; x_wconf 76' lang='grc' dir='ltr'><strong><em>νό-</em></strong></span> 
     </span>
     <span class='ocr_line' id='line_1_30' title="bbox 232 2508 1915 2589; baseline -0.007 -15"><span class='ocrx_word' id='word_1_229' title='bbox 232 2539 340 2589; x_wconf 94' lang='grc' dir='ltr'><strong><em>μον</em></strong></span> <span class='ocrx_word' id='word_1_230' title='bbox 358 2514 662 2588; x_wconf 88' lang='grc' dir='ltr'><strong><em>ἀστυνόμοι</em></strong></span> <span class='ocrx_word' id='word_1_231' title='bbox 682 2514 1110 2585; x_wconf 87' lang='grc' dir='ltr'><strong><em>διαπονούμενοι</em></strong></span> <span class='ocrx_word' id='word_1_232' title='bbox 1129 2511 1436 2583; x_wconf 81' lang='grc' dir='ltr'><strong><em>σωζόντων,</em></strong></span> <span class='ocrx_word' id='word_1_233' title='bbox 1457 2512 1547 2566; x_wconf 84' lang='grc' dir='ltr'><strong><em>καὶ</em></strong></span> <span class='ocrx_word' id='word_1_234' title='bbox 1566 2508 1667 2566; x_wconf 86' lang='grc' dir='ltr'><strong><em>τὸν</em></strong></span> <span class='ocrx_word' id='word_1_235' title='bbox 1687 2532 1787 2580; x_wconf 88' lang='grc' dir='ltr'><strong><em>μεν</em></strong></span> <span class='ocrx_word' id='word_1_236' title='bbox 1806 2510 1915 2564; x_wconf 89' lang='grc' dir='ltr'><strong><em>ἐπι-</em></strong></span> 
     </span>
     <span class='ocr_line' id='line_1_31' title="bbox 231 2587 1916 2672; baseline -0.007 -16"><span class='ocrx_word' id='word_1_237' title='bbox 231 2600 454 2672; x_wconf 79' lang='grc' dir='ltr'><strong><em>χῶριον,</em></strong></span> <span class='ocrx_word' id='word_1_238' title='bbox 483 2597 586 2655; x_wconf 79' lang='grc' dir='ltr'><strong><em>ἐὰν</em></strong></span> <span class='ocrx_word' id='word_1_239' title='bbox 615 2605 692 2663; x_wconf 79' lang='grc' dir='ltr'><strong><em>εἴς</em></strong></span> <span class='ocrx_word' id='word_1_240' title='bbox 718 2619 843 2654; x_wconf 91' lang='grc' dir='ltr'><strong><em>τινα</em></strong></span> <span class='ocrx_word' id='word_1_241' title='bbox 870 2600 1066 2668; x_wconf 88' lang='grc' dir='ltr'><strong><em>τέχνην</em></strong></span> <span class='ocrx_word' id='word_1_242' title='bbox 1094 2593 1365 2666; x_wconf 83' lang='grc' dir='ltr'><strong><em>ἀποκλίνῃ</em></strong></span> <span class='ocrx_word' id='word_1_243' title='bbox 1396 2599 1606 2665; x_wconf 80' lang='grc' dir='ltr'><strong><em>μᾶλλον</em></strong></span> <span class='ocrx_word' id='word_1_244' title='bbox 1631 2587 1669 2662; x_wconf 71' lang='grc' dir='ltr'><em>ἢ</em></span> <span class='ocrx_word' id='word_1_245' title='bbox 1697 2590 1800 2662; x_wconf 86' lang='grc' dir='ltr'><strong><em>τὴν</em></strong></span> <span class='ocrx_word' id='word_1_246' title='bbox 1820 2597 1916 2662; x_wconf 86' lang='grc' dir='ltr'><strong><em>τῆς</em></strong></span> 
     </span>
     <span class='ocr_line' id='line_1_32' title="bbox 235 2671 1914 2755; baseline -0.007 -16"><span class='ocrx_word' id='word_1_247' title='bbox 235 2683 431 2755; x_wconf 84' lang='grc' dir='ltr'><strong><em>ἀρετῆς</em></strong></span> <span class='ocrx_word' id='word_1_248' title='bbox 461 2683 790 2753; x_wconf 84' lang='grc' dir='ltr'><strong><em>ἐπιμέλειαν,</em></strong></span> <span class='ocrx_word' id='word_1_249' title='bbox 816 2680 1162 2746; x_wconf 82' lang='grc' dir='ltr'><strong><em>κολαζόντων</em></strong></span> <span class='ocrx_word' id='word_1_250' title='bbox 1190 2677 1431 2735; x_wconf 82' lang='grc' dir='ltr'><strong><em>ὀνείδεσί</em></strong></span> <span class='ocrx_word' id='word_1_251' title='bbox 1457 2697 1514 2731; x_wconf 93' lang='grc' dir='ltr'><strong><em>τε</em></strong></span> <span class='ocrx_word' id='word_1_252' title='bbox 1539 2675 1631 2731; x_wconf 88' lang='grc' dir='ltr'><strong><em>καὶ</em></strong></span> <span class='ocrx_word' id='word_1_253' title='bbox 1660 2671 1914 2744; x_wconf 88' lang='grc' dir='ltr'><strong><em>ἀτιμίαις,</em></strong></span> 
     </span>
     <span class='ocr_line' id='line_1_33' title="bbox 236 2756 1916 2836; baseline -0.007 -15"><span class='ocrx_word' id='word_1_254' title='bbox 236 2768 494 2836; x_wconf 88' lang='grc' dir='ltr'><strong><em>μέχριπερ</em></strong></span> <span class='ocrx_word' id='word_1_255' title='bbox 517 2762 587 2819; x_wconf 77' lang='grc' dir='ltr'><strong><em>ὂὶν</em></strong></span> <span class='ocrx_word' id='word_1_256' title='bbox 607 2762 1034 2820; x_wconf 87' lang='grc' dir='ltr'><strong><em>κατευθύνωσιν</em></strong></span> <span class='ocrx_word' id='word_1_257' title='bbox 1054 2765 1129 2827; x_wconf 85' lang='grc' dir='ltr'><strong><em>εἰς</em></strong></span> <span class='ocrx_word' id='word_1_258' title='bbox 1154 2759 1256 2817; x_wconf 83' lang='grc' dir='ltr'><strong><em>τὸν</em></strong></span> <span class='ocrx_word' id='word_1_259' title='bbox 1286 2756 1463 2815; x_wconf 83' lang='grc' dir='ltr'><strong><em>αυτοῦ</em></strong></span> <span class='ocrx_word' id='word_1_260' title='bbox 1491 2757 1720 2829; x_wconf 88' lang='grc' dir='ltr'><strong><em>δρόμον,</em></strong></span> <span class='ocrx_word' id='word_1_261' title='bbox 1743 2756 1916 2821; x_wconf 83' lang='grc' dir='ltr'><strong><em>ξένων</em></strong></span> 
     </span>
    </p>
   </div>
   <div class='ocr_carea' id='block_1_3' title="bbox 732 2895 756 2903">
    <p class='ocr_par' dir='ltr' id='par_1_7' title="bbox 732 2895 756 2903">
     <span class='ocr_line' id='line_1_34' title="bbox 732 2895 756 2903; baseline 0 0"><span class='ocrx_word' id='word_1_262' title='bbox 732 2895 756 2903; x_wconf 55' lang='grc' dir='ltr'><em>κ</em></span> 
     </span>
    </p>
   </div>
  </div>
 </body>
</html>
