1976 3172
258 72 363 124 406
855 72 1328 122 1121211321v()z?

258 204 672 276 ἐκδημήσαντας
691 206 777 259 ἐπὶ
795 202 1032 276 ζήτησιν,
1054 212 1107 260 εἰ
1130 211 1186 260 τί
1208 225 1320 262 που
1338 206 1476 275 πρὸς
1493 207 1596 278 τὴν
1613 214 1939 279 νομοφυλα-
1972 231 1973 234 ’

258 292 386 343 κίαν
403 291 647 356 γίγνοιτο
674 290 933 356 ἔγκαιρον
949 285 1187 342 ἀκοῦσαι
1205 289 1297 343 καὶ
1316 292 1601 354 σωθέντας
1630 294 1819 347 οἴκαδε
1839 292 1939 347 δό-

259 372 361 438 ξαι,
380 368 599 433 τούτοις
617 365 804 434 αὐτοῖς
822 371 1367 440 διαβασανισθέντας,
1381 375 1483 426 τοῦ
1502 371 1776 443 ξυλλόγου
1789 369 1941 439 ἀξιο-

258 449 634 521 κοινωνήτους
653 448 808 506 εἶναι·
828 450 966 522 πρὸς
981 450 1198 515 τούτοις
1218 452 1277 508 δὲ
1289 452 1388 507 ἕνα
1403 453 1636 508 ἕκαστον
1646 457 1762 509 δεῖν
1772 473 1942 522 προςψ

195 543 227 584 Β
259 529 564 602 λαμβάνειν
592 535 706 585 τῶν
741 532 903 600 νέων,
935 529 1009 602 μὴ
1039 534 1265 587 ἔλαττον
1292 527 1329 601 ἢ
1360 534 1751 604 τριακονταέτη
1778 554 1941 603 γεγο-

260 612 414 682 νότα,
434 616 658 681 πρῶτον
677 612 736 668 δὲ
751 609 1211 683 αύτόνκρίναντα
1239 613 1462 679 ἐπάξιον
1490 612 1630 669 εἶναι
1658 615 1826 685 φύσει
1852 616 1942 669 καὶ

258 698 441 764 τροφῇ
460 691 562 748 τὸν
579 693 711 749 νέον
730 691 908 759 οὕτως
931 698 1008 758 είς
1025 693 1156 758 τοὺς
1184 692 1389 759 ἄλλους
1421 697 1714 766 εἰσφέρειν,
1734 697 1826 751 καὶ
1845 693 1942 749 ἐὰν

260 772 363 842 μὲν
383 771 516 843 δόξῃ
532 772 624 827 καὶ
646 782 759 836 τοῖς
778 771 982 842 ἄλλοις,
991 773 1468 844 -προσλαμβάνειν,
1490 779 1542 830 εί
1564 776 1624 831 δὲ
1652 774 1743 847 μή,
1764 771 1941 843 άπόρ-

260 871 430 922 ρητον
443 849 583 907 εἶναι
597 849 701 922 τὴν
717 860 1016 922 γεγονυῖαν
1037 855 1222 922 κρίσιν
1237 862 1352 917 τοῖς
1363 872 1422 907 τε
1434 851 1625 918 ἄλλοις
1643 855 1710 924 δὴ
1726 855 1818 911 καὶ
1835 853 1943 924 μά-

260 931 402 989 λιστ’
441 929 591 1006 αὐτῷ
624 937 701 1006 τῷ
733 929 1123 1003 ἀποκριθέντι·
1170 936 1288 988 δεῖν
1316 931 1377 988 δὲ
1406 931 1644 1003 ὄρθριον
1681 932 1820 989 εἶναι
1841 933 1941 990 τὸν

262 1015 556 1084 σύλλογον,
576 1009 727 1084 ’ἡνίκ’
749 1009 824 1069 ἂν
841 1020 956 1069 ταῖν
974 1012 1162 1070 ἄλλων
1177 1013 1432 1082 πράξεων
1453 1017 1611 1070 ἰδίων
1629 1035 1687 1070 τε
1706 1017 1796 1070 καὶ
1821 1035 1941 1069 not·-
1963 1071 1966 1074 ,

261 1102 378 1152 νῶν
399 1097 490 1151 καὶ
521 1093 738 1167 μάλιστ’
771 1088 810 1166 ᾗ
838 1116 918 1159 τις
946 1093 1112 1166 σχολὴ
1143 1100 1321 1151 παντί.
1361 1094 1618 1150 τοιοῦτόν
1645 1099 1701 1150 τί
1722 1113 1832 1149 που
1851 1101 1943 1149 λε·-

205 1196 236 1238 c
261 1180 398 1248 χθὲν
416 1175 549 1249 ἡμῖν
565 1169 637 1248 ἦν
655 1179 717 1232 ἐν
739 1187 854 1242 τοῖς
873 1181 1193 1247 ἔμπροσθεν
1212 1175 1423 1246 λόγοις;

401 1266 520 1316 ΚΛ.
549 1252 652 1315 Ἦν
669 1256 777 1331 γὰρ
797 1251 918 1314 οὖν.

401 1344 522 1396 ΑΘ.
562 1339 780 1395 Τούτου
799 1337 866 1408 δὴ
888 1339 1012 1408 πέρι
1029 1343 1130 1392 τοῦ
1150 1336 1430 1406 συλλόγου
1449 1335 1615 1391 πάλιν
1643 1334 1940 1407 ἀναλαβών

263 1414 471 1493 λέγοιμ’
499 1417 572 1476 ἂν
604 1419 667 1476 τὸ
696 1419 927 1475 τοιόνδε.
962 1422 1120 1490 φημί,
1152 1425 1204 1473 εἴ
1235 1439 1316 1483 τις
1350 1421 1551 1472 τοῦτον
1575 1416 1798 1488 βάλοιτο
1821 1413 1939 1472 οἷον

263 1503 519 1574 ἄγκυραν
537 1502 715 1572 πάσης
732 1506 828 1572 τῆς
849 1500 1077 1570 πόλεως,
1109 1498 1288 1556 πάντα
1308 1503 1543 1568 ἔχουσαν
1560 1497 1627 1552 τὰ
1647 1497 1941 1568 πρόσφορα

267 1586 434 1656 ἑαυτῇ
453 1583 646 1655 σώζειν
665 1578 736 1636 ἂν
756 1581 1043 1651 ξύμπαντα
1061 1577 1098 1635 ἃ
1116 1578 1453 1651 βουλόμεθα.

406 1671 525 1720 ΚΛ.
559 1669 688 1728 Πῶς
706 1662 801 1733 δή;

404 1752 522 1802 ΑΘ.
566 1743 640 1801 Τὸ
657 1742 793 1816 μετὰ
809 1751 974 1800 τοῦτο
985 1741 1244 1815 ἡμέτερος
1262 1738 1336 1798 ὅίν
1353 1740 1544 1811 καιρὸς
1562 1746 1822 1812 γίγνοιτο,
1843 1739 1942 1810 ὀρ·-

264 1835 383 1893 θῶς
402 1827 712 1898 φράζοντας
732 1825 905 1898 μηδὲν
922 1823 1241 1881 ἀπολείπειν
1259 1828 1586 1896 προθυμίας.

404 1914 521 1963 ΚΛ.
558 1909 667 1964 Καὶ
690 1906 837 1979 μάλα
854 1913 1035 1972 καλῶς
1058 1904 1220 1977 εἶπες,
1241 1909 1386 1961 ποίει
1411 1902 1474 1960 θ’
1498 1902 1684 1973 ὥσπερ
1711 1904 1802 1958 καὶ
1823 1905 1944 1957 δια·

266 2001 395 2047 νοεῖ.

209 2086 242 2126 D
401 2079 527 2128 ΛΘ.
569 2069 688 2141 Χρὴ
719 2074 940 2139 τοίνυν,
977 2063 1021 2126 05
1058 2072 1286 2125 Κλεινία
1299 2110 1313 2137 ,
1351 2065 1557 2132 παντὸς
1588 2069 1712 2135 πέρι
1747 2070 1944 2136 νοῆσαι

270 2159 493 2223 σωτῆρα
527 2146 626 2208 τόν
659 2152 845 2208 εἰκότα
879 2154 941 2207 ἐν
973 2151 1221 2216 ἑκάστοις
1251 2156 1365 2206 τῶν
1403 2154 1599 2220 ἔργων,
1634 2145 1708 2212 ὥς
1735 2148 1797 2203 έν
1825 2146 1942 2219 ζώῳ

268 2233 413 2304 ψυχὴ
434 2237 524 2289 καὶ
542 2233 756 2304 κεφαλὴ
774 2233 839 2289 τό
854 2254 917 2303 γε
934 2235 1193 2303 μέγιστον
1212 2230 1551 2302 πεφύκατον.

410 2319 528 2371 ΚΛ.
569 2320 699 2379 Παῖς
717 2307 792 2368 αὖ
810 2314 946 2386 φῄς;

399 2401 527 2451 ΑΘ.
567 2395 889 2455 Ἡτούτοιν
925 2392 1088 2463 ἀρετὴ
1122 2394 1189 2463 δή
1227 2412 1338 2446 που
1374 2392 1538 2444 παντὶ
1572 2391 1790 2458 παρέχει
1827 2386 1944 2459 ζώῳ

269 2483 562 2549 σωτηρίαν.

411 2563 722 2622 Ββ4.1ᾙῶς;
955 2618 958 2622 ,

411 2646 529 2695 ΛΘ.
574 2644 734 2711 Ψυχῇ
753 2637 856 2709 μὲν
873 2635 1012 2707 πρὸς
1029 2645 1140 2700 τοῖς
1168 2633 1352 2699 ἄλλοις
1381 2639 1515 2697 νοῦς
1544 2630 1949 2703 ἐγγιγνόμενος,

273 2730 486 2796 κεφαλῇ
515 2721 568 2779 δ’
608 2717 682 2778 αὖ
715 2720 853 2794 πρὸς
888 2731 1001 2786 τοῖς
1033 2719 1216 2783 ἄλλοις
1247 2715 1371 2783 ὄψις
1410 2717 1500 2771 καὶ
1542 2711 1708 2784 ἀκοή·
1749 2709 1951 2780 ξυλλή-
