1976 3172
265 112 370 166 174
876 113 1349 160 ΠΛΑΤΩΝΟΣ

264 245 612 315 καθιστάναι,
638 240 718 310 οἷς
749 237 821 314 ἦν
857 248 1022 298 τοῦτο
1058 245 1446 314 προσηκόντως
1484 248 1665 314 μέλον.
1713 248 1805 300 καὶ
1839 245 1937 302 ἐὰν

264 323 535 396 ὀρφανῶν
570 328 862 396 ἐπίτροπος
896 323 1190 396 τελευτήσῃ
1226 346 1322 394 τις,
1359 327 1417 379 oc
1440 325 1812 396 προσήκοντες
1849 329 1939 382 καὶ

263 408 656 477 ἐπιδημοῦντες
674 402 811 474 πρὸς
828 405 1032 474 πατρὸς
1044 405 1135 459 καὶ
1154 402 1356 474 μητρὸς
1374 407 1528 475 μέχρι
1546 402 1793 470 ἀνεψιῶν
1811 412 1939 461 παί-

264 490 380 541 δων
408 485 579 542 ἄλλον
609 485 996 542 καθιστάντων
1024 483 1178 549 ἐντὸς
1208 487 1338 539 δέκα
1372 481 1609 555 ἡμερῶν,
1639 480 1675 555 ἢ
1715 486 1939 555 ζημιού-

202 577 236 618 D
267 575 428 622 σθων
445 569 670 641 ἕκαστος
697 571 910 638 δραχμῇ
927 570 1023 636 τῆς
1047 564 1267 636 ἡμέρας,
1287 561 1544 637 μέχριπερ
1573 562 1646 621 ἄν
1668 567 1940 638 καταστή-

264 664 400 703 σωσι
419 645 517 702 τὸν
536 651 847 717 ἐπίτροπον.

402 730 532 781 XIII.
569 733 733 782 Πᾶσα
771 726 831 781 δὲ
862 716 1047 795 ’δήπου
1077 725 1232 790 πόλις
1259 724 1462 795 ὄῖπολιςι
1480 721 1554 780 ἀν
1581 732 1842 797 γίγνοιτο,
1879 730 1938 782 έν

260 798 298 878 ᾗ
334 806 655 875 δικαστήρια
691 806 764 875 μὴ
795 813 1118 861 καθεστῶτα
1156 813 1237 876 εἴη
1266 808 1402 861 κατὰ
1435 806 1666 876 τρόπον·
1715 807 1939 876 ἄφωνος

263 885 317 940 δ’
357 879 430 940 αὖ
469 882 724 954 δικαστὴς
759 881 891 954 ἡμῖν
926 888 1018 939 καὶ
1062 883 1135 955 μὴ
1183 891 1350 946 πλείω
1386 893 1500 942 τών
1539 886 1835 943 ἀντιδίκων
1878 889 1940 942 ἐν

260 976 378 1030 ταῖς
413 963 736 1034 ἀνακρίσεσι
779 964 1189 1035 φθεγγόμενος,
1235 966 1494 1036 καθάπερ
1545 971 1606 1022 έν
1650 980 1767 1033 τἀἴς
1799 972 1940 1024 διαί-

260 1068 395 1116 ταις,
426 1042 635 1144 ούκρἷν
672 1064 804 1100 ποτε
834 1044 1023 1110 ἱκανὸς
1053 1050 1267 1116 γένοιτο
1296 1048 1421 1117 περὶ
1447 1046 1681 1118 τὴντῶν
1711 1052 1939 1104 δικαίων

260 1131 468 1196 κρίσιν·
506 1148 587 1181 ων
606 1125 768 1181 ἕνεκα
784 1124 911 1181 οὔτε
932 1125 1173 1192 πολλοὺς
1194 1125 1358 1192 ὄντας
1385 1127 1580 1202 ῥᾴδιον
1609 1123 1675 1184 εὖ
1701 1129 1940 1195 δικάζειν

262 1207 391 1263 οὔτε
414 1205 636 1277 ὀλίγους
654 1206 919 1277 φαύλους.
958 1208 1129 1277 σαφὲς
1151 1207 1211 1264 δὲ
1230 1205 1391 1264 ἀεὶτὸ
1415 1207 1940 1282 ἀμφισβητούμενον

203 1304 236 1345 Ε
267 1287 446 1360 χρεων
464 1294 758 1358 γίγνεσθαι
775 1286 907 1356 παρ’
939 1289 1229 1359 ἑκατέρων,
1262 1288 1291 1343 ὁ
1324 1291 1384 1345 δὲ
1409 1292 1607 1360 χρόνος
1623 1288 1734 1362 ἅμα
1762 1293 1854 1348 καὶ
1874 1291 1936 1347 τὸ

260 1367 443 1441 βραδὺ
463 1371 526 1424 τό
544 1391 602 1424 τε
623 1369 885 1432 πολλάκις
904 1367 1227 1439 ἀνακρίνειν
1244 1367 1383 1440 πρὸς
1401 1368 1462 1424 τὸ
1484 1372 1734 1440 φανερὰν
1750 1376 1938 1441 γίγνε-

261 1458 395 1505 σθαι
413 1450 516 1519 τὴν
533 1446 941 1520 ἀμφισβήτησιν
961 1450 1251 1520 ξύμφορον
1265 1471 1276 1482 ·
1311 1443 1391 1505 ὦν
1410 1452 1573 1506 ἕνεκα
1592 1457 1813 1519 πρῶτον
1837 1451 1938 1521 μὲν

260 1534 337 1595 εἰς
371 1534 620 1598 γείτονας
655 1531 795 1603 ἰέναι
832 1529 934 1600 χρὴ
967 1528 1099 1593 τοὺς
1134 1532 1529 1595 ἐπικαλοῦντας
1555 1530 1810 1600 ἀλλήλοις
1844 1532 1937 1587 καὶ

258 1609 390 1675 τοὺς
410 1613 606 1680 φίλους
624 1630 682 1665 τε
701 1612 791 1665 καὶ
811 1610 1126 1676 ξυνειδότας
1145 1608 1178 1665 δ’
1196 1631 1248 1665 τι
1266 1609 1501 1680 μάλιστα
1529 1610 1627 1676 τὰς
1657 1609 1938 1684 ἀμφισβη-

144 1710 229 1757 767
260 1695 529 1763 τουμένας
556 1690 802 1762 πράξεις·
836 1691 935 1747 ἐὰν
965 1689 1018 1746 δ’
1055 1691 1164 1760 ἄρα
1196 1693 1268 1763 μὴ
1294 1695 1353 1748 ἐν
1383 1693 1597 1758 τούτοις
1624 1716 1705 1759 τις
1738 1693 1938 1765 ἱκανὴν

259 1780 444 1843 κρίσιν
463 1773 736 1845 λαμβάνῃ,
758 1773 896 1841 πρὸς
915 1773 1048 1829 ἄλλο
1072 1774 1427 1845 δικαστήριον
1446 1783 1558 1830 ἴτω·
1578 1775 1638 1830 τὸ
1657 1775 1715 1830 δὲ
1731 1781 1932 1847 τρίτον,

259 1853 332 1910 ἂν
352 1856 417 1910 τὰ
448 1854 550 1910 δύο
585 1854 908 1925 δικαστήρια
942 1853 1015 1925 μὴ
1048 1854 1279 1925 δύνηται
1309 1855 1608 1926 διαλλάξαι,
1639 1858 1792 1920 τέλος
1817 1860 1937 1912 ἐπι-

258 1938 407 1991 θέτω
426 1942 493 2008 τῇ
513 1938 650 2007 δίκῃ.
673 1934 883 2006 τρόπον
903 1934 972 2006 δή
991 1956 1114 1997 τινα
1132 1938 1223 1991 καὶ
1245 1942 1358 1992 τών
1377 1940 1742 2007 δικαστηρίων
1761 1941 1822 1992 αἱ
1836 1960 1934 1993 κα-

260 2017 542 2082 ταστάσεις
569 2014 857 2086 ἀρχόντων
887 2018 1024 2071 εἰσὶν
1052 2018 1308 2086 αἱρέσεις·
1346 2007 1528 2073 πάντα
1557 2018 1658 2089 μὲν
1695 2016 1809 2088 γὰρ’
1835 2019 1937 2088 ἄρ-

257 2119 425 2167 χοντα
451 2096 757 2168 ἀναγκαῖον
786 2098 879 2152 καὶ
910 2096 1175 2168 δικαστὴν
1203 2097 1350 2154 εἶναί
1370 2120 1556 2169 τινων,
1589 2098 1848 2170 δικαστής
1877 2099 1937 2154 δὲ

259 2176 362 2232 οὐκ
380 2177 565 2248 ἅρχων
584 2183 682 2233 καί
694 2200 817 2233 τινα
833 2178 1044 2247 τρόπον
1062 2179 1248 2250 ἅρχων
1260 2179 1328 2234 ού
1347 2170 1499 2235 πάνυ
1518 2187 1732 2251 φαῦλος
1751 2186 1935 2250 γίγνε-

256 2279 344 2312 ται
365 2256 468 2326 τὴν
487 2256 615 2314 τόθ’
636 2256 864 2328 ἡμέραν,
886 2253 1028 2331 ᾗπερ
1048 2257 1120 2316 ἂν
1139 2266 1350 2331 κρίνων
1368 2261 1470 2332 τὴν
1491 2265 1651 2331 δίκην
1669 2259 1909 2333 ἀποτελῇ
1923 2284 1934 2295 ·

199 2357 232 2396 Β
263 2339 457 2401 θέντες
486 2337 551 2407 δὴ
571 2341 661 2392 καὶ
687 2338 816 2403 τοὺς
834 2340 1089 2404 δικαστὰς
1108 2339 1179 2405 ὡς
1209 2341 1478 2410 ἄρχοντας
1506 2345 1767 2410 λέγωμεν,
1792 2348 1935 2405 τίνες

255 2415 329 2473 ἂν
349 2417 458 2473 εἷεν
476 2422 777 2488 πρέποντες
802 2422 894 2475 καὶ
922 2425 1093 2475 τίνων
1119 2421 1226 2489 ἄρα
1257 2423 1504 2474 δικασταὶ
1530 2423 1623 2474 καὶ
1646 2419 1811 2475 πόσοι
1838 2422 1931 2490 ἐφ’

255 2501 502 2555 ἕκαστον.
541 2500 884 2572 κυριώτατον
903 2504 1003 2572 μὲν
1022 2507 1214 2556 τοίνυν
1234 2505 1371 2556 ἔστω
1392 2501 1762 2571 δικαστήριον,
1791 2500 1929 2571 ὅπερ

256 2577 329 2635 ἀν
358 2580 512 2636 αὐτοὶ
541 2582 752 2647 ἑαυτοῖς
779 2582 1143 2653 ἀποφήνωσιν
1171 2583 1405 2653 ἕκαστοι,
1438 2588 1598 2653 κοινῇ
1625 2580 1780 2646 τινάς
1809 2582 1931 2637 ἑλό-

256 2680 438 2732 μενοι·
487 2662 588 2716 δύο
626 2662 693 2734 δὴ
719 2670 831 2718 τών
867 2670 1076 2719 λοιπῶν
1107 2668 1244 2719 ἔστω
1280 2663 1548 2734 κριτήρια,
1581 2661 1642 2718 τό
1671 2665 1773 2734 μὲν
1796 2660 1931 2719 ὅταν

255 2747 335 2807 τίς
368 2765 492 2798 τινα
528 2745 753 2816 ἰδιώτην
790 2745 1024 2816 ἰδιώτης,
1062 2745 1448 2817 ἐπαιτιώμενος
1491 2745 1702 2802 ἀδικεῖν
1738 2743 1926 2815 αὐτόν,
