1976 3172
698 112 1016 183 NQMszzv
1049 115 1102 181 ς’.
1651 123 1770 178 157“

211 263 331 313 ΑΘ.
356 257 590 329 Ἴδωμεν
621 260 815 312 τοίνυν
853 253 994 326 πρὸς
1026 258 1193 310 τοῦτο
1232 264 1288 313 εἴ
1315 257 1392 330 πῄ
1419 279 1545 315 τινα
1573 259 1753 331 πόρον

67 337 269 395 ἱκανὸν
303 343 617 411 ποριζοιμεν
650 333 726 393 ἀν
751 335 891 393 κατὰ
917 333 1063 391 τάδε.
1102 339 1244 408 φημὶ
1276 337 1402 408 γάρ,
1434 333 1481 394 ὦ
1506 345 1752 411 Κλεινία,

69 424 363 484 Κνωσίους
394 424 592 489 χρῆναι
626 422 743 473 τῶν
773 414 960 472 ἄλλων
993 416 1373 487 διαφερόντως
1405 422 1644 489 Κρητῶν
1678 421 1751 494 μὴ

68 501 247 571 μόνον
267 498 698 571 ἀφοσιώσασθαι
713 498 840 567 περὶ
861 501 959 568 τῆς
975 497 1156 567 χώρας
1181 495 1219 568 ἢ
1238 502 1349 553 νῦν
1374 506 1750 572 κατοικίζεται,

67 582 352 646 συντόνως
368 579 424 636 δ’
441 583 860 651 ἐπιμεληθῆναι,
874 578 972 643 τὰς
989 579 1210 648 πρώτας
1226 575 1396 649 ἀρχὰς
1416 583 1491 645 εἰς
1511 580 1753 652 δύναμιν

66 660 215 727 ὅπως
233 660 306 717 ἄν
321 664 550 717 ἱστῶσιν
567 659 643 726 ὥς
658 659 1045 731 ἀσφαλέστατα
1063 662 1155 715 καὶ
1174 659 1387 729 ἄριστα.
1407 659 1506 726 τάς
1523 662 1627 732 μὲν
1647 658 1752 719 οὖν

64 744 235 808 ἄλλας
257 743 351 798 καὶ
384 742 729 814 βραχύτερον
761 746 945 813 ἔργον,
974 741 1371 812 νομοφύλακας
1398 739 1451 798 δ’
1482 739 1592 815 [ἀν]
1622 742 1753 816 ἡμῖν

64 826 318 898 πρώτους
335 828 615 896 αἱρεῖσθαι
635 823 1076 896 ἀναγκαιότατον
1093 821 1280 897 ἁπάσῃ
1301 828 1536 897 σπουδῇ.
1780 833 1811 873 Ε

202 913 322 964 ΚΛ.
367 912 504 964 Τίνα
523 901 631 964 οὖν
654 910 740 964 ἐπὶ
770 906 948 981 τούτω
980 906 1159 978 πόρον
1194 907 1287 962 καὶ
1321 905 1494 976 λόγον
1523 905 1751 979 ἀνευρί-

62 1006 296 1061 σκομεν;
582 999 594 1015 “

203 1077 319 1127 ΛΘ.
363 1070 554 1126 Τόνδε.
592 1074 750 1141 φημί,
777 1092 819 1125 ω
849 1072 1039 1133 παῖδες
1065 1047 1323 1140 Κρητων,
1353 1075 1553 1139 χρῆναι
1582 1074 1751 1125 Κνω-

64 1157 219 1216 σίους
237 1150 327 1207 διά
346 1149 408 1207 τὰ
436 1150 764 1223 πρεσβεύειν
781 1172 895 1207 των
924 1154 1149 1205 πολλων
1177 1151 1395 1205 πόλεων
1421 1156 1586 1222 κοινῇ
1614 1150 1749 1221 μετὰ

61 1256 175 1290 των
194 1231 554 1304 ἀφικομένων
582 1237 660 1298 εἰς
685 1231 788 1303 τὴν
807 1237 1128 1302 ξυνοίκησιν
1157 1230 1366 1301 ταύτην
1394 1233 1448 1297 ἐξ
1477 1228 1663 1287 αὐτῶν
1692 1252 1751 1287 τε

25 1363 37 1370 .
61 1317 154 1371 καὶ
172 1318 404 1371 ἐκείνων
421 1316 700 1383 αἱρεῖσθαι
717 1313 1014 1383 τριάκοντα
1032 1314 1134 1381 μὲν
1163 1313 1256 1366 καὶ
1284 1311 1416 1366 ἑπτὰ
1446 1310 1578 1376 τούς
1605 1311 1752 1367 πάν-

59 1415 173 1462 τας,
194 1396 355 1450 έννέα
375 1393 436 1449 δὲ
462 1395 555 1449 καὶ
574 1394 706 1448 δέκα
723 1395 784 1448 ἐκ
804 1397 918 1446 τῶν
935 1391 1371 1462 ἐποικησάντων,
1401 1393 1533 1456 τοὺς
1561 1394 1621 1448 δὲ
1647 1391 1752 1448 ἀλ-

61 1480 195 1540 λους
222 1477 276 1541 ἐξ
310 1471 481 1545 αὐτῆς
507 1479 778 1530 Κνωσοῦ
807 1472 1041 1536 τούτους
1060 1469 1112 1527 δ’
1138 1476 1194 1527 οἱ
1216 1470 1466 1527 Κνώσιοι
1493 1481 1559 1545 τῇ
1590 1474 1748 1530 πόλει
1782 1482 1865 1528 753

65 1571 152 1611 σοι
175 1556 409 1626 δόντων,
427 1558 518 1612 καὶ
538 1554 714 1612 αὐτόν
731 1573 812 1624 σε,
832 1557 1064 1625 πολίτην
1082 1551 1223 1609 εἶναι
1238 1555 1441 1625 ταύτης
1469 1558 1566 1624 τῆς
1585 1552 1750 1610 ἀποι-

61 1642 185 1702 κίας
202 1637 346 1693 καὶ”
312 1658 411 1693 ενα
427 1658 544 1692 των
566 1634 958 1706 ὀκτωκαίδεκα,
978 1639 1266 1763 πείσαντες
1285 1633 1323 1709 ἢ
1340 1641 1409 1708 τῇ
1427 1641 1621 1710 μετρία
1648 1640 1748 1692 δυ-

62 1718 227 1790 νάμει
243 1718 583 1790 βιασάμενοι.

201 1804 320 1857 ΚΛ.
363 1805 435 1856 Τί
459 1803 622 1872 δῆτα;
658 1797 729 1856 ού
754 1802 847 1856 καὶ
873 1800 946 1855 σύ
974 1821 1032 1855 τε
1061 1803 1152 1856 καὶ
1172 1797 1202 1856 ὁ
1225 1804 1521 1871 Μέγιλλος,
1543 1821 1585 1856 ω
1609 1801 1746 1869 ξένε,

31 1880 505 1954 ἐκοινωνησάτηνι
521 1879 655 1953 ἡμῖν
674 1887 769 1953 τῆς
784 1887 1087 1947 πολιτείας·
1073 1924 1088 1950 ,

201 1966 263 2018 11.
300 1970 433 2020 ΑΘ.
455 1966 623 2033 Μέγα
633 1966 752 2035 μέν,
767 1957 1398 2036 ωΚλεινία,φρόνοῦσιν
1414 1968 1477 2020 αἰ
1497 1963 1746 2036 Ἀθῆναι,

61 2047 201 2117 μέγα
219 2045 281 2102 δὲ
297 2043 437 2103 'ml‘
405 2067 441 2117 η
460 2048 713 2118 Σπάρτη,
738 2050 830 2103 καὶ
856 2046 1077 2119 μακρὰν
1106 2046 1437 2104 ἀποικοῦσιν
1468 2047 1745 2118 ἑκάτεραι·

63 2127 150 2181 σοὶ
171 2125 230 2182 δὲ
248 2123 394 2182 κατὰ
408 2124 589 2181 πάντα
608 2127 853 2197 ἐμμελως
878 2132 985 2199 ἔχει
1012 2131 1105 2184 καὶ
1133 2139 1245 2194 τοῖς
1272 2126 1459 2195 ἀλλοις
1486 2133 1748 2194 οἰκισταῖς

9 2269 12 2281 1
61 2204 201 2263 κατὰ
238 2204 429 2277 ταύτά,
467 2206 653 2279 ωσπερ
691 2206 759 2264 τά
790 2211 915 2280 περὶ
947 2217 1055 2265 σοῦ
1082 2218 1191 2267 νῦν
1219 2211 1506 2283 λεγόμενα
1546 2233 1619 2276 ως
1647 2212 1748 2282 μεν
1779 2218 1811 2258 Β

10 2313 11 2318 ’
62 2282 170 2345 οὖν
187 2286 390 2359 γένοιτ’
415 2284 488 2344 ἀν
507 2292 878 2352 ἐπιεικέστατα
901 2293 962 2347 ἐκ
987 2313 1100 2349 των
1133 2290 1501 2365 ὑπαρχόντων
1527 2291 1661 2365 ἡμῖν
1680 2292 1745 2349 τὰ

58 2377 186 2439 νῦν,
206 2368 478 2440 εἰρήσθω·
514 2371 893 2441 προελθόντος
917 2375 978 2429 δὲ
1002 2374 1211 2444 χρόνον
1246 2375 1338 2431 καὶ
1355 2375 1619 2476 μεινάσης
1654 2382 1747 2445 τῆς

6 2508 9 2532 2
63 2453 351 2521 mindae,
370 2453 575 2522 αἵρεσις
593 2449 781 2509 αὐτων
798 2458 936 2510 ἔστω
954 2454 1141 2511 τοιάδε
1159 2477 1265 2520 τις·
1298 2455 1500 2521 πάντες
1518 2478 1620 2527 μεν
1638 2477 1745 2512 κοι-

67 2529 401 2587 νωνούντων
433 2538 531 2605 τῆς
561 2555 676 2592 των
708 2531 995 2607 ἀρχόντων
1027 2539 1303 2609 αἱρέσεως,
1343 2535 1643 2606 ὁπόσοιπερ
1677 2534 1747 2592 ἄν

7 2605 13 2635 ³
67 2604 213 2662 ὅπλα
230 2609 478 2684 ἱππικάἦ
495 2615 685 2682 πεζικὰ
707 2624 977 2675 τυθωνται
1002 2622 1093 2675 καὶ
1120 2622 1368 2690 πολέμου
1400 2620 1747 2691 κεκοινωνή-

7 2711 11 2743 t
66 2704 242 2743 κωσιν
276 2690 338 2745 ἐν
372 2704 488 2760 ταῖς
522 2701 809 2769 σφετέραις
840 2698 1028 2757 αὐτων
1065 2706 1162 2773 τῆς
1195 2698 1410 2773 ἡλικίας
1447 2702 1740 2772 δυνάμεσι·

63 2777 345 2827 ποιεῖσθαι
362 2773 421 2830 δ)
436 2774 539 2846 τὴν
555 2782 770 2851 αἵρεσιν
789 2783 851 2838 ἐν
870 2780 1080 2856 ίερῷ,“
1047 2802 1184 2852 οπερ
1213 2780 1285 2839 ἂν
1303 2779 1337 2854 ἡ
1367 2783 1522 2848 πόλις
1547 2782 1744 2854 ἡγῆται
