1976 3172
254 69 360 123 392
855 69 1331 118 ΠΛΑΤΩΝΟΣ

257 198 365 260 οὖν
383 208 612 272 πληγῶν
631 201 754 267 ἄξια
773 198 907 272 μηδ’
930 195 1004 256 αὖ
1023 204 1244 273 δεσμῶν
1260 205 1398 273 μηδὲ
1425 204 1698 259 θανάτου.
1736 207 1861 274 περὶ
1881 208 1940 262 δὲ

256 289 471 356 χορείας
489 288 659 357 τινῶν
687 282 998 354 φοιτήσεων
1026 279 1063 355 ἢ
1091 283 1459 355 πομπεύσεων
1487 280 1527 356 ἦ
1557 285 1828 341 τοιούτων
1858 307 1940 341 τι-

255 370 374 420 νῶν
391 363 578 420 ἄλλων
597 370 804 421 κοινῶν
822 365 1148 437 κοσμήσεων
1166 361 1204 436 ἦ
1219 370 1598 436 λειτουργιῶν,
1619 363 1797 422 ὁπόσα
1814 368 1941 435 περὶ

191 461 226 500 D
259 451 463 512 θυσίας
481 442 811 519 εἰρηνικῆςῆ
828 452 1141 518 πολεμικων
1171 452 1451 518 εἰσφορων
1481 450 1682 519 εινεκα,
1713 446 1940 504 πάντων

255 550 369 585 των
387 527 659 584 τοιούτων
676 526 780 604 τὴν
798 527 1025 600 πρώτην
1043 527 1294 611 ἀνάγκην
1320 528 1526 601 τακτὴν
1554 528 1696 585 εἶναι
1721 536 1817 600 τῆς
1846 533 1941 626 ζη-

256 615 400 682 μίας,
416 620 528 675 τοῖς
547 610 607 666 δὲ
626 608 700 681 μὴ
721 612 1072 682 πειθομένοις
1098 605 1459 682 ἐνεχυρασίαν
1489 612 1723 681 τούτοις,
1756 606 1838 675 οἷς
1869 606 1942 664 ἀν

257 690 459 756 πόλις
433 690 547 762 α’μα
561 695 652 747 καὶ
671 693 843 763 νόμος
861 693 1203 763 εἰσπράττειν
1225 694 1552 766 προστάττῃ,
1571 715 1685 749 των
1705 692 1765 748 δε
1783 689 1942 746 ἀπει-

256 772 519 828 θούντων
530 783 646 837 ταῖς
664 776 1040 844 ἐνεχυρασίαις
1056 781 1261 844 πρᾶσιν
1277 782 1391 831 τῶν
1410 775 1688 847 ἐνεχύρων
1708 772 1865 842 εἶναι,
1877 771 1938 828 τὸ

256 854 315 910 δὲ
351 852 592 925 νόμισμα
626 859 921 923 γίγνεσθαι
954 859 1021 925 τῇ
1054 853 1234 910 πόλει·
1275 855 1373 910 ἐὰν
1402 855 1462 910 δὲ
1494 861 1682 925 ζημίας
1709 859 1942 911 δέωνται

257 940 526 1006 πλείονος,
546 934 642 1000 τὰς
661 933 833 1007 ἀρχὰς
859 935 1087 1001 ἑκάστας
1104 947 1217 1001 τοῖς
1244 933 1544 991 ἀπειθοῦσι
1570 934 1668 999 τὰς
1694 936 1942 1006 πρεπού-

194 1033 226 1072 Ε
259 1034 359 1082 σας
377 1021 566 1088 ζημίας
584 1017 990 1088 ἐπιβαλλούσας
1009 1017 1250 1088 εἰσάγειν
1267 1022 1342 1083 εἰς
1359 1016 1422 1073 τὸ
1450 1015 1820 1088 δικαστήριον,
1842 1018 1942 1081 ἕως

259 1094 332 1154 ἀν
350 1098 657 1171 ἐθελήσωσι
685 1101 829 1174 δρᾷν
847 1099 910 1156 τὸ
934 1102 1302 1172 προσταχθέν.

397 1186 458 1235 V.
497 1180 669 1237 Πόλει
689 1184 774 1254 δέ,
787 1180 906 1253 ἥτις
924 1179 998 1238 ἀν
1016 1181 1150 1254 μήτε
1169 1186 1551 1255 χρηματίζηται
1579 1181 1726 1251 πλὴν
1754 1179 1855 1237 τὸν
1883 1182 1944 1235 ἐκ

257 1268 358 1334 γῆς
375 1262 753 1335 χρηματισμὸν
770 1263 896 1336 μήτ’
918 1265 1301 1336 ἐμπορεύηται,
1332 1265 1459 1334 περὶ
1486 1261 1793 1334 ἀποδημίας
1812 1262 1945 1322 §avr

258 1351 372 1400 τῶν
394 1348 495 1411 ἔξω
516 1352 612 1416 τῆς
629 1345 811 1416 χώρας
834 1349 925 1402 καὶ
946 1349 1119 1411 ξένων
1146 1343 1424 1416 ὑποδοχῆς
1453 1342 1698 1399 ἄλλοθεν
1725 1342 1941 1412 ἀνάγκη

258 1430 674 1497 βεβουλεῦσθαι
690 1430 748 1481 τί
758 1425 861 1497 χρὴ
884 1429 1053 1499 δρᾷν·
1090 1425 1498 1498 συμβουλεύειν
1517 1419 1625 1480 οὖν
1643 1423 1744 1480 τὸν
1771 1444 1944 1494 νομο-

258 1508 433 1578 θέτην
451 1511 538 1562 δεῖ
553 1506 769 1562 τούτων
789 1511 913 1575 πέρι
931 1513 1154 1578 πρῶτον
1171 1513 1441 1563 πείθοντα
1461 1509 1537 1570 εἰς
1556 1505 1812 1576 δύναμιν.
1846 1504 1946 1559 πέ-

260 1609 404 1659 φυκε
425 1587 537 1660 δὲὴ
561 1587 779 1644 πόλεων
796 1591 1033 1660 ἐπιμιξία
1061 1588 1289 1655 πόλεσιν
1306 1586 1422 1659 ἤθη
1443 1586 1783 1657 κεραννύναι
1800 1603 1946 1640 παν-

142 1685 231 1730 950
259 1670 490 1741 τοδαπά,
511 1675 866 1741 καινοτομίας
886 1669 1143 1742 ἀλλήλοις
1161 1669 1544 1741 ἐμποιούντων
1561 1671 1736 1734 ξένων
1754 1670 1944 1734 ξένοις·

258 1748 288 1807 ὁ
281 1750 373 1822 δὴ
393 1762 505 1817 τοῖς
528 1751 631 1822 μεν
652 1744 716 1807 εὖ
735 1754 1178 1823 πολιτευομένοις
1196 1749 1287 1806 διά
1308 1750 1499 1821 νόμων
1518 1749 1711 1821 ὀρθῶν
1729 1747 1947 1820 βλάβην

259 1830 332 1889 ἀν
351 1837 512 1904 φέροι
527 1837 790 1905 μεγίστην
819 1839 1031 1904 πασων,
1061 1844 1178 1897 ταῖς
1205 1834 1266 1888 δε
1291 1837 1566 1896 πλείσταις
1595 1822 1823 1886 πόλεσιν
1851 1827 1948 1883 ἅτε

261 1914 518 1986 ούδαμως
537 1913 972 1987 εὐνομουμέναις
1000 1913 1182 1971 οὐδὲν
1196 1918 1443 1986 διαφέρει
1475 1914 1763 1985 φύρεσθαι
1789 1915 1948 1982 δεχο-

260 2002 463 2069 μένους
481 2019 540 2054 τε
558 1995 743 2064 ἀστοῖς
762 2000 954 2064 ξένους
972 2000 1064 2054 καὶ
1083 1996 1287 2063 αὐτοὺς
1319 2003 1396 2063 εἰς
1422 1995 1519 2062 τὰς
1549 1996 1716 2060 αλλας
1746 1997 1948 2050 ἐπικω-

261 2082 532 2151 μάζοντας
550 2081 752 2153 πόλεις,
773 2079 911 2137 όταν
935 2082 1255 2154 ἐπιθυμήση
1284 2103 1364 2146 τις
1393 2079 1702 2151 ἀποδημίας
1731 2075 1949 2150 ὁπηοῦν

261 2164 354 2218 καὶ
389 2160 570 2232 ὁπότε,
592 2171 698 2219 εἴτε
733 2165 858 2228 νέος
895 2171 1002 2220 εἴτε
1029 2167 1122 2221 καὶ
1157 2163 1529 2236 πρεσβύτερος
1559 2162 1656 2220 ω’ν.
1692 2160 1755 2216 τὸ
1788 2158 1840 2215 δ’
1874 2161 1947 2214 αὐ

262 2245 398 2348 μητε
415 2243 618 2309 ἄλλους
637 2246 895 2315 δέχεσθαι
919 2247 1052 2317 μήτε
1071 2246 1278 2313 αὐτους
1296 2245 1506 2304 ἀλλοσε
1513 2241 1863 2318 ἀποδημεῖν
1838 2241 1949 2312 α’μα

203 2345 237 2385 Β
267 2323 491 2401 μενμούκ
510 2327 740 2396 ἐγχωρεῖ
749 2327 815 2381 τό
833 2349 896 2397 γε
915 2326 1195 2398 παράπαν,
1215 2333 1294 2384 ἔτι
1321 2328 1434 2383 δὲ’
1409 2329 1608 2399 α’γριον
1629 2329 1722 2381 καὶ
1746 2321 1949 2392 ἀπηνὲς

267 2404 513 2479 φαίνοιτ’
534 2403 607 2481 &fv
622 2418 736 2472 τοῖς
763 2407 951 2472 ἄλλοις
970 2407 1311 2478 ἀνθρώποις,
1345 2406 1585 2478 ὀνόμασί
1608 2427 1667 2461 τε
1696 2410 1950 2476 χαλεποῖς

263 2501 408 2560 ταῖσι
432 2474 751 2561 λεγομέναις
769 2492 1112 2561 ξενηλασίαις
1138 2492 1455 2561 χρωμένους
1480 2490 1572 2544 καὶ
1600 2486 1827 2555 τρόποις
1846 2482 1951 2539 αῦ-

263 2571 466 2628 θάδεσι
484 2573 575 2628 καὶ
599 2578 872 2642 χαλεποῖς,
895 2569 967 2636 ὡς
997 2570 1267 2627 δοκοῖεν
1243 2571 1338 2627 ἀν·
1375 2570 1477 2642 χρὴ
1509 2569 1568 2626 δε
1595 2566 1799 2624 οὔποτε
1828 2566 1952 2635 περὶ

267 2658 506 2725 σμικροῦ
522 2661 803 2708 ποιεῖσθαι
821 2652 883 2708 τὸ
904 2657 1091 2709 δοκεῖν
1119 2650 1374 2723 ἀγαθούς
1400 2650 1540 2708 εἶναι
1565 2660 1678 2715 τοῖς
1705 2648 1893 2711 αλλοις
1915 2641 1952 2715 ἢ

267 2734 342 2806 μὴ
365 2733 664 2791 δοκεῖν.οὐ
683 2735 791 2807 γὰρ
813 2734 951 2791 όσον
973 2733 1164 2800 ουσίας
1179 2733 1377 2805 ἀρετῆς
1395 2733 1809 2805 ἀπεσφαλμένοι
1827 2750 1951 2798 τυγ-
