1976 3172
197 123 291 177 -58
831 126 1006 173 ΠΛΑ
1024 126 1125 186 1⁷52
1141 127 1310 198 NJOZ

220 259 576 328 ταραγμένως
594 264 898 327 εἴργασται·
932 265 1054 329 μῶν
1074 262 1228 315 δοκεῖ
1249 258 1408 315 ταῦτ’
1425 260 1498 316 ἄν
1516 282 1647 316 ποτε
1667 266 1905 332 διαγνῶ-

221 343 318 394 ναί
331 359 412 403 τις
427 338 488 394 τὸ
509 338 774 410 παράπαν
792 338 1033 411 ἀγνοῶν,
1057 339 1088 396 ὅ
1106 346 1162 396 τί
1175 345 1310 398 ποτέ
1321 345 1435 398 ἐστι
1453 341 1514 399 τὸ
1529 346 1905 416 μεμιμημένον

222 424 391 486 §raom

361 508 480 557 KA.
517 503 627 558 Καὶ
647 508 789 568 aze-593

361 589 481 638 ΛΘ.
526 587 596 637 Τί
617 581 699 653 δ’,
732 587 782 638 εἰ
812 584 1232 657 γιγνώσκοιμεν,
1264 585 1349 643 ὅτι
1372 588 1435 643 τὸ
1466 574 1905 689 γεγραμμένονῆ

219 661 282 720 τὸ
304 666 692 735 πεπλασμένον
721 667 867 722 ἐστὶν
895 665 1214 739 άνθρωπος,
1244 671 1336 724 καὶ
1364 667 1430 724 τά
1457 673 1597 744 μέρη
1626 669 1805 725 πάντα
1835 663 1903 725 τὰ

103 755 191 801 669
220 746 421 801 ἑαυτοῦ
440 747 530 801 καὶ
548 745 809 817 χρώματα
834 745 946 817 ἅμα
964 750 1056 804 καὶ
1083 749 1329 820 σχήματα
1350 749 1653 823 ἀπείληφεν
1670 750 1779 806 ὑπὸ
1810 757 1906 821 τῆς

219 829 425 897 τέχνης,
448 821 557 898 ἀρά
576 849 639 897 γε
657 827 962 897 ἀναγκαῖον
980 829 1086 900 ἤδη
1104 851 1181 904 τω
1201 839 1373 887 ταῦτα
1391 832 1585 903 γνόντι
1613 832 1704 888 καὶ
1725 836 1903 888 ἐκεῖνο

221 909 447 978 ἑτοίμως
463 910 814 985 γιγνώσκειν,
838 918 946 966 εἰτε
973 910 1148 967 καλὸν
1175 921 1282 969 εἴτε
1309 913 1419 986 ὅπῃ
1444 916 1574 970 ποτὲ
1603 910 1858 978 έλλιπες’
1833 911 1905 969 ἀν

220 997 303 1060 εἴη
320 990 584 1055 κάλλους·
571 1032 587 1056 ,

360 1077 478 1127 KA.
517 1070 734 1135 Πάντες
752 1071 895 1141 μέντ’
919 1069 990 1127 ἂν
1011 1071 1082 1137 ὡς
1103 1078 1231 1138 ἔπος
1250 1079 1438 1146 εἰπεῖν,
1455 1069 1499 1132 ὦ
1518 1079 1653 1145 ξένε,
1674 1077 1740 1131 τὰ
1761 1075 1903 1132 καλοὶ

217 1158 332 1207 τῶν
351 1152 506 1221 ζώων
525 1151 945 1224 ἐγιγνώσκομεν.

357 1240 476 1290 ΑΘ.
508 1231 815 1304 Ὀρθότατα
836 1237 1023 1305 λέγεις.
1061 1229 1152 1305 ἀρ’
1174 1230 1282 1291 οὖν
1312 1235 1381 1291 οὐ
1406 1239 1532 1307 περὶ
1561 1238 1798 1309 ἑκάστην
1825 1244 1905 1295 εἰ-

218 1313 359 1371 κόνα
387 1316 558 1371 καὶέν
586 1323 832 1389 γραφικῇ
860 1319 952 1373 καὶ
977 1320 1040 1373 έν
1069 1325 1311 1390 μουσικῇ
1327 1321 1418 1374 καὶ
1444 1318 1623 1389 πάντη
1652 1319 1752 1375 τὸν
1771 1324 1903 1390 μέλ-

153 1417 186 1458 Β
216 1403 388 1452 λοντα
406 1401 661 1468 ἔμφρονα
679 1397 873 1469 κριτὴν
893 1403 1122 1454 ἔσεσθαι
1141 1403 1229 1455 δεῖ
1249 1406 1424 1455 ταῦτα
1444 1407 1567 1470 τρία
1597 1404 1756 1472 ἔχειν,
1787 1401 1819 1456 ὅ
1851 1408 1907 1458 τί

214 1480 328 1533 ἐστι
347 1484 571 1548 πρῶτον
587 1478 934 1551 γιγνώσκειν,
965 1484 1148 1537 ἔπειτα
1179 1479 1252 1546 ὡς
1280 1479 1488 1552 ὀρθῶς,
1520 1479 1700 1537 ἔπειθ’
1737 1480 1808 1548 ὡς
1838 1477 1903 1537 εὖ

214 1558 276 1614 τὸ
308 1563 497 1631 τρίτον
524 1568 806 1631 εἴργασται
832 1569 946 1617 τῶν
976 1563 1214 1619 εἰκόνων
1231 1561 1463 1632 ἡτισοῦν
1493 1564 1703 1636 ῥήμασί
1724 1585 1783 1619 τε
1811 1566 1902 1620 καὶ

214 1641 401 1711 μέλεσι
422 1644 514 1696 καὶ
532 1653 644 1707 τοῖς
662 1644 923 1715 ῥυθμοῖς;

356 1729 474 1780 ΚΛ.
503 1722 678 1780 ’Έοικε
697 1733 856 1795 γοῦν.

355 1811 474 1861 ΑΘ.
512 1805 612 1875 Μὴ
652 1813 846 1863 τοίνυν
893 1805 1212 1881 ἀπείπωμεν
1238 1813 1502 1882 λέγοντες
1538 1810 1598 1865 τὸ
1638 1811 1762 1879 περὶ
1782 1831 1901 1908 την

211 1887 487 1956 μουσικὴν
522 1880 562 1959 ᾖ
595 1889 861 1958 χαλεπόν·
911 1889 1095 1962 ἐπειδὴ
1130 1892 1238 1964 γὰρ
1274 1889 1529 1963 υμνεῖται
1563 1893 1689 1962 περὶ
1724 1889 1901 1961 αὐτὴν

196 1966 648 2038 διαφερόντως’
620 1991 655 2039 η
693 1968 789 2036 τὰς
819 1970 988 2037 άλλας
1023 1971 1262 2044 εἰκόνας,
1298 1971 1585 2046 εὐλαβείας
1622 1971 1688 2044 δὴ
1729 1976 1901 2028 δεῖται

212 2053 469 2120 πλείστης
486 2055 682 2106 πασῶν
702 2052 951 2108 εἰκόνων.
979 2051 1244 2124 ἁμαρτών
1269 2055 1455 2125 τεγάρ
1474 2077 1555 2119 τις
1584 2053 1796 2125 μέγιστ’
1829 2051 1902 2110 ἂν

151 2150 182 2192 c
211 2130 527 2202 βλάπτοιτο,
547 2131 662 2203 ἤθη
681 2131 824 2189 κακά
855 2136 1394 2208 φιλοφρονούμενος,
1424 2135 1813 2208 χαλεπώτατόν
1840 2159 1900 2194 τε

214 2213 515 2266 αἰσθέσθαι
533 2212 624 2267 διὰ
639 2213 700 2268 τὸ
722 2214 852 2279 τοὺς
871 2215 1098 2287 ποιητὰς
1116 2221 1496 2289 φαυλοτέρους
1514 2217 1654 2274 εἶναι
1672 2219 1900 2290 ποιητὰς

212 2289 401 2347 αὐτων
427 2314 541 2348 των
554 2299 841 2350 Μουσῶν.
889 2319 958 2351 ου
990 2296 1099 2367 γὰρ
1129 2296 1203 2353 ἀν
1225 2302 1433 2354 ἐκεῖναί
1455 2320 1518 2368 γε
1546 2300 1900 2369 ἐξαμάρτοιέν

210 2393 345 2429 ποτε
364 2379 653 2447 τοσοῦτον,
676 2373 817 2431 ώστε
837 2376 1052 2448 ῥήματα
1071 2375 1300 2445 ἀνδρων
1318 2378 1619 2450 ποιήσασαι
1636 2378 1698 2434 τὸ
1719 2386 1899 2450 σχῆμα

209 2461 496 2526 γυναικών
514 2457 606 2512 καὶ
625 2459 787 2528 μέλος
815 2455 1140 2531 ἀποδοῦναι,
1170 2461 1262 2515 καὶ
1289 2462 1452 2530 μέλος
1479 2461 1794 2532 ἐλευθέρων
1824 2455 1900 2516 αὖ

208 2539 301 2594 καὶ
320 2538 564 2610 σχήματα
583 2543 870 2606 ξυνθεῖσαι
892 2540 1150 2615 ῥυθμοὺς
1171 2541 1390 2598 δούλων
1400 2543 1492 2598 καὶ
1506 2538 1898 2614 ἀνελευθέρων

208 2622 666 2694 προσαρμόττειν,
698 2622 823 2679 οὐδ’
858 2627 931 2679 αὐ
961 2623 1218 2697 ρυθμους
1242 2627 1334 2682 καὶ
1362 2631 1542 2698 σχῆμα
1573 2629 1897 2698 ἐλευθέριον

209 2700 507 2760 ὑποθεῖσαι
534 2708 697 2776 μέλος
724 2703 762 2777 ἢ
789 2707 960 2778 λόγον
984 2712 1238 2766 ἐναντίον
1265 2709 1576 2767 ἀποδοῦναι
1605 2722 1718 2777 τοις
1747 2715 1895 2787 ῥυθ-
1952 2719 1969 2727 ”

145 2804 181 2844 D
207 2796 347 2857 μοῖς,
376 2791 455 2843 ἔτι
485 2786 545 2843 δε
573 2793 792 2862 θηρίων
822 2791 1015 2861 φωνὰς
1043 2793 1135 2849 καὶ
1164 2791 1489 2864 ἀνθρώπων
1516 2798 1608 2852 καὶ
1637 2791 1894 2868 ὀργάνων
