1976 3172
663 127 1119 176 ΕΠΙΝΟΜΙΣ.
1630 125 1735 179 435

50 260 393 328 πορεύεσθαι
426 258 618 329 ταύτῃ,
661 260 848 329 μηδεὶς
882 257 1065 324 ἄλλως
1099 258 1232 315 ποτὲ
1270 262 1471 332 νομίσῖῃ
1508 261 1736 317 πάντων

47 341 223 412 ἡμῶν,
247 339 320 405 ὥς
338 343 396 396 οἱ
408 342 511 411 μὲν
529 344 663 395 θεοί
675 345 815 395 εἰσιν
834 338 1036 409 αὐτῶν,
1059 343 1116 395 οἱ
1131 338 1183 395 δ’
1208 340 1295 412 οὔ,
1316 340 1450 412 μηδ’
1473 337 1545 406 ὥς
1563 345 1620 396 oc
1635 340 1735 414 μὲν

47 427 283 495 γνήσιοι,
304 423 436 480 οἶδὲ
452 428 700 479 τοιοῦτοί
708 443 871 492 τινες,
891 426 1044 487 οἴους
1063 421 1195 478 οὐδὲ
1205 426 1367 494 θέμις
1386 428 1560 479 εἰπεῖν
1576 420 1737 494 ἡμῶν

47 505 255 575 οὐδενί,
275 505 478 570 πάντες
497 507 558 561 δὲ
577 504 646 576 δὴ
665 504 877 570 πάντας
895 506 1141 575 λέγωμέν
1159 525 1218 560 τε
1246 506 1339 560 καὶ
1359 511 1553 576 φῶμεν
1572 502 1738 560 άδελ-
1791 576 1794 579 y

6 621 12 624 ·
46 587 192 657 φούς
207 610 239 642 τ
243 584 419 643 ἐἶναι
437 587 527 642 καὶ
547 587 611 642 ἐν
630 582 896 657 ἀδελφαῖς
914 591 1148 657 μοίραις,
1167 582 1436 654 καὶτιμὰς
1456 583 1798 641 ἀποδιδῶ-Ο

44 690 148 739 μεν
178 667 254 739 μὴ
284 675 363 742 τῷ
390 670 505 739 μὲν
523 664 802 737 ἐνιαυτόν,
831 673 911 740 τῷ
938 666 999 722 δὲ
1026 671 1192 736 μῆνα,
1215 676 1328 730 τοῖς
1358 667 1418 720 δὲ
1450 664 1584 736 μήτε
1612 664 1736 720 τινα

44 761 247 818 μοῖραν
263 751 544 818 τάττωμεν
562 746 699 819 μήτε
715 746 840 803 τινὰ
860 746 1085 817 χρόνον,
1118 749 1180 802 έν
1211 739 1254 819 ᾧ
1285 748 1610 816 διεξέρχεται
1638 743 1738 801 τὸν

45 828 222 885 αὑτοῦ
239 829 433 899 πόλον,
448 833 838 895 ξυναποτελῶν
857 827 1088 898 κόσμον,
1101 826 1169 882 ὸν
1185 829 1335 892 ἔταξε
1355 825 1521 895 λόγος
1541 823 1571 880 6
1590 825 1736 881 πάν-

45 933 156 966 των
191 911 480 975 θειότατος
514 908 745 980 ὁρατόν·
782 907 852 965 ὂν
880 906 911 963 6
941 909 1044 980 μὲν
1062 905 1345 978 εὐδαίμων
1378 914 1605 978 πρῶτον
1634 908 1737 977 μὲν

45 994 384 1062 ἐθαύμασεν,
406 995 591 1048 ἔπειτα
610 990 671 1047 δὲ
695 996 872 1060 ἔρωτα
902 995 1025 1062 ἔσχε
1052 997 1154 1047 τοῦ
1186 998 1530 1062 καταμαθεῖν
1558 989 1735 1045 ὁπόσα

42 1079 228 1144 θνητῇ
259 1073 429 1143 φύσει
458 1072 688 1143 δυνατά,
725 1069 1037 1144 ἡγούμενος
1070 1071 1265 1142 ἄρισθ’
1297 1071 1475 1137 οὕτως
1510 1069 1735 1141 εὐτυχέ-

46 1155 214 1210 στατά
235 1175 294 1210 τε
314 1154 519 1221 διάξειν
535 1153 638 1211 τὸν
656 1159 782 1226 βίον
801 1154 1129 1226 τελευτήσας
1156 1175 1214 1209 τε
1245 1158 1321 1219 εἰς
1348 1154 1556 1218 τόπους
1584 1150 1734 1223 ἥξειν
1765 1165 1801 1206 D

44 1237 428 1305 προσήκοντας
455 1235 644 1309 ἀρετῇ,
664 1240 756 1292 καὶ
787 1240 1135 1308 μεμυημένος
1172 1234 1399 1308 άληθῶς
1427 1257 1485 1291 τε
1515 1233 1668 1290 καὶ”
1636 1255 1735 1289 ον-

42 1340 164 1410 τως,
195 1318 520 1392 μεταλαβων
540 1321 866 1392 φρονήσεως
902 1316 1053 1387 εἶς”
1009 1343 1091 1377 ων
1126 1329 1271 1392 μιᾶς,
1310 1320 1413 1377 τόν
1447 1322 1736 1376 ἐπίλοιπον

42 1399 248 1468 χρόνον
266 1399 485 1470 θεωρὸς
504 1408 618 1456 τῶν
647 1399 957 1458 καλλίστων
984 1403 1286 1473 γενόμενος
1316 1402 1420 1458 όσα
1446 1400 1570 1459 κατ’
1601 1401 1734 1468 ὄψιν

43 1484 290 1537 διατελεῖ.
324 1488 435 1538 νῦν
454 1482 521 1553 δὴ
543 1481 615 1539 τὸ
637 1481 773 1554 μετὰ
804 1481 971 1539 τοῦθ’
1007 1481 1140 1556 ἡμῖν
1168 1483 1367 1540 λοιπὸν
1399 1488 1580 1554 λέγειν
1610 1483 1733 1539 ὅσοι

41 1584 70 1615 τ
80 1560 234 1631 ἐἰσί,
258 1565 349 1618 καὶ
372 1568 542 1628 τίνες·
580 1561 650 1619 οὐ
677 1585 787 1636 γαρ
817 1564 1026 1636 μήποτε
1058 1571 1327 1635 φανῶμεν
1354 1568 1590 1630 ψευδεῖς.
1633 1569 1791 1634 βε-Ε

41 1648 212 1714 βαίως
230 1642 297 1715 δὴ
320 1647 714 1717 διισχυρίζομαι
741 1646 805 1701 τό
840 1666 904 1716 γε
934 1652 1220 1702 τοσοῦτον.
1258 1648 1398 1716 λέγω
1427 1645 1536 1716 γὰρ
1563 1646 1734 1702 πάλιν

43 1724 187 1781 ὀκτώ
209 1728 312 1797 μὲν
330 1725 488 1798 εἶναι,
509 1734 623 1783 τῶν
642 1726 702 1783 δὲ
722 1725 866 1783 ὀκτώ
885 1738 1031 1798 τρεῖς
1047 1728 1149 1798 μὲν
1180 1731 1456 1798 εἰρῆσθαι,
1489 1729 1653 1783 πέντε
1679 1725 1735 1782 δ”

41 1811 120 1862 ἔτι
141 1807 347 1873 λοιπάς.
382 1806 418 1879 ἡ
436 1809 666 1880 τετάρτη
696 1810 756 1865 δὲ
776 1807 926 1879 φορὰ
946 1811 1039 1864 καὶ
1066 1812 1306 1875 διέξοδος
1336 1807 1450 1879 ἅμα
1478 1811 1570 1864 καὶ
1593 1811 1734 1880 πέμ-

41 1908 149 1959 πτη
168 1889 316 1960 τάχει
334 1889 436 1961 μὲν
451 1888 588 1963 ἡλίῳ
609 1888 809 1962 σχεδὸν
838 1898 947 1962 ἴση,
979 1891 1069 1946 καὶ
1104 1889 1233 1946 οὔτε
1259 1892 1572 1961 βραδυτέρα
1602 1886 1732 1945 οὔτε

41 1970 268 2025 θάττων
281 1992 292 2003 ·
330 1970 398 2027 τό
423 1969 479 2041 γ’
502 1973 706 2028 ’ἐπίπαν
725 1970 808 2027 άεὶ
827 1971 1045 2027 τούτων
1063 1977 1237 2039 τριῶν
1257 1969 1440 2026 ὄντων
1458 1969 1561 2026 τὸν
1588 1975 1732 2025 νοῦν

41 2050 240 2106 ἰκανὸν
260 2055 455 2123 ἔχοντα
480 2050 755 2124 ἡγεῖσθαι.
805 2055 1052 2124 λέγωμεν
1071 2051 1138 2124 δὴ
1165 2053 1368 2118 ταύτας
1385 2049 1547 2124 ἡλίου
1572 2049 1624 2107 τ’
1653 2049 1732 2107 εἷ-

45 2154 138 2187 ναι
163 2136 255 2189 καὶ
274 2134 588 2206 ἑωσφόρον,
602 2138 694 2191 καὶ
712 2141 899 2204 τρίτον
919 2133 992 2201 ὥς
1002 2135 1103 2206 μὲν
1122 2134 1354 2207 ὀνόματι
1374 2134 1606 2206 φράζειν
1625 2130 1730 2190 οὐκ

8 2288 13 2294 ,
43 2208 156 2269 ἔστι
179 2213 270 2271 διὰ
299 2215 360 2271 τὸ
380 2215 455 2287 μὴ
480 2217 913 2286 γιγνώσκεσθαι,
940 2217 1144 2273 τούτου
1174 2214 1229 2272 δ’
1256 2223 1427 2282 αἴτιος
1453 2213 1482 2272 6
1513 2221 1731 2287 πρῶτος

40 2299 216 2349 ταῦτα
260 2295 504 2352 κατιδων
548 2296 832 2370 βάρβαρος
875 2296 981 2354 ῶν·
1036 2296 1270 2363 παλαιὸς
1308 2296 1416 2369 γὰρ
1458 2298 1524 2369 δὴ
1562 2296 1732 2362 τόπος

41 2379 249 2444 ἔθρεψε
272 2375 404 2442 τοὺς
432 2378 688 2447 πρώτους
714 2384 890 2435 ταῦτα
917 2380 1291 2451 έννοήσαντας
1320 2378 1410 2435 διὰ
1436 2380 1498 2435 τὸ
1527 2379 1729 2444 κάλλος
1756 2386 1842 2436 987

39 2462 137 2525 τῆς
154 2464 384 2530 θερινῆς
404 2456 570 2530 ὥρας,
589 2457 662 2531 ἣν
679 2461 962 2531 Αἴγυπτός
989 2482 1047 2517 τε
1068 2463 1160 2517 καὶ
1187 2465 1371 2528 Συρία
1402 2462 1607 2523 ἱκανῶς
1637 2463 1731 2514 κέ-

41 2557 250 2607 κτηται,
270 2538 550 2609 φανεροὺς
569 2540 671 2611 μὲν
689 2540 761 2606 ὥς
784 2544 915 2606 ἔπος
934 2545 1108 2597 εἰπεῖν
1128 2539 1359 2608 ἀστέρας
1381 2536 1463 2594 ἀεὶ
1484 2539 1726 2610 ξύμπαν·

43 2638 139 2681 τας
159 2623 540 2690 καθορῶντας,
560 2619 655 2676 ἅτε
680 2627 874 2692 νεφῶν
892 2622 983 2676 καὶ
1012 2618 1235 2676 ὑδάτων
1260 2617 1624 2688 ἀπόπροσθεν
1643 2618 1728 2676 άεὶ

41 2703 145 2752 τοῦ
192 2698 408 2768 κόσμου
452 2705 922 2773 κατῳκισμένους·
971 2699 1114 2756 ὅθεν
1150 2702 1251 2756 καὶ
1287 2701 1599 2772 πανταχόσε
1636 2704 1729 2757 καὶ

43 2776 200 2845 δεῦρ’
252 2780 455 2849 ἐξήκει,
503 2784 945 2851 βεβασανισμένα
999 2780 1182 2854 χρόνῳ
1229 2792 1477 2885 μυριξτετ
1525 2802 1582 2837 τε
1637 2782 1728 2837 καὶ

1285 2861 1344 2906 28
