1976 3172
219 189 323 241 106
835 182 1308 232 HAA‘Tsz-NOZ

219 320 358 391 πρὸς
387 317 448 374 δε
466 316 691 381 τούτοις
715 317 779 370 αἱ
802 315 890 370 διὰ
913 313 979 370 τὰ
1014 336 1248 370 ναυτικα
1268 313 1486 369 πόλεων
1504 314 1814 386 δυνάμεις
1789 315 1900 387 άμα

220 405 464 475 σωτηρίᾳ
482 397 638 471 τιμὰς
650 397 721 454 οὐ
725 405 806 474 τῷ
823 403 1095 472 καλλίστῳ
1105 405 1222 454 τῶν
1231 403 1547 468 πολεμικῶν
1558 395 1901 454 ἀποδιδόασι.
1955 451 1959 459 ,

195 501 198 506 ·
220 483 310 541 διὰ
339 488 738 555 κυβερνητικῆς
763 479 870 553 γὰρ
897 483 990 539 καὶ
1013 486 1509 553 πεντηκονταρχίας
1537 480 1635 537 καὶ
1657 484 1904 553 ἐρετικῆς

159 573 194 614 Β
225 567 318 622 καὶ
345 566 718 620 παντοδαπῶν
741 565 835 618 καὶ
862 561 932 619 οὐ
957 564 1108 618 πάνυ
1135 566 1456 619 σπουδαίων
1476 559 1797 633 ανθρώπων
1815 584 1903 632 γι-

219 649 508 723 γνομένης,
528 642 625 709 τὰς
641 667 800 716 τιμας
817 645 1064 710 ἑκάστοις
1087 645 1194 701 οὐκ
1211 668 1290 700 ανΔ
1304 643 1532 700 δύναιτο
1555 643 1742 718 ὀρθῶς
1761 643 1903 700 ἀπο·
1956 676 1957 681 =

221 729 440 784 διδόναι
467 747 571 791 τις·
610 731 709 782 καί
734 749 818 783 τοι
846 734 962 792 πῶς
989 723 1060 782 ἂν
1088 732 1166 783 ἔτι
1199 732 1446 783 πολιτεία
1474 732 1716 797 γίγνοιτο
1754 725 1901 797 ὀρθὴ
1930 732 1932 734 ’

134 800 149 816 “
219 810 424 865 τούτου
444 812 772 880 στερομένη;
1958 863 1959 866 ,

361 895 481 945 ΚΛ.
519 888 736 960 Σχεδὸν
771 889 1067 946 αδύνατον.
1106 889 1244 946 ἄλλα
1282 863 1411 961 μήν,
1453 885 1496 945 ὦ
1534 894 1670 959 ξένε,
1698 890 1802 961 τήν
1839 911 1904 960 γε

217 972 341 1041 περὶ
360 977 653 1042 Σαλαμῖνα
673 975 983 1041 ναυμαχίαν
1000 969 1412 1041 τῶνἙλλήνων
1439 970 1578 1043 πρὸς
1604 972 1735 1037 τοὺς
1764 977 1902 1074 βαρ-
1962 1003 1963 1006 ¹

217 1052 428 1122 βάρους
450 1055 759 1124 γενομένην
776 1050 931 1123 ἡμεῖς
947 1073 1010 1123 γε
1029 1056 1085 1108 οἱ
1110 1057 1323 1123 Κρῆτες
1349 1050 1699 1122 τὴνἙλλάδα
1719 1075 1902 1124 φαμεν
1947 1057 1959 1079 ‘²

218 1138 410 1188 σῶσαι.
1957 1150 1960 1155 ·

357 1220 476 1270 ΑΘ.
511 1214 622 1269 Καὶ
638 1212 746 1285 γὰρ
767 1218 825 1270 oc
848 1217 1042 1270 πολλοὶ
1066 1221 1180 1270 τῶν
1200 1211 1479 1286 Ἑλλήνων
1494 1236 1553 1270 τε
1575 1215 1666 1270 καὶ
1690 1216 1905 1286 βαρβά-

154 1301 187 1343 G
217 1315 334 1366 ρων
367 1297 594 1366 λέγουσι
627 1302 816 1351 ταῦτα.
849 1294 1009 1366 ἡμεῖς
1046 1299 1123 1367 δέ,
1164 1290 1208 1351 ῶ
1247 1301 1391 1367 φίλε,
1431 1296 1541 1367 ἐγώ
1575 1318 1634 1352 τε
1665 1299 1754 1353 καὶ
1788 1297 1902 1367 ὅδε,

214 1377 512 1448 Μέγιλλος,
535 1376 720 1448 φαμὲν
736 1376 839 1448 τὴν
857 1375 1025 1447 πεζὴν
1042 1377 1224 1448 μάχην
1254 1378 1356 1447 τὴν
1378 1380 1439 1432 έν
1457 1384 1783 1449 Μαραθῶνι
1808 1400 1903 1448 γε·
1973 1382 1976 1441 ζ

214 1460 458 1528 νομένην
495 1461 587 1514 καὶ
622 1461 685 1513 ἐν
717 1464 1034 1528 Πλαταιαῖς,
1065 1456 1170 1528 τὴν
1187 1456 1289 1528 μὲν
1320 1457 1479 1526 ἄρξαι
1507 1465 1603 1530 τῆς
1634 1465 1904 1530 σωτηρίας
1974 1503 1976 1506 .

213 1550 329 1603 τοῖς
348 1538 593 1611 ’Ἑλλησι,
612 1539 718 1610 τὴν
737 1543 796 1596 δὲ
816 1544 969 1605 τέλος
996 1542 1287 1609 ἐπιθεῖναι,
1307 1539 1515 1603 καὶτὰς
1531 1541 1636 1609 μὲν
1652 1546 1904 1611 βελτίους
1956 1557 1976 1611 -'.⁴'

213 1620 346 1684 τούς
371 1619 641 1691 Ἕλληνας
659 1629 901 1692 ποιῆσαι,
920 1620 1018 1686 τὰς
1046 1620 1106 1676 δὲ
1135 1619 1203 1676 οὐ
1234 1618 1605 1692 βελτίους,“ἴν’
1637 1620 1784 1677 οὕτω
1813 1624 1905 1678 λε’-
1947 1612 1976 1660 ‘²

212 1722 400 1772 γωμεν
435 1703 561 1772 περὶ
599 1707 716 1757 τῶν
752 1701 876 1758 τότε
913 1707 1290 1768 ξυσσωσασῶν
1322 1700 1465 1774 ἡμᾶς
1498 1709 1715 1774 μαχῶν·
1764 1702 1904 1773 πρὸς

212 1782 321 1852 γὰρ
338 1787 408 1853 τῇ
432 1788 557 1853 περὶ
575 1790 870 1853 Σαλαμῖνα
900 1783 1004 1855 τὴν
1031 1782 1234 1853 περὶτὰ
1269 1781 1607 1855 Ἀρτεμίσιόν
1625 1802 1714 1839 σοι
1731 1804 1901 1854 προς-
1935 1807 1944 1831 ¹
1974 1778 1976 1783 ¹

213 1861 376 1933 θήσω
422 1860 561 1918 κατὰ
606 1863 893 1919 θάλατταν
937 1866 1129 1934 μάχην.
1183 1861 1322 1919 ἀλλὰ
1357 1863 1464 1933 γὰρ
1495 1863 1902 1935 άποβλέποντες
1972 1872 1976 1899 “·

154 1957 190 1996 D
215 1949 326 1999 νῦν
343 1942 486 2011 πρὸς
511 1950 784 2010 πολιτείας
804 1945 1006 2017 άρετῆν
1034 1947 1126 2001 καὶ
1142 1946 1324 2016 χώρας
1342 1947 1517 2016 φύσιν
1537 1946 1901 2016 σκοπούμεθα

214 2025 308 2080 καὶ
345 2024 539 2095 νόμων
583 2025 758 2096 τάξιν,
808 2024 876 2081 οὐ
922 2024 982 2082 τὸ
1023 2027 1302 2093 σώζεσθαί
1330 2048 1389 2083 τε
1423 2027 1517 2083 καὶ
1550 2025 1691 2082 εἶναι
1726 2026 1903 2098 μόνον
1950 2046 1976 2308 l?

214 2104 542 2177 ἀνθρώποις
559 2108 886 2178 τιμιώτατον
902 2106 1220 2179 ἡγούμενοι,
1242 2109 1499 2180 καθάπερ
1520 2112 1578 2164 oc
1593 2113 1806 2178 πολλοί,
1835 2105 1897 2163 τὸ
1956 2155 1957 2158 ,

215 2183 268 2241 δ’
292 2185 366 2250 ῶς
384 2193 702 2258 βελτίστους
719 2193 1020 2260 γίγνεσθαί
1040 2211 1099 2246 τε
1117 2191 1211 2246 καὶ
1238 2188 1379 2245 εἶναι
1407 2196 1678 2245 τοσοῦτον
1695 2189 1900 2261 χρόνον

215 2265 354 2337 ὅσρν
389 2263 462 2322 ἄν
492 2262 652 2323 ωσιν·
691 2277 901 2342 εἴρηται
933 2269 984 2326 δ’
1014 2268 1163 2342 ἡμῖν,
1196 2269 1361 2342 οἶμαι,
1393 2272 1484 2327 καὶ
1501 2277 1668 2326 τοῦτο
1697 2273 1758 2326 ἐν
1789 2281 1902 2334 τοῖς
1959 2306 1976 2381 ἓ

214 2348 486 2420 πρόσθεν.
1955 2370 1976 2427 ‘34

355 2434 475 2484 ΚΛ.
518 2433 589 2484 Τί
610 2428 750 2500 μήν;
813 2477 817 2483 .
1959 2424 1976 2485 ἶ

356 2517 475 2566 ΑΘ.
521 2517 699 2567 Τοῦτο
734 2515 930 2566 τοίνυν
958 2511 1302 2582 σκοπώμεθα
1328 2512 1521 2584 μόνον,
1556 2516 1606 2567 εί
1632 2532 1770 2567 κατα
1798 2508 1900 2582 τῆν
1959 2507 1976 2575 ἦ

215 2590 392 2662 αὐτὴν
411 2589 546 2647 ὁδὸν
564 2591 842 2666 ἐρχόμεθα
854 2598 1139 2665 βελτίστην
1151 2586 1330 2648 οὖσαν
1340 2593 1901 2649 πόλεσικατοικίσεων
1946 2616 1960 2627 ⁴>

215 2675 341 2745 πέρι
357 2676 451 2729 καὶ
466 2681 848 2745 νομοθεσιῶν.
1970 2674 1974 2679 ’

356 2761 475 2812 ΚΛ.
514 2758 623 2812 Καὶ
642 2757 788 2813 πολύ
812 2779 888 2827 γε.

148 2822 194 2895 Ε.
353 2840 439 2893 111.
476 2846 594 2895 ΑΘ.
631 2841 774 2911 Λέγε
796 2838 1073 2910 δὴτοίνυν
1090 2837 1152 2895 τὸ
1175 2841 1388 2904 τουτοις
1407 2841 1542 2911 ἑξῆς,
1564 2845 1644 2905 τίς
1662 2837 1692 2895 ὁ
1711 2859 1900 2895 κατοι-
