1976 3172
670 138 984 189 ΝΟΜΩΝ
1019 132 1075 195 ς’.
1608 137 1714 191 159
1789 138 1794 143 ’

81 299 150 333 ον
168 278 376 344 πατέρα
391 271 709 343 καὶμητέρα
728 268 833 325 οὐκ
851 268 992 325 εἶναι
1009 268 1158 340 πλὴν
1174 270 1278 342 τὴν
1295 276 1713 339 κατοικίζουσαν

61 356 205 429 ὖτὴν
227 357 411 426 πόλιν,
430 352 536 410 οὐκ
556 349 782 421 ἀγνοῶν
798 349 887 407 ὅτι
902 353 1102 406 πολλαὶ
1118 359 1233 408 τῶν
1250 359 1714 416 κατοικισθεισῶν
1741 372 1776 414 Β

62 440 292 509 ιάφοροι
326 447 445 502 ταῖς
470 432 881 498 κατοικισάσαις
907 433 1174 498 πολλάκις
1201 438 1350 490 ἔνιαι,
1366 435 1633 504 γεγόνασί
1655 457 1714 492 τε

62 523 119 575 αὶ
152 525 399 577 ἔσονται·
434 522 545 572 νῦν
577 515 690 588 μὴν
723 517 789 572 ἐν
819 519 902 583 τῷ
933 514 1171 584 παρόντι
1191 514 1451 584 καθάπερ
1484 527 1629 586 παῖς,
1666 522 1717 573 εί

62 607 122 656 αί
138 620 274 657 ποτε
288 600 472 670 μέλλει
489 595 760 669 διάφορος
778 594 919 652 εἶναι
940 606 1055 660 τοῖς
1079 594 1435 666 γεννήσασιν,
1465 598 1528 651 ἔν
1551 617 1615 666 γε
1643 595 1714 666 τῇ

65 679 283 751 αρουσῃ
298 681 551 743 παιδείας
579 676 789 751 ἀπορία
825 682 1039 748 στέργει
1073 698 1131 733 τε
1166 680 1261 734 καὶ
1286 678 1571 750 στέργεται
1596 675 1708 731 ὑπὸ

55 770 138 821 ὃν
170 762 583 832 γεννησάντων,
620 763 713 818 καὶ
743 761 999 832 φεύγων
993 758 1089 816 ἀεὶ
1123 759 1264 831 πρὸς
1299 760 1434 826 τοὺς
1470 764 1711 824 οἰκείους

41 840 362 913 ’ναγκαίους
377 841 589 913 μόνους
606 840 852 914 εὑρίσκει
881 841 1220 913 ξυμμάχους·
1263 838 1300 898 ἃ
1329 840 1398 914 δὴ
1427 849 1539 899 νῦν
1569 842 1710 912 φημὶ

75 931 298 989 νωσιοις
313 922 405 980 διὰ
421 923 527 996 τὴν
543 926 859 996 ἐπιμέλειαν
875 922 1015 994 πρὸς
1032 922 1135 993 τὴν
1161 926 1296 979 νέαν
1325 923 1492 979 πόλιν
1519 924 1613 979 καὶ
1639 929 1709 995 τῇ

85 1027 123 1077 α
154 1004 295 1075 πρὸς
329 1007 573 1063 Κνωσὸν
599 1004 873 1077 ὑπάρχειν
904 1007 1131 1076 ἑτοίμως
1156 1005 1443 1075 γεγονότα.
1476 1008 1620 1075 λέγω
1649 1003 1709 1059 δὲ
1738 1016 1771 1058 c

57 1087 281 1158 αθάπερ
299 1085 458 1144 εἶπον
472 1092 583 1143 νῦν
602 1087 691 1157 δή,
712 1090 795 1153 δὶς
810 1085 919 1158 γὰρ
947 1086 1012 1143 τό
1039 1108 1104 1157 γε
1131 1085 1309 1144 καλὸν
1336 1087 1514 1158 ῥηθὲν
1541 1083 1712 1143 οὐδὲν

62 1168 274 1239 λάπτει,
306 1172 601 1233 Κνωσίους
637 1171 757 1224 δεῖν
790 1169 1199 1239 ἐπιμεληθῆναι
1233 1167 1464 1223 πάντων
1493 1166 1713 1222 τούτων

59 1254 204 1320 οινῇ,
224 1252 670 1320 προσελομένους
682 1255 798 1305 τῶν
815 1253 893 1314 είς
909 1247 1013 1319 τὴν
1039 1247 1301 1305 α’ποικίαν
1331 1247 1709 1320 ἀφικομένων,

53 1329 154 1395 οὓς
182 1330 601 1400 πρεσβυτάτους
633 1350 695 1385 τε
723 1331 816 1386 καὶ
843 1327 1103 1399 ἀρίστους
1134 1334 1213 1394 είς
1248 1329 1490 1400 δύναμιν
1518 1329 1712 1399 ἑλομέ-

57 1431 176 1480 ους,
202 1408 278 1483 μὴ
307 1414 536 1467 ἔλαττον
560 1407 760 1466 ἑκατὸν
796 1409 1048 1482 ἀνδρῶν·
1081 1412 1176 1465 καὶ
1213 1408 1402 1465 αὐτῶν
1437 1414 1712 1465 Κνωσίων

86 1509 272 1548 τωσαν
306 1489 507 1549 ἑκατὸν
537 1491 739 1563 ἕτεροι·
766 1491 1005 1556 τούτους
1035 1491 1096 1547 δὲ
1120 1490 1395 1556 ἐλθόντας
1422 1493 1563 1562 φημὶ
1592 1495 1711 1546 δεῖν

52 1575 101 1636 lc
118 1570 224 1643 τὴν
239 1571 442 1642 καινὴν
459 1571 625 1628 πόλιν
642 1578 1174 1644 συνεπιμεληθῆναι,
1195 1569 1348 1638 ὅπως
1372 1575 1435 1628 αἵ
1460 1593 1520 1627 τε
1549 1568 1712 1643 ἀρχαὶ

60 1658 337 1710 αταστῶσι
352 1651 492 1709 κατα
518 1652 730 1725 νόμους
747 1659 1088 1711 καταστᾶσαί
1100 1675 1160 1710 τε
1178 1657 1567 1724 δοκιμασθῶσι
1582 1675 1593 1684 ·
1614 1675 1711 1724 γε-
1746 1669 1781 1710 D
1818 1668 1821 1671 ’

91 1738 277 1806 μένων
293 1735 356 1793 δὲ
376 1734 595 1792 τούτων
615 1733 720 1807 τὴν
743 1735 847 1807 μὲν
875 1737 1115 1793 Κνωσὸν
1142 1733 1274 1801 τοὺς
1299 1740 1595 1801 Κνωσίους
1625 1739 1712 1792 οἰ-

85 1828 158 1888 τν,
176 1816 280 1888 τὴν
300 1818 362 1875 δὲ
378 1820 515 1874 νέαν
532 1818 702 1875 πόλιν
725 1815 905 1889 αὐτὴν
918 1816 1096 1889 αὐτὴν
1114 1823 1417 1886 πειρᾶσθαι
1437 1817 1630 1884 σώζειν
1650 1839 1710 1874 τε

93 1901 115 1956 2
137 1897 404 1969 εὐτυχεῖν.
446 1902 504 1955 οἰ
517 1900 578 1956 δὲ
601 1898 669 1971 δὴ
689 1900 985 1972 γενόμενοι
1001 1906 1117 1957 τῶν
1137 1899 1271 1957 ε”πτά
1298 1902 1391 1956 καὶ
1411 1899 1709 1968 τριάκοντα

71 1986 96 1998 ”
165 2002 224 2037 τε
248 1983 344 2037 καὶ
375 1985 455 2047 είς
486 1979 588 2039 τὸν
619 1985 807 2038 ἔπειτα
847 1983 1136 2054 ξύμπαντα
1168 1982 1375 2056 χρόνον
1403 1981 1492 2037 ἐπὶ
1527 1982 1711 2035 τοῖσδε

34 2058 155 2132 ’μῑν
174 2059 518 2132 ᾑρήσθωσαν
530 2084 543 2097 ·
580 2069 806 2134 πρῶτον
825 2065 928 2134 μὲν
946 2063 1195 2134 φύλακες
1213 2066 1460 2118 ἔστωσαν
1478 2066 1592 2116 τῶν
1609 2059 1710 2116 νό-

147 2186 163 2213 ,
192 2146 376 2201 ἔπειτα
403 2149 522 2201 τόν
549 2146 891 2217 γραμμάτων
926 2138 1010 2201 ὦν
1043 2141 1116 2201 ἂν
1150 2146 1380 2210 ἕκαστος
1407 2142 1711 2215 ἀπογράψῃ

53 2235 136 2291 οἷς
161 2222 395 2296 ἄρχουσι
410 2223 471 2281 τό
495 2232 712 2298 πλῆθος
728 2234 824 2298 τῆς
845 2222 1032 2282 αὐτῶν
1053 2225 1263 2297 οὐσίας,
1283 2223 1431 2296 πλὴν
1450 2222 1480 2280 ὁ
1501 2224 1604 2295 μὲν
1621 2226 1709 2294 με’-

19 2310 21 2317 ’
59 2323 216 2363 ιστον
251 2311 455 2379 τίμημα
490 2311 634 2378 ἔχων
667 2309 944 2380 τεττάρων
977 2314 1153 2379 μνῶν,
1192 2304 1222 2363 ὃ
1251 2305 1311 2364 δὲ
1338 2305 1400 2362 τὸ
1439 2305 1707 2375 δεύτερον
1739 2324 1771 2364 Ε

113 2394 212 2458 (ὅν,
239 2385 271 2443 ὁ
290 2386 353 2465 δὲ
369 2392 550 2458 τρίτος
569 2391 725 2445 δυεῖν
740 2399 927 2461 μναῖν,
945 2395 1091 2460 μνᾶς
1110 2386 1171 2450 δὲ
1187 2385 1217 2444 ὁ
1236 2389 1507 2458 τέταρτος.
1527 2383 1627 2442 ἐὰν
1646 2387 1710 2442 δέ

58 2468 312 2542 ηὸτιρον
330 2475 598 2541 φαίνηταί
621 2492 675 2527 τι
701 2468 852 2541 παρὰ
880 2469 949 2526 τὰ
979 2471 1331 2541 γεγραμμένα
1359 2471 1708 2540 κεκτημένος,

99 2547 297 2620 μόσιον
312 2554 414 2623 μὲν
429 2553 643 2612 ἔστωτὰ
655 2559 911 2610 τοιοῦτον
929 2571 1098 2622 απαν,
1109 2550 1250 2622 πρὸς
1266 2550 1447 2624 τούτω
1466 2553 1527 2605 δὲ
1547 2553 1724 2619 δίκην·

21 2628 270 2702 ιὺπεχέτω
294 2641 373 2706 τᾷ
399 2640 722 2711 βουλομένῳ
746 2637 989 2709 μετιέναι
1017 2634 1091 2706 μὴ
1120 2632 1300 2705 καλὴν
1325 2606 1455 2704 μηδ’
1490 2629 1709 2688 εὐιόνυ-

154 2710 276 2769 άλλ’
296 2717 542 2789 αἰσχράν,
562 2718 661 2777 ἐὰν
676 2716 963 2790 ἁλίσκηται
982 2717 1072 2774 δια
1084 2715 1145 2773 τὸ
1166 2720 1362 2787 κέρδος
1381 2737 1494 2771 των
1515 2714 1707 2784 νόμων

100 2802 419 2864 ῐᾱφθθνόν·
460 2802 903 2872 αἰσχροκερδείας
934 2793 1042 2856 οὖν
1077 2797 1251 2855 αὐτὸν
1290 2796 1647 2868 γραψάμενος
1675 2789 1704 2847 ὁ
