1976 3172
277 166 378 218 128
891 163 1364 252 HAATRNOZ
1405 125 1419 139 x

275 293 325 356 οἷ
349 302 486 368 ξένε,
508 295 794 368 διατριβὴν
825 301 992 352 πλείω
1022 302 1116 367 τῆς
1133 295 1440 367 μελλήσεως
1460 294 1766 366 ποιώμεθα,
1786 297 1874 351 ἐπὶ
1891 296 1952 352 δὲ

273 380 562 451 τὸνλόγον
581 380 975 449 ἐπανέλθωμεν
994 379 1086 433 καὶ
1102 376 1197 433 ἀπ’
1221 382 1448 434 ἐκείνων
1466 375 1781 448 ἀρχώμεθα,
1801 384 1856 433 εἴ
1865 393 1954 433 σοι

274 470 462 537 φίλον,
485 456 568 519 αἷν
588 459 691 533 οὐχ
712 461 783 527 ὡς
799 459 1285 532 προοιμιαζόμενος
1305 458 1450 525 εἶπες
1465 458 1603 516 τότε.
1640 459 1807 515 πάλιν
1827 453 1951 530 οὖν,

213 568 246 608 Ε
276 542 398 603 οἷόν
417 561 591 617 φασιν
625 548 682 600 οἱ
713 547 1009 612 παίζοντες,
1043 540 1355 613 ἀμεινόνων
1391 545 1445 608 ἐξ
1479 541 1648 613 ἀρχῆς
1677 542 1954 610 δευτέρων

271 625 801 699 ἐπαναπολήσωμεν,
823 622 896 690 ὦς
913 622 1361 695 προοίμιον,οἰλλ’
1394 621 1462 679 οὐ
1480 622 1580 679 τὸν
1599 622 1834 693 τυχόντα
1858 620 1954 676 λό-

269 731 378 781 γον
398 711 770 777 περαίνοντες,
783 705 1085 775 woefflin-2²9²
1061 726 1212 775 αρτι·
1233 705 1490 777 λαβωμεν
1509 703 1553 759 δ’
1575 702 1762 759 αὐτων
1779 699 1954 773 αρχὴν

204 852 209 858 ,
271 789 673 861 ὁμολογοῦντες
685 788 1150 858 προοιμιάζεσθαι.
1175 789 1265 842 καὶ
1283 785 1348 841 τὰ
1369 787 1472 857 μὲν
1490 786 1613 855 περὶ
1626 790 1782 839 θεων
1797 787 1955 853 τιμῆς

272 871 572 943 προγόνων
588 890 646 924 τε
665 874 966 936 θεραπείας
982 868 1159 922 καὶτὰ
1177 875 1285 923 νῦν
1306 867 1372 938 δὴ
1394 867 1701 937 λεχθέντα““
1678 864 1856 921 ικανά
1887 883 1957 918 τα

274 950 329 1007 δ’
351 954 472 1023 ἑξῆς
497 949 820 1020 πειρώμεθα
838 952 1034 1017 λέγειν,
1054 951 1312 1018 μέχριπερ
1329 969 1402 1002 αν
1419 962 1509 1002 σοι
1538 953 1651 1002 πᾶν
1677 945 1738 1002 τὸ
1761 949 1955 1017 προοί-

273 1055 404 1105 μιον
424 1036 628 1096 ἱκανῶς
648 1034 905 1101 εἰρῆσθαι
924 1032 1087 1100 δοκῇ·
1117 1049 1252 1099 μετα
1285 1028 1345 1083 δὲ
1362 1031 1528 1082 τοῦτο
1556 1026 1663 1097 ἤδη
1695 1025 1827 1092 τούς
1851 1024 1976 1095 νά·-

274 1136 413 1185 μους
431 1110 636 1176 αὐτοὺς
655 1113 815 1176 διέξει
833 1110 1027 1179 λέγων.

159 1216 244 1262 724
424 1201 538 1250 ΑΘ.
581 1191 812 1249 Οὐκοῦν
829 1192 953 1290 περὶ
971 1196 1124 1246 θεῶν
1143 1192 1244 1260 μὲν
1270 1190 1360 1245 καὶ
1383 1209 1498 1243 των
1517 1208 1653 1258 μετα
1671 1184 1844 1251 θεοὺς
1865 1188 1957 1242 καὶ

271 1279 487 1348 γονέων
516 1274 740 1341 ζώντων
761 1293 823 1328 τε
849 1273 974 1340 πέρι
1009 1272 1101 1327 καὶ
1128 1269 1575 1340 τελευτησαντων
1603 1267 1726 1323 τότε
1753 1254 1957 1332 ίκανως

271 1355 774 1431 προοιμιασαμεθα,
804 1376 878 1419 ως
905 1375 1015 1408 νυν
1041 1350 1395 1422 λέγομεν·τό
1432 1347 1483 1404 δ’
1517 1347 1957 1420 απολειπόμενον

272 1444 351 1495 ἔτι
367 1444 470 1495 τοῦ
489 1436 749 1494 τοιούτου
770 1438 955 1505 φαίνει
974 1454 1067 1503 μοι
1086 1429 1158 1487 σύ
1185 1430 1604 1487 διακελεύεσθαι
1619 1428 1686 1486 τὰ
1707 1436 1815 1485 νῦν
1834 1423 1956 1485 οἷον

273 1521 415 1591 πρὸς
433 1517 494 1575 τὸ
517 1524 637 1590 φῶς
654 1517 967 1586 ἐπαναγειν.

415 1607 533 1656 ΚΛ.
570 1598 903 1654 Πανταπασι
919 1599 1021 1667 μὲν
1042 1617 1160 1651 ουν.

416 1689 535 1738 ΑΘ.
568 1678 729 1737 Ἀλλα
750 1678 863 1751 μὴν
882 1699 1016 1750 μετα
1034 1699 1095 1748 γε
1124 1697 1190 1732 τα
1224 1681 1467 1747 τοιαῦτα,
1503 1673 1575 1741 ὥς
1602 1673 1702 1747 χρὴ
1737 1671 1803 1730 τὰ
1831 1676 1956 1746 περὶ

271 1764 369 1830 τὰς
389 1764 600 1820 ἑαυτῶν
620 1760 798 1832 ψυχὰς
815 1759 990 1816 καὶτὰ
1011 1760 1236 1830 σώματα
1263 1756 1470 1823 καὶτὰς
1491 1755 1681 1823 οὐσίας
1711 1760 1960 1828 σπουδῆς

208 1867 244 1910 Β
277 1868 335 1903 τε
368 1849 492 1917 πέρι
519 1846 610 1900 καὶ
642 1841 879 1907 ἀνέσεως
903 1849 1092 1912 ἰσχειν,
1115 1839 1400 1910 προσῆκόν
1424 1835 1476 1894 τ’
1508 1840 1620 1894 ἐστὶ
1647 1840 1740 1894 καὶ
1766 1837 1956 1894 κοινό-

274 1948 443 1984 τατον
464 1926 1022 2001 ἀναπεμπαζομένους
1039 1923 1139 1979 τόν
1168 1936 1227 1977 τε
1255 1925 1487 1992 λέγοντα
1516 1921 1608 1976 καὶ
1628 1917 1760 1984 τοὺς
1779 1917 1955 1974 ἀκού-

275 2032 440 2075 οντας
459 2013 705 2073 παιδείας
722 2014 1016 2078 γίγνεσθαι
1033 2026 1171 2062 κατα
1194 2003 1434 2074 δύναμιν
1452 2001 1784 2074 ἐπηβόλους·
1804 1997 1951 2055 ταῦτ’

275 2115 382 2148 ουν
400 2090 534 2164 ἡμῖν
553 2090 693 2148 αὐτα
713 2088 831 2162 μετ’
855 2093 1033 2146 ἐκεῖνα
1058 2088 1231 2153 ὅντως
1249 2089 1359 2144 ἐστὶ
1379 2088 1543 2159 ρητέα
1570 2105 1628 2140 τε
1658 2086 1750 2140 καὶ
1780 2082 1965 2140 duom·

274 2178 417 2229 στέα.
1960 2179 1962 2183 ’

413 2260 532 2310 ΚΛ.
564 2254 870 2324 Ὀρθότατα
895 2257 1080 2323 λέγεις.

1083 2559 1147 2609 Ε.

161 2683 245 2729 726
414 2665 450 2715 l.
489 2666 604 2716 ΑΘ.
639 2657 858 2715 Ἀκούοι
876 2655 942 2730 δὴ
969 2677 1073 2722 πας
1092 2654 1261 2725 ὅσπερ
1281 2659 1389 2711 νῦν
1408 2650 1475 2723 δὴ
1496 2648 1562 2707 τὰ
1583 2653 1706 2722 περὶ
1723 2654 1877 2705 θεων
1893 2663 1965 2703 τε

273 2741 444 2814 ἤκουε
464 2743 554 2797 καὶ
574 2762 687 2796 των
708 2745 886 2811 φίλων
915 2738 1311 2809 προπατόρων·
1349 2733 1574 2791 πάντων
1592 2732 1699 2804 γὰρ
1716 2751 1828 2787 των
1846 2726 1963 2784 αὑ·-

274 2847 375 2881 του
415 2825 707 2895 κτημάτων
743 2842 878 2893 μετα
913 2819 1085 2886 θεους
1111 2821 1256 2891 ψυχὴ
1276 2817 1583 2887 θειότατον,
1614 2811 1952 2871 οἰκειότατον
