1976 3172
250 84 353 137 896
866 80 1344 128 ΠΛΑΤῼΝΟΣ

189 238 223 278 E
251 223 516 275 διατελῶν
539 226 655 280 ταῖς
675 213 977 285 φοιτήσεσι,
989 212 1249 284 καθάπερ
1271 216 1326 270 οἱ
1342 220 1454 269 τῶν
1473 210 1724 284 ὀρνίθων
1745 218 1931 271 διαπο-

249 295 558 370 ρευόμενοι,
587 297 680 354 καὶ
698 293 913 351 τούτων
942 297 1000 350 οἱ
1022 296 1215 350 πολλοὶ
1232 291 1370 350 κατὰ
1391 294 1677 350 θάλατταν
1695 293 1934 367 ἀτεχνῶς

248 374 368 435 οἷον
397 378 690 450 πετόμενοι
717 382 1098 448 χρηματισμοῦ
1127 375 1291 446 χάριν
1321 376 1758 448 ἐμπορευόμενοι
1776 382 1934 442 ἔτους

250 458 369 534 ὥρᾳ
387 464 643 517 πέτονται
661 458 800 531 πρὸς
820 455 925 530 ιτοὶς
944 454 1112 522 ἄλλας
1139 456 1325 522 πόλεις
1338 481 1349 492 ·
1392 454 1461 514 ὃν
1479 454 1705 530 ἀγοραῖς
1727 460 1820 514 καὶ
1848 465 1934 514 λι-

248 545 371 612 μέσι
389 544 481 598 καὶ
502 546 784 614 δημοσίοις
803 537 1237 610 οἰκοδομήμασιν
1248 542 1349 604 ἔξω
1366 545 1460 610 τῆς
1479 537 1689 605 πόλεως
1708 538 1849 608 πρὸς
1868 545 1936 611 τῇ

250 625 409 680 πόλει
429 621 803 694 ὑποδέχεσθαι
821 619 923 692 χρὴ
945 619 1075 686 τούς
1108 622 1194 676 ἐπὶ
1222 620 1438 686 τούτοις
1453 620 1722 691 ἄρχοντας
1741 642 1935 691 τεταγ-

248 710 466 775 μένους,
490 703 870 773 φυλάττοντας
880 701 953 772 μὴ
969 706 1257 774 νεωτερίζῃ
1275 707 1354 767 τίς
1371 724 1423 758 τι
1440 709 1554 757 τῶν
1567 703 1836 758 τοιούτων
1855 705 1931 767 ξέ-

144 785 229 848 953
250 807 384 857 νων,
405 787 498 840 καὶ
517 788 671 848 δίκας
699 782 885 846 αὐτοῖς
913 779 1102 849 ὀρθῶς
1123 787 1500 854 διανέμοντας,
1520 783 1792 854 ἀναγκαῖα
1811 787 1926 853 μέν,

250 866 323 931 ῶς
344 862 589 935 ὀλίγιστα
610 861 659 918 δ’
684 865 1106 934 ἐπιχρωμένους.
1139 859 1168 916 ὁ
1191 863 1251 917 δὲ
1270 862 1546 933 δεύτερος,
1577 861 1816 934 ὄμμασιν
1836 861 1935 918 ὅν-

247 969 354 1013 τως
371 943 589 1015 θεωρός
609 943 714 1000 ὅσα
742 966 799 1000 τε
827 949 1055 1015 μουσῶν
1086 940 1221 1000 ῶσὶν
1249 947 1425 1015 ἔχεται
1455 943 1816 1015 θεωρήματα·
1858 949 1934 1018 τῷ

252 1029 319 1099 δὴ
339 1026 574 1101 τοιούτῳ
600 1027 765 1082 παντὶ
782 1024 885 1097 χρὴ
906 1025 1232 1091 καταλύσεις
1261 1026 1399 1096 πρὸς
1417 1028 1583 1096 ἱεροῖς
1613 1023 1754 1082 εἶναι
1773 1030 1931 1096 φιλο-

251 1114 452 1176 ξενίαις
470 1108 796 1178 ἀνθρῶπων
814 1110 1354 1180 παρεσκευασμένας,
1370 1107 1473 1179 χρὴ
1496 1108 1557 1164 δὲ
1574 1108 1666 1163 καὶ
1681 1112 1796 1162 τῶν
1820 1127 1935 1162 τοι-

251 1192 436 1248 ούτων
454 1194 630 1263 ἱερέας
647 1211 706 1246 τε
724 1190 817 1246 καὶ
827 1189 1143 1262 νεωκόρους
1162 1192 1540 1261 ἐπιμελεῖσθαι
1556 1191 1649 1245 καὶ
1667 1194 1936 1261 τημελεῖν,

254 1275 356 1339 ἕως
386 1270 459 1329 ἀν
486 1271 586 1328 τόν
613 1272 840 1344 μέτριον
867 1276 1242 1343 ἐπιμείναντες
1268 1271 1492 1342 χρόνον,
1524 1270 1736 1336 ἰδόντες
1761 1291 1820 1326 τε
1847 1271 1939 1325 καὶ

197 1370 229 1409 Β
256 1353 596 1418 ἀκούσαντες
627 1345 708 1408 ῶν
732 1351 896 1424 χάριν
923 1351 1209 1423 ἀφίκοντο,
1239 1349 1496 1424 ἀβλαβεῖς
1522 1358 1625 1407 τοῦ
1653 1354 1859 1420 δρᾶσαί
1879 1344 1944 1405 τε

250 1437 343 1493 καὶ
360 1444 565 1491 παθεῖν
586 1432 1054 1489 ἀπαλλάττωνται.
1078 1431 1337 1497 δικαστὰς
1357 1431 1408 1488 δ’
1433 1431 1620 1497 αὐτοῖς
1640 1431 1781 1488 εἶναι
1805 1429 1938 1494 τοὺς

251 1521 446 1591 ἱερέας,
478 1516 577 1573 ε’ἂν
606 1515 770 1586 ἀδικῇ
803 1537 884 1581 τις
904 1513 1091 1572 αὐτῶν
1119 1514 1244 1571 τινὰ
1269 1513 1307 1585 ἤ
1334 1512 1440 1569 τιν’
1472 1513 1645 1570 ἄλλον
1664 1509 1826 1586 ἀδικῇ
1857 1533 1938 1577 τις

249 1600 467 1656 τούτων
486 1596 591 1653 ὅσα
609 1595 763 1660 ἐντὸς
782 1599 1040 1667 δραχμῶν
1057 1595 1429 1667 πεντήκοντα·
1466 1594 1568 1651 ἐὰν
1586 1595 1651 1651 δέ
1673 1617 1726 1650 τι
1754 1597 1937 1666 μεῖζον

249 1687 492 1752 ἔγκλημα
514 1677 700 1742 αὐτοῖς
716 1681 984 1748 γίγνηται,
1008 1676 1146 1750 πρὸς
1164 1687 1277 1743 τοῖς
1306 1674 1838 1748 ἀγορανόμοις-εἶναι
1857 1678 1945 1731 δεῖ

250 1767 406 1827 δίκας
423 1771 536 1826 τοῖς
554 1758 842 1824 τοιούτοις.
863 1763 1048 1829 τρίτον
1068 1761 1128 1815 δὲ
1146 1762 1307 1826 ξένον
1325 1756 1700 1830 ὑποδέχεσθαι
1711 1755 1814 1828 χρὴ
1838 1760 1937 1828 δη-

249 1846 414 1916 μοσία
433 1839 534 1898 τὸν
552 1841 692 1898 κατά
703 1861 755 1896 τι
774 1840 1041 1912 δημόσιον
1061 1843 1115 1907 ἐξ,
1133 1839 1302 1913 α’λλης
1319 1839 1502 1913 χώρας
1519 1838 1846 1912 ἀφιγμένον·
1869 1834 1936 1892 ὃν

248 1932 571 1995 στρατηγοῖς
600 1943 659 1978 τε
689 1923 781 1978 καὶ
810 1922 1102 1993 ἱππάρχοις
1137 1922 1231 1978 καὶ
1257 1921 1564 1992 ταξιάρχοις
1600 1919 1935 1976 ὑποδεκτέον

186 2020 216 2061 c
251 2006 365 2060 ἐστὶ
399 2003 608 2075 μόνοις,
645 2003 749 2074 τήν
780 2001 833 2058 τ’
859 2006 1172 2075 ἐπιμέλειαν
1198 2009 1311 2060 τῶν
1348 2002 1620 2059 τοιούτων
1655 2023 1791 2074 μετα
1822 2006 1936 2056 τῶν

248 2085 580 2156 πρυτάνεων
602 2087 862 2157 ποιητέον
878 2087 1088 2161 ἐκείνω,
1111 2082 1247 2154 παρ’·
1277 2082 1388 2160 ὄτω
1415 2106 1498 2150 τις
1525 2107 1598 2141 αν
1628 2081 1816 2140 αὐτῶν
1832 2103 1936 2153 την

247 2166 550 2228 κατάλυσιν
570 2169 831 2232 ξενωθεὶς
849 2167 1140 2239 ποιήσηται
1151 2166 1323 2242 μόνῳ.
1344 2168 1601 2236 τέταρτος
1620 2164 1749 2237 δέ,”
1712 2187 1784 2221 αν
1802 2164 1937 2220 ποτέ

246 2269 329 2313 τις
359 2245 637 2318 ἀφίκηται,
667 2248 901 2314 σπάνιος
928 2253 1048 2321 μέν,
1082 2246 1154 2305 ἀν
1185 2248 1238 2305 δ’
1269 2243 1377 2306 οὖν
1395 2251 1531 2306 ποτέ
1554 2269 1634 2314 τις
1665 2252 1804 2319 ἔλθῃ
1822 2252 1935 2302 τῶν

247 2326 382 2396 παρ’
402 2326 537 2400 ἡμῖν
554 2335 791 2398 θεωρῶν
811 2328 1180 2401 ἀντίστροφος
1207 2333 1261 2396 ἐξ
1290 2330 1459 2400 ἄλλης
1485 2330 1683 2399 χώρας,
1711 2333 1936 2397 πρῶτον

244 2409 347 2479 μὲν
366 2412 594 2465 ἔλαττον
613 2411 757 2466 ἐτῶν
774 2410 950 2481 μηδὲν
967 2409 1310 2485 πεντήκοντα
1338 2406 1583 2479 γεγονώς
1608 2413 1764 2478 ἔστω,
1794 2405 1935 2478 πρὸς

244 2489 423 2564 τούτῳ
449 2489 508 2547 δὲ
525 2488 695 2557 ἀξιῶν
711 2512 763 2547 τι
792 2488 968 2547 καλὸν
992 2493 1131 2547 ἰδεῖν
1155 2495 1269 2546 τῶν
1297 2492 1358 2546 έν
1384 2500 1500 2555 ταῖς
1527 2489 1718 2554 ἄλλαις
1743 2488 1934 2545 πόλεσι

246 2576 514 2646 διαφέρον
542 2576 613 2635 ἐν,
637 2579 929 2639 καλλοναῖς
951 2571 990 2646 ἦ
1015 2575 1108 2630 καὶ
1138 2576 1312 2640 δεῖξαί
1339 2594 1392 2629 τι
1421 2571 1561 2630 κατὰ
1597 2569 1769 2628 ταύτὰ
1796 2569 1934 2643 ἄλλῃ

180 2672 216 2712 D
244 2655 421 2713 πόλει.
454 2663 550 2713 ἰτω
569 2655 671 2729 μὲν
686 2662 798 2713 νῦν
814 2662 922 2721 πᾶς
939 2652 1266 2721 ἀκέλευστος
1284 2653 1314 2711 ὁ
1334 2661 1585 2719 τοιοῦτος
1602 2655 1690 2710 ἐπὶ
1707 2649 1802 2717 τὰς
1819 2657 1934 2707 τῶν

250 2738 534 2795 πλουσίων
563 2741 654 2795 καὶ
685 2745 880 2811 σοφῶν
908 2738 1107 2811 θύρας,
1138 2743 1387 2803 τοιοῦτος
1416 2739 1600 2808 ἕτερος
1628 2732 1794 2799 αὐτὸς
1825 2731 1931 2788 ὤν’
