1976 3172
268 101 375 155 370
892 96 1366 146 ΠΛΑΤΩΝΟΣ

267 226 330 305 ἧς
350 237 463 289 οἵδε
483 235 540 288 oc
555 231 718 302 νόμοι
737 235 973 299 ἔσονται,
994 227 1308 299 ἀναγκαίως
1325 233 1432 301 ἔχει
1461 236 1536 297 εἰς
1565 230 1740 303 ἄλλην
1766 224 1955 304 χώραν

151 330 238 374 929
267 319 628 382 ἐξοικίζεσθαι
656 312 757 368 τὸν
786 310 1063 382 ἀπάτορα·
1102 310 1242 382 πρὸς
1270 310 1378 381 γὰρ
1408 324 1521 378 τοῖς
1550 314 1954 384 τετταράκοντα

264 399 356 453 καὶ
389 399 846 466 πεντακισχιλίοις
874 400 1046 458 οἴκοις
1073 391 1178 448 οὐκ
1212 397 1361 449 ἔστιν
1386 395 1486 450 ἕνα
1515 398 1951 472 προσγενέσθαι·

266 479 350 535 διὸ
373 477 440 550 δὴ
461 480 544 534 δεῖ
559 478 660 532 τὸν
677 479 851 531 ταῦτα
869 475 1204 546 πεισόμενον
1223 476 1285 530 ἐν
1303 478 1428 548 δίκῃ
1448 474 1522 547 μὴ
1554 473 1662 531 ὑπὸ
1691 473 1816 541 ἑνὸς
1844 496 1955 532 πα-

263 561 410 632 τρός,
440 555 546 614 ὑπὸ
571 557 630 614 δὲ
660 563 763 612 τοῦ
791 557 990 626 γένους
1013 554 1405 628 ἀπορρηθῆναι
1431 556 1651 622 παντός.
1693 568 1870 613 ποιεῖν
1893 557 1954 614 δὲ

264 639 365 712 χρὴ
386 645 501 696 τῶν
519 638 790 695 τοιούτων
817 641 942 709 πέρι
969 636 1108 694 κατὰ
1142 637 1320 710 νόμον
1350 638 1567 694 τοιόνδε
1596 638 1746 694 τινά·
1786 636 1854 694 ὃν
1881 635 1956 695 ἂν

263 723 449 793 θυμὸς
483 724 609 793 ἐπίῃ
645 723 909 791 μηδαμῶς
938 718 1186 792 εὐτυχής,
1214 719 1315 776 εἴτ’
1337 714 1445 776 οὖν
1476 722 1539 776 ἐν
1568 724 1694 792 δίκῃ
1723 728 1830 776 εἴτε
1861 723 1954 775 καὶ

264 808 355 874 μή,
377 801 444 858 ὃν
463 803 616 856 ἔτεκέ
638 821 697 855 τε
720 801 812 855 καὶ
847 803 1200 871 ἐξεθρέψατο,
1229 809 1432 858 τοῦτον
1459 805 1755 873 ἐπιθυμεῖν
1775 798 1957 856 ἀπαλ-

264 883 422 949 λάξαι
457 888 553 953 τῆς
589 879 767 936 αὑτοῦ
793 885 1126 951 ξυγγενείας,
1165 881 1238 952 μὴ
1279 883 1510 951 φαύλως
1545 882 1722 947 οὕτως
1757 884 1954 948 ἐξέστω

201 980 234 1019 Β
265 963 394 1037 μηδ’
417 962 594 1029 εὐθὺς
611 969 778 1019 τοῦτο
801 966 961 1036 δρᾷν,
982 969 1205 1032 πρῶτον
1223 962 1284 1018 δὲ
1299 960 1610 1029 συλλεξάτω
1628 961 1759 1027 τούς
1780 961 1953 1018 αὑτοῦ

265 1052 544 1118 ξυγγενεῖς
565 1047 722 1117 μέχρι
739 1042 989 1113 ἀνεψιῶν
1006 1043 1239 1110 καὶτοὺς
1257 1049 1359 1101 τοῦ
1375 1047 1523 1110 υἱέος
1542 1042 1806 1109 ὡσαύτως
1823 1043 1956 1110 τοὺς

264 1128 405 1200 πρὸς
441 1126 663 1199 μητρός,
702 1131 1071 1199 κατηγορείτω
1107 1126 1168 1183 δὲ
1198 1129 1261 1182 ἐν
1294 1127 1508 1192 τούτοις
1545 1125 1842 1197 διδάσκων,
1882 1125 1956 1191 ὡς

265 1212 415 1278 ἄξιος
434 1209 642 1281 ἅπασιν
660 1211 722 1267 ἐκ
740 1216 844 1267 τοῦ
860 1212 1060 1280 γένους
1077 1213 1500 1282 ἐκκεκηρῦχθαι,
1522 1209 1668 1266 δότω
1689 1208 1748 1266 δὲ
1767 1211 1954 1282 καὶτῷ

264 1296 376 1349 υἱεῖ
399 1292 602 1362 λόγους
622 1291 753 1357 τούς
784 1299 958 1363 ἴσους,
988 1291 1062 1357 ὣς
1091 1293 1194 1348 οὐκ
1225 1291 1374 1359 ἄξιός
1400 1295 1516 1349 ἐστι
1543 1291 1761 1348 τούτων
1786 1289 1955 1347 οὐδὲν

265 1375 523 1445 πάσχειν·
546 1374 636 1429 καὶ
655 1372 756 1428 ἐὰν
772 1373 874 1444 μὲν
893 1380 1063 1475 πείθῃ
1081 1372 1111 1428 ὁ
1131 1372 1311 1445 πατὴρ
1333 1375 1425 1429 καὶ
1448 1374 1790 1444 συμψήφους
1809 1372 1954 1444 λάβῃ

264 1455 494 1511 πάντων
511 1475 625 1509 των
642 1451 928 1557 ξυγγενων
958 1452 1097 1525 ὑπερ
1128 1453 1315 1525 ἥμισυ,
1346 1453 1493 1526 πλὴν
1521 1453 1729 1524 πατρὸς
1750 1458 1953 1525 διαψη-

266 1539 578 1619 φιζομένων
595 1537 687 1590 καὶ
705 1535 910 1605 μητρὸς
932 1537 1022 1590 καὶ
1049 1541 1150 1590 τοῦ
1180 1536 1488 1606 φεύγοντος
1516 1543 1628 1590 των
1656 1555 1719 1604 γε
1747 1534 1953 1605 αλλων,

208 1629 239 1672 C
269 1615 572 1684 ὁπόσοιπερ
603 1611 674 1670 ἂν
706 1611 810 1671 ωσι
844 1622 1130 1686 γυναικῶν
1160 1624 1268 1672 εἴτε
1296 1613 1521 1688 ἀνδρων
1547 1618 1762 1687 τέλειοι,
1780 1615 1954 1688 ταύτῃ

264 1699 368 1771 μὲν
384 1701 476 1756 καὶ
495 1700 633 1755 κατὰ
652 1704 824 1755 ταῦτα
845 1700 1039 1766 ἐξέστω
1059 1706 1135 1776 τῷ
1155 1705 1320 1773 πατρὶ
1347 1700 1449 1758 τὸν
1477 1701 1605 1758 υίόν
1633 1699 1953 1774 ἀποκηρύτ-

263 1804 397 1852 τειν,
431 1781 611 1846 ἄλλως
640 1784 699 1838 δὲ
726 1785 1007 1854 μηδαμῶς.
1044 1782 1145 1839 τὸν
1169 1782 1221 1840 δ’
1259 1783 1721 1856 ἀποκηρυχθέντα
1746 1783 1845 1841 ἐάν
1872 1806 1953 1850 τις

263 1871 377 1920 τῶν
400 1869 642 1920 πολιτῶν
661 1862 790 1920 υἱὸν
807 1864 1077 1937 βούληται
1102 1868 1330 1936 θέσθαι,
1350 1868 1540 1938 μηδεὶς
1567 1865 1738 1937 νόμος
1759 1864 1952 1938 ἄπειρ-

263 1949 403 2015 γέτω
424 1953 707 2002 ποιεῖσθαι
723 1967 734 1978 ·
772 1945 841 2002 τὰ
860 1945 968 2017 γάρ
988 1955 1102 2004 τῶν
1120 1950 1266 2004 νέων
1281 1947 1398 2020 ἤθη
1418 1948 1626 2013 πολλὰς
1644 1946 1953 2020 μεταβολὰς

262 2031 324 2084 ἐν
361 2034 439 2102 τῷ
476 2032 579 2102 βίῳ
617 2028 981 2101 μεταβάλλειν
1025 2029 1282 2086 ἑκάστοτε
1329 2032 1603 2101 πέφυκεν·
1664 2028 1952 2101 ἀποκηρυ-

263 2112 468 2179 χθέντα
499 2109 558 2166 δὲ
596 2109 669 2166 ἄν
704 2133 785 2176 τις
822 2114 954 2168 δέκα
985 2115 1126 2183 ἐτοῖν
1148 2112 1222 2184 μὴ
1257 2112 1580 2184 ἐπιθυμήσῃ
1614 2110 1787 2168 θετὸν
1823 2109 1951 2166 υίόν

196 2202 233 2243 D
266 2192 623 2263 ποιήσασθαι,
644 2215 775 2259 τους
802 2216 915 2250 των
945 2195 1220 2265 ἐπιγόνων
1247 2193 1575 2266 ἐπιμελητάς
1605 2199 1718 2250 τῶν
1750 2197 1824 2258 εἰς
1849 2190 1950 2263 τὴν

267 2273 527 2329 ἀποικίαν
561 2275 936 2344 ἐπιμελεῖσθαι
972 2278 1064 2332 καὶ
1099 2277 1331 2348 τούτων,
1364 2275 1513 2340 ὅπως
1541 2297 1614 2331 αν
1643 2275 1949 2345 μετάσχωσι

267 2361 361 2425 τῆς
380 2351 552 2423 αὐτης
571 2351 826 2420 ἀποικίας
845 2360 1101 2427 ἐμμελως.
1141 2356 1241 2411 ἐαν
1266 2360 1330 2411 δέ
1344 2362 1423 2420 τίς
1443 2378 1567 2410 τινα
1585 2355 1751 2418 νόσος
1778 2351 1817 2424 ἠ
1843 2359 1948 2424 γῆ-

268 2459 367 2506 ρας
385 2432 422 2506 ἢ
448 2437 542 2491 καὶ
563 2436 786 2506 τρόπων
813 2438 1116 2508 χαλεπότης
1141 2434 1178 2507 η’
1207 2439 1300 2492 καὶ
1329 2437 1619 2506 ξύμπαντα
1651 2440 1826 2490 ταῦτα
1855 2439 1947 2489 ἔκ·-

267 2540 451 2591 φρονα
482 2516 846 2590 ἀπεργάζηται
872 2519 1246 2591 διαφερόντως
1275 2526 1388 2574 τῶν
1420 2525 1660 2589 πολλῶν,
1690 2518 1780 2572 καὶ
1810 2523 1947 2573 λαν-

265 2602 421 2673 θάνῃ
438 2599 569 2666 τούς
582 2599 785 2667 ἄλλους
804 2600 951 2673 πλὴν
968 2607 1083 2658 ταῖν
1101 2599 1602 2671 συνδιαιτωμένων,
1626 2603 1945 2670 οἰκοφθορῇ

267 2686 326 2742 δὲ
348 2682 421 2749 ὥς
441 2679 522 2759 (ὃν
540 2690 652 2740 τῶν
675 2682 848 2740 αὑτοῦ
867 2685 1078 2758 κύριος,
1104 2683 1134 2741 ὁ
1157 2687 1216 2741 δὲ
1235 2683 1354 2750 υίὸς
1373 2683 1556 2757 ἀπορῇ
1567 2686 1664 2740 ’καὶ
1684 2681 1826 2756 ὀκνῇ
1842 2679 1947 2752 τὴν

265 2774 362 2839 τῆς
400 2773 705 2837 παρανοίας
742 2767 1063 2839 γράφεσθαι
1108 2771 1292 2840 δίκην,
1332 2769 1502 2839 νόμος
1538 2765 1691 2841 αὐτῷ
1715 2772 1942 2832 κείσθω,
