1976 3172
681 54 732 102 N
745 52 927 102 ΟΜΩ.
942 54 993 102 Ν
1027 43 1107 101 ια’.
1619 50 1726 104 359

34 190 367 263 μοφύλακας
394 187 531 260 μετὰ
559 191 675 244 τῶν
703 188 979 259 ἐμπείρων
1009 185 1240 257 ἑκάστης
1275 193 1592 260 καπηλείας,
1623 208 1726 244 κα-

37 272 223 344 θάπερ
234 276 555 344 ἔμπροσθεν
565 267 899 340 ἐπετάξαμεν
915 272 1012 338 τῆς
1030 270 1344 339 κιβδηλείας
1362 270 1504 341 πέρι,
1523 273 1724 341 ξυγγεέ-
1752 280 1783 324 c

39 359 174 419 νοῦς
199 352 381 426 τούτῳ
417 348 754 423 πράγματος,
781 347 1167 427 συνελθόντας
1195 347 1257 406 δὲ
1286 353 1426 408 ἰδεῖν
1448 351 1636 424 λῆμμά
1671 372 1731 409 τε

38 440 131 494 καὶ
150 433 416 507 ἀνάλωμα
435 440 493 491 τί
505 454 640 492 ποτε
658 437 739 507 τῷ
755 428 984 505 καπήλῳ
1012 434 1209 502 κέρδος
1235 445 1383 491 ποιεῖ
1397 432 1460 491 τὸ
1486 437 1728 507 μέτριον,

36 517 356 588 γράψαντας
367 517 428 575 δὲ
435 524 624 575 θεῖναι
633 513 696 573 τὸ
706 512 1044 586 γιγνόμενον
1053 511 1326 585 ἀνάλωμα
1337 517 1430 572 καὶ
1442 521 1629 589 λῆμμα
1639 518 1733 573 καὶ

39 598 359 670 φυλάττειν,
378 595 446 655 τά
464 595 568 669 μὲν
585 594 993 668 ἀγορανόμους,
1012 593 1080 652 τά
1101 594 1161 652 δὲ
1178 592 1549 666 ἀστυνόμους,
1578 596 1646 653 τὰ
1669 595 1729 654 δὲ

34 677 411 750 ἀγρονόμους·
431 678 525 735 καὶ
550 674 751 748 σχεδὸν
768 675 946 742 οὕτως
966 672 1039 733 ἀν
1063 682 1334 748 καπηλεία
1352 676 1420 737 τὰ
1446 677 1549 749 μὲν
1580 675 1730 751 ὤφε-
1804 690 1809 693 ’

35 765 125 816 λοῑ
140 758 425 831 ἑκάστους,
446 757 783 831 σμικρότατα
800 761 863 815 δὲ
880 754 954 815 ἀν
974 757 1212 831 βλάπτοι
1238 759 1370 826 τούς
1390 761 1451 816 ἐν
1478 771 1596 826 ταῖς
1622 759 1732 821 πό-

35 847 155 897 λεσι
170 843 507 913 χρωμένους.

176 925 236 976 V.
262 920 402 978 Ὅσα
436 943 518 987 τις
552 943 626 977 αν
661 918 954 993 ὁμολογῶν
986 924 1298 988 ξυνθέσθαι
1325 923 1399 994 μὴ
1430 930 1563 996 ποιῇ
1590 922 1730 982 κατὰ
1762 929 1797 983 Ι.)

0 1027 2 1056 r
37 1005 137 1069 τὰς
157 1002 471 1076 ὁμολογίας,
490 1001 639 1076 πλὴν
657 1025 741 1061 ων
758 1000 833 1060 ἀν
850 1002 1015 1076 νόμοι
1042 1002 1382 1076 ἀπείργωσιν
1408 1002 1446 1078 ἦ
1474 1006 1734 1078 ψήφισμα

41 1084 77 1156 ἦ
96 1107 247 1151 τινος
263 1082 375 1143 ὑπὸ
395 1083 597 1143 ἀδίκου
613 1087 871 1159 βιασθεὶς
891 1082 1139 1159 ἀνάγκης
1157 1084 1493 1159 ὁμολογήσῃ,
1523 1089 1615 1146 καὶ
1633 1087 1734 1144 ἐὰν

40 1163 150 1223 ὑπὸ
187 1167 356 1240 τύχης
384 1165 812 1240 ἀπροσδοκήτου
838 1190 919 1234 τις
946 1166 1101 1225 άκων
1127 1175 1382 1242 κωλυθῇ,
1414 1172 1568 1235 δίκας
1595 1167 1736 1226 εἶναι

40 1256 155 1307 τῶν
172 1249 360 1307 ἄλλων
378 1247 611 1318 ἀτελοῦς
627 1247 923 1322 ὁμολογίας
943 1252 1005 1307 ἐν
1023 1263 1141 1316 ταῖς
1160 1258 1510 1322 φυλετικαῖσι
1537 1255 1735 1323 δίκαις,
1794 1323 1802 1329 ἱ

37 1332 139 1391 έᾶν
159 1333 220 1389 έν
238 1336 535 1404 διαιτηταῖς
547 1327 584 1403 ἦ
600 1338 844 1403 γείτοσιν
865 1338 1188 1404 ἔμπροσθεν
1198 1333 1272 1406 μὴ
1288 1334 1569 1390 δύνωνται
1589 1337 1736 1392 διαλ-

37 1415 354 1471 λάττεσθαι.
367 1411 675 1485 Ἡφαίστου
695 1412 814 1470 καὶ’
806 1419 1044 1486 Αθηνᾶς
1064 1412 1219 1485 ἱερὸν
1247 1414 1310 1471 τὸ
1337 1437 1452 1471 των
1473 1419 1738 1489 δημιουρ-

39 1517 158 1565 γων
183 1499 362 1566 γένος,
382 1501 440 1552 οἳ
470 1494 572 1554 τᾶν
604 1501 731 1568 βίον
762 1493 895 1568 ἡμῖν
929 1495 1470 1568 ξυγκατεσκευάκασι
1505 1500 1737 1571 τέχναις,

25 1578 239 1647 ’Ἄρεως
256 1574 310 1632 δ’
331 1599 406 1633 αυ
384 1570 543 1634 nal'
533 1584 772 1651 Αθηνᾶς
796 1581 853 1634 οἱ
868 1576 936 1634 τὰ
954 1601 1068 1635 των
1088 1582 1450 1651 δημιουργων
1475 1580 1741 1647 σωζοντες
1764 1593 1798 1635 Ε

41 1663 320 1732 τέχναισιν
344 1660 554 1730 ἑτέραις
588 1659 947 1732 ἀμυντηρίοις
985 1666 1145 1732 ἔργα·
1191 1665 1418 1726 δικαίως
1453 1661 1515 1719 δὲ
1549 1665 1643 1719 καὶ
1676 1661 1739 1720 τὸ

43 1741 265 1799 τούτων
282 1745 445 1814 γένος
462 1742 617 1811 ἱερόν
633 1740 747 1801 ἐστι
763 1743 982 1800 τούτων
1001 1765 1117 1799 των
1136 1749 1306 1802 θεων.
1330 1737 1489 1801 οὗτοι
1505 1742 1572 1816 δὴ
1594 1744 1743 1801 πάν-

42 1844 132 1889 τες
155 1821 350 1895 χώραν
382 1826 475 1881 καὶ
502 1827 684 1896 δῆμον
709 1824 1126 1896 θεραπεύοντες
1154 1828 1522 1895 διατελοῦσιν,
1557 1829 1617 1882 οἱ
1640 1826 1743 1897 μὲν

43 1904 305 1976 ἄρχοντες
335 1913 451 1964 τῶν
486 1905 627 1964 κατά
662 1909 910 1981 πόλεμον
935 1906 1192 1979 ἀγώνων,
1224 1910 1282 1965 οἰ
1314 1907 1374 1964 δὲ
1402 1905 1662 1979 ὀργάνων
1682 1929 1741 1965 τε

43 1989 135 2045 καὶ
148 1991 333 2058 ἔργων
348 1986 752 2057 ἀποτελοῦντες
769 1994 989 2062 γένεσιν
1007 1994 1306 2061 ἔμμισθον·
1341 1985 1423 2054 οἷς
1441 1988 1509 2060 δὴ
1530 1990 1655 2059 περὶ
1674 1984 1742 2046 τά

42 2076 272 2126 τοιαῦτα
305 2067 377 2126 οὐ
412 2075 627 2142 πρέπον
655 2068 728 2129 ἀν
756 2080 840 2144 εἴη
870 2072 1201 2142 ψεύδεσθαι,
1230 2070 1406 2138 θεοὺς
1428 2071 1746 2143 προγόνους

47 2149 236 2208 αὐταῖν
256 2155 641 2224 αἰδουμένους.
679 2150 753 2211 ἀν
773 2155 843 2227 δή
860 2177 942 2221 τις
960 2159 1319 2228 δημιουργῶν
1339 2157 1417 2220 είς
1434 2152 1645 2225 χρόνον
1664 2158 1744 2210 εἰ·
1771 2164 1855 2211 921

45 2235 290 2304 ρημένον
307 2238 476 2305 ἔργον
505 2236 580 2308 μὴ
605 2234 910 2311 ἀποτελέσῃ
938 2235 1029 2295 διά
1059 2237 1258 2309 κάκην,
1286 2235 1463 2309 μηδὲν
1490 2235 1592 2293 τὸν
1620 2238 1745 2310 βιοέ-

45 2315 220 2385 δότην
245 2313 391 2371 θεὸν
418 2318 843 2388 ἐπαιδεσθείς,
812 2319 1125 2392 ηγούμενος
1148 2341 1223 2386 ως
1249 2323 1455 2376 οἰκεῖον
1484 2316 1745 2389 συγγνοί-

46 2415 192 2465 μονα
209 2393 352 2452 εἶναι
368 2397 530 2469 θεόν,
551 2398 719 2457 οὐδὲν
736 2421 813 2477 τω
844 2408 927 2476 νῷ
942 2404 1183 2475 βλέπων,
1203 2408 1432 2472 πρῶτον
1458 2404 1561 2473 μὲν
1582 2404 1743 2471 δίκην

48 2493 125 2529 τω
144 2482 262 2548 θεῷ
281 2474 489 2552 ὑφέξει,
503 2480 770 2552 δεύτερον
788 2484 848 2541 δὲ
864 2483 1133 2556 ἑπόμενος
1150 2481 1307 2558 αὐτοῦ
1324 2482 1498 2554 νόμος
1515 2486 1740 2539 κείσθω·

49 2554 154 2627 τὴν
171 2554 339 2629 τιμὴν
354 2567 468 2619 τῶν
483 2566 666 2636 ἔργων
686 2562 953 2637 ὀφειλέτω
974 2587 1055 2622 ων
1075 2588 1150 2622 αν
1168 2565 1269 2622 τὸν
1283 2563 1519 2620 ἐκδόντα
1539 2562 1743 2635 ψεύση-

50 2658 140 2692 ται
159 2639 249 2694 καὶ
270 2639 440 2699 πάλιν
456 2642 564 2710 ξ’
529 2652 698 2717 αρχῆς
713 2648 777 2704 ἐν
798 2653 879 2720 τῷ
907 2649 1139 2719 ῥηθέντι
1166 2643 1350 2717 χρόνω
1370 2656 1571 2716 προῖκα
1591 2647 1745 2714 ἐξερ-

51 2723 320 2790 γαζέσθω.
343 2725 436 2780 καὶ
452 2722 838 2804 ἀναιρουμένῳ
860 2725 911 2784 δ’
935 2733 1103 2801 ἔργον
1122 2726 1535 2801 ξυμβουλευτής
1553 2726 1742 2800 νόμος,
