1976 3172
726 156 1038 206 ΝΟΜΩΝ
1073 150 1143 206 θ’.
1678 155 1783 209 291

234 296 352 346 ΚΛ.
387 289 557 354 Εἰκὸς
575 295 736 359 γοῦν.

233 377 364 428 VIII.
400 378 520 428 ΛΘ.
554 370 756 442 Ἴωμεν
781 369 850 441 δὴ
886 370 953 425 τὰ
971 369 1108 440 μετὰ
1140 377 1316 438 ταῦτα
1344 373 1535 445 ἐκεῖσε,
1567 370 1784 431 ὁπόθεν

91 458 353 528 ἐξέβημεν
381 459 568 526 δεῦρο,
589 457 944 524 περαίνοντες
963 450 1065 523 τήν
1083 455 1248 509 θέσιν
1263 459 1379 510 τῶν
1397 454 1603 526 νόμων.
1633 450 1706 527 ἦν
1725 458 1786 512 δὲ

87 536 221 609 ἡμῖν
249 542 476 608 κείμενα
509 540 642 606 περί
661 554 722 590 τε
747 539 863 589 τῶν
892 534 1217 604 συλώντων,
1248 532 1416 605 οἶμαι,
1447 533 1580 599 τούς
1609 537 1785 603 θεοὺς
1814 555 1850 596 D

87 616 267 675 καὶτὰ
284 620 412 686 περὶ
438 622 555 673 τῶν
582 617 895 684 προδοτῶν,
924 618 1004 670 ἔτι
1032 614 1093 670 δὲ
1125 612 1259 680 τούς
1287 613 1496 685 νόμους
1522 618 1784 686 διαφθει-

89 699 311 766 ρόντων
341 700 430 754 ἐπὶ
464 696 766 753 καταλύσει
791 701 889 767 τῆς
917 695 1206 767 παρούσης
1235 702 1526 761 πολιτείας.
1564 696 1783 754 τούτων

85 780 157 850 δή
174 801 256 845 τις
273 801 347 834 αν
363 786 498 842 ἴσως
512 777 738 847 πράξειέ
750 798 803 832 τι
820 778 1010 848 μανεις
1027 773 1064 849 ἦ
1081 777 1273 842 νόσοις
1299 800 1334 848 η
1365 777 1512 850 γήρα
1541 775 1785 851 ὑπερμέ-

18 863 19 867 ’
85 882 201 935 τρω
220 859 587 931 ξυνεχόμενος
610 882 686 959 nr
623 855 860 932 ’“παιδία
877 858 1177 930 χρώμενος,
1206 856 1376 915 οὐδέν
1402 879 1491 915 πω
1522 866 1636 916 τῶν
1665 882 1783 917 τοι-

86 945 273 1001 ούτων
296 947 606 1044 διαφέρων·
640 934 722 998 ῶν
739 964 813 997 αν
844 946 1102 1012 γίγνηταί
1124 962 1178 996 τι
1207 939 1461 1013 φανερὸν
1490 953 1602 1008 τοῖς
1628 944 1783 999 ἐκλε-

83 1034 306 1096 χθεῖσιν
323 1026 583 1081 ἑκάστοτε
603 1027 900 1094 δικασταῖς,
932 1021 1316 1094 ἀναφέροντος
1341 1029 1444 1080 τοῦ
1472 1024 1784 1124 δράσαντος
1821 1071 1826 1096 .-

86 1104 122 1178 ἦ
142 1113 244 1163 τοῦ
262 1107 648 1178 σκηπτομένου
665 1103 805 1175 ὑπὲρ
826 1110 929 1160 τοῦ
957 1106 1310 1177 ποιήσαντος,
1339 1112 1516 1178 κριθῇ
1546 1101 1606 1163 δε
1633 1105 1781 1163 οὕτω

86 1191 360 1255 διατεθεὶς
377 1194 787 1260 παρανομῆσαι,
815 1186 920 1259 τὴν
939 1209 1042 1258 μεν
1068 1187 1301 1259 βλάβην,
1330 1185 1403 1259 ἢν
1431 1186 1505 1244 α’ν
1528 1202 1654 1244 τινα
1677 1210 1782 1246 κα-
1812 1202 1846 1242 Ε

82 1271 358 1343 ταβλάψῃ,
378 1270 600 1334 πάντως
618 1267 802 1339 ἁπλῆν
820 1267 1142 1340 ἀποτινέτω,
1155 1275 1270 1325 τῶν
1289 1269 1350 1326 δὲ
1368 1269 1555 1327 αλλων
1567 1274 1782 1327 δικαιω-

84 1353 278 1423 μάτων
295 1350 573 1422 ἀφείσθω,
597 1348 745 1421 πλὴν
763 1371 836 1404 αν
856 1370 965 1419 αρα
982 1348 1107 1404 τινὰ
1134 1348 1465 1418 ἀποκτείνας
1491 1352 1566 1424 μὴ
1596 1360 1780 1409 καθα-

83 1433 183 1501 ρὸς
210 1426 249 1506 ᾗ
278 1430 378 1498 τὰς
401 1443 586 1503 χεῖρας
620 1430 831 1501 φόνου·
871 1427 1020 1485 οὕτω
1057 1428 1111 1485 δ’
1150 1435 1228 1496 εἰς
1253 1430 1430 1502 ἀλλην
1461 1432 1651 1503 χώραν
1687 1436 1781 1490 καὶ

82 1515 261 1572 τόπον
278 1513 547 1571 ἀπελθὼν
566 1517 780 1571 οἰκείτω
802 1513 905 1569 τὸν
923 1510 1181 1568 ἐνιαυτὸν
1206 1514 1481 1620 ἐκδημῶν,
1505 1516 1782 1587 πρότερον

86 1599 147 1654 δὲ
166 1595 353 1653 ἐλθῶν
368 1602 473 1652 τοῦ
488 1595 716 1667 χρόνου,
736 1592 804 1651 ὃν
822 1591 853 1651 ὁ
871 1595 1044 1666 νόμος
1064 1611 1284 1667 ωρισεν,
1303 1592 1341 1668 ἦ
1360 1597 1453 1653 καὶ
1471 1597 1653 1670 πάσης
1669 1601 1779 1654 ἐπι-

83 1677 191 1752 βὰς
206 1684 305 1749 τῆς
322 1681 527 1742 οἰκείας
545 1675 744 1747 χώρας,
766 1677 829 1732 ἐν
848 1679 1094 1751 δημοσίω
1114 1680 1298 1750 δεσμῷ
1326 1675 1561 1745 δεθεὶς’
1532 1676 1641 1736 υπό
1665 1685 1780 1735 τῶν

81 1759 502 1831 νομοφυλάκων
533 1758 640 1815 δύο
671 1756 962 1824 ἐνιαυτούς
991 1757 1171 1825 οὕτως
1198 1757 1633 1817 ἀπαλλαττέσθω
1665 1766 1782 1818 τῶν

81 1845 318 1913 δεσμῶν.
369 1840 558 1911 φόνου
586 1840 675 1912 δή,
704 1840 965 1911 καθάπερ
1001 1839 1307 1913 ἠρξάμεθα,
1338 1842 1660 1915 πειρώμεθα
1688 1841 1777 1900 διὰ
1809 1853 1896 1900 865

0 1991 2 2006 ,
41 1961 55 1971 ·
78 1927 274 1989 τέλους
290 1920 496 1989 παντὸς
516 1926 700 1990 εἴδους
717 1926 843 1994 πέρι
863 1922 1084 1995 [φόνου]
1098 1932 1284 1982 θεῖναι
1299 1924 1431 1990 τούς
1449 1925 1675 1996 νόμους,
1687 1931 1781 1982 καὶ

0 2031 1 2037 ’
79 2013 306 2076 πρῶτον
322 2004 426 2078 μὲν
441 2004 509 2062 τὰ
528 2011 682 2078 βίαια
698 2008 792 2063 καὶ
809 2004 1047 2063 ἀκούσια
1064 2009 1329 2078 λέγωμεν.
1357 2015 1412 2063 εἴ
1423 2029 1504 2073 τις
1522 2005 1638 2063 ἐν’
1603 2013 1780 2077 αγῶνι

79 2092 173 2146 καὶ
201 2087 403 2153 αθλοις
437 2086 774 2159 δημοσίοις’
748 2088 920 2159 α’κων,
946 2095 1055 2144 εἴτε
1082 2094 1416 2160 παραχρῆμα
1453 2095 1561 2145 εἴτε
1587 2091 1681 2146 καὶ
1716 2091 1779 2146 ἐν

79 2169 336 2241 υστέροις
357 2168 579 2241 χρόνοις
597 2173 659 2227 ἐκ
686 2176 800 2239 τῶν
829 2176 1076 2242 πληγῶν,
1105 2168 1394 2227 ἀπέκτεινέ
1413 2192 1538 2226 τινα
1568 2176 1775 2243 φίλιον,

79 2249 118 2323 ἦ
136 2250 275 2309 κατὰ
295 2252 545 2325 πόλεμον
565 2250 829 2317 ὡσαύτως
848 2249 884 2324 ἢ
903 2250 1042 2309 κατὰ
1061 2255 1294 2325 μελέτην
1313 2250 1418 2325 τὴν
1437 2250 1578 2322 πρὸς
1605 2254 1776 2311 πόλε-

79 2356 209 2407 μον,
227 2333 638 2406 ποιουμένων”
599 2351 837 2408 ασκησιν
853 2341 967 2391 τῶν
986 2333 1293 2407 ἀρχόντων,
1315 2336 1496 2403 ψιλοῖς
1521 2335 1774 2408 σῶμασιν

76 2413 271 2489 ἦ·μετά
287 2438 460 2473 τινων
478 2414 670 2475 ὅπλων
688 2416 1160 2490 ἀπομιμουμένων
1174 2416 1276 2489 τὴν
1294 2417 1603 2491 πολεμικὴν
1627 2425 1775 2489 πρᾶ-
1810 2432 1841 2473 Β

81 2499 186 2567 ew,
204 2502 513 2571 καθαρθεὶς
530 2498 670 2557 κατὰ
688 2498 790 2558 τὸν
808 2502 869 2557 έκ
881 2506 1127 2573 Δελφῶν
1145 2502 1487 2573 κομισθέντα
1505 2506 1630 2572 περὶ
1649 2503 1769 2559 τού-

83 2599 199 2634 των
215 2579 394 2651 νόμον
410 2585 548 2639 ἔστω
566 2582 848 2655 καθαρός·
886 2588 1095 2655 ἰατρῶν
1124 2582 1184 2640 δὲ
1212 2587 1339 2655 πέρι
1362 2584 1608 2657 πάντων,
1640 2580 1712 2642 ἀν
1741 2583 1770 2640 ὁ
1828 2634 1835 2638 .

80 2661 536 2761 θεραπευόμενος
567 2663 669 2722 ὑπ’
709 2665 899 2723 αὐτῶν
943 2664 1199 2722 ἀκόντων
1236 2672 1485 2738 τελευτᾷ,
1521 2665 1774 2747 καθαρὸς

84 2749 224 2801 ἔστω
243 2746 379 2801 κατὰ
390 2745 588 2817 νόμον.
611 2748 711 2806 ἐὰν
730 2751 790 2806 δὲ
806 2746 1061 2819 αὐτόχειρ
1082 2744 1243 2843 μέν,’
1220 2744 1376 2803 ἄκων
1395 2746 1455 2803 δὲ
1474 2742 1774 2822 ἀποκτείνῃ

83 2849 163 2893 τις
193 2827 379 2898 ἕτερος
406 2828 614 2900 ἕτερον,
642 2836 750 2888 εῖτε
779 2836 858 2905 τῶ
889 2831 1093 2886 ἑαυτοῦ
1120 2829 1330 2901 σώματι
1360 2835 1506 2957 ψῗέῶ
1536 2838 1644 2888 εἴτε
1673 2831 1774 2905 ὀρ-
