1976 3172
203 122 308 176 154
568 172 570 175 ,
762 123 1245 172 ΠΛΑΤΩΝΟΣ

200 257 552 326 καλουμένην
569 253 642 310 ἄν
660 275 740 319 τις
758 260 1106 325 πανουργίαν
1124 252 1248 310 άντὶ
1277 261 1478 325 σοφίας
1487 253 1883 327 άπεργασάμε-

198 358 296 400 νος
315 334 503 406 λάθοι,
530 334 789 404 καθάπερ
807 339 1146 406 Αἰγυπτίους
1176 338 1268 391 καὶ
1297 341 1561 402 Φοίνικας
1583 339 1676 392 καὶ
1702 337 1880 394 πολλὰ
1951 379 1954 383 ·

195 418 355 487 ἕτερα
391 415 805 488 ἀπειργασμένα
831 417 965 487 γένη
1001 422 1113 472 νῦν
1141 419 1290 471 ἔστιν
1319 421 1458 472 ἰδεῖν
1493 415 1604 472 ὑπὸ
1640 421 1738 488 τῆς
1769 423 1883 473 τῶν
1920 454 1943 494 1³·

195 495 384 553 ἄλλων
413 497 862 570 ἐπιτηδευμάτων
887 499 979 553 καὶ
1009 497 1303 569 κτημάτων
1331 495 1745 569 ἀνελευθερίας,
1776 506 1885 555 εἴτε

193 600 275 643 τις
303 583 613 651 νομοθέτης
643 577 831 644 αὐτοῖς
868 584 1086 650 φαῦλος
1110 578 1183 634 ἄν
1204 579 1504 651 γενόμενος
1531 580 1881 650 ἐξειργάσατο

135 665 170 706 D
201 659 268 715 τὰ
287 667 518 717 τοιαῦτα
537 669 645 717 εἴτε
662 659 869 732 χαλεπὴ
888 659 1025 732 τύχη
1044 668 1439 730 προσπεσοῦσα
1468 668 1576 717 εἴτε
1603 663 1694 717 καὶ
1714 661 1884 731 φύσις
1931 667 1933 728 j

194 739 333 812 ἄλλη
370 763 452 806 τις
485 741 729 813 τοιαύτη.
776 743 871 797 καὶ
901 740 1026 811 γάρ,
1065 735 1111 797 ὦ
1133 744 1382 812 Μέγιλλέ
1410 763 1470 798 τε
1503 745 1596 798 καὶ
1634 748 1879 811 Κλεινία,
1928 799 1929 803 ,

194 821 334 892 μηδὲ
367 820 532 877 τοῦθ’
572 820 716 893 ἡμᾶς
749 824 1075 878 λανθανέτω
1103 825 1230 892 περὶ
1266 822 1471 894 τόπων,
1504 821 1579 888 ὡς
1608 821 1712 878 οὐκ
1746 825 1882 878 εἰσὶν
1930 819 1955 870 ¹,

194 902 356 957 ἄλλοι
374 903 519 966 τινὲς
539 906 896 972 διαφέροντες
913 901 1100 956 ἄλλων
1117 903 1305 958 τόπων
1324 903 1464 974 πρὸς
1480 903 1542 959 τὸ
1562 910 1770 976 γεννᾷν
1789 901 1882 959 ἄν·
1931 898 1967 970 ἶ,

193 981 464 1051 θρώπους
482 980 746 1054 ἀμείνους
773 983 866 1038 καὶ
884 987 1118 1052 χείρους,
1141 977 1223 1046 οἷς
1251 978 1608 1061 οὐκέναντία
1636 993 1884 1055 νομοθε-
1960 971 1976 1021 ¹,ss

194 1066 387 1134 τητέον
403 1085 414 1096 ·
448 1067 507 1119 οἰ
519 1066 623 1135 μέν
640 1067 704 1134 γέ
719 1083 831 1118 που
850 1063 942 1121 διὰ
959 1063 1248 1134 πνεύματα
1266 1075 1499 1120 παντοῖα
1518 1068 1610 1120 καὶ
1634 1065 1707 1120 δι’
1733 1065 1884 1136 είλή-
1933 1086 1936 1090 ·
1973 1120 1976 1135 ,

194 1162 308 1210 σεις
333 1143 632 1202 ἀλλόκοτοί
646 1142 696 1200 τ’
717 1145 821 1201 εἰσὶ
840 1147 932 1201 καὶ
951 1148 1182 1201 ἐναίσιοι
1200 1143 1407 1215 αὐτῶν,
1438 1150 1495 1202 οἰ
1510 1145 1570 1203 δὲ
1589 1144 1661 1202 δι’
1685 1145 1881 1215 ὕδατα,

196 1229 253 1281 οἱ
269 1225 329 1282 δὲ
348 1228 442 1304 καὶ
462 1226 553 1283 διὰ
571 1226 781 1298 ταύτην
804 1226 909 1299 τὴν
928 1229 989 1284 ἐκ
1006 1233 1104 1299 τῆς
1119 1233 1233 1299 γῆς’
1246 1227 1466 1300 τροφὴν
1482 1225 1881 1298 ἀναδιδοῦσαν,
1944 1229 1970 1287 ’ίῖ

132 1309 165 1349 Ε
195 1307 264 1364 οὐ
282 1308 462 1380 μόνον
478 1321 593 1375 τοῖς
620 1309 874 1382 σώμασιν
902 1308 1111 1381 άμείνω
1140 1312 1236 1385 καὶ
1259 1315 1442 1381 χείρω,
1462 1322 1579 1376 ταῖς
1607 1311 1667 1366 δὲ
1685 1320 1883 1380 ψυχαῖς

104 1458 107 1461 ,
194 1389 296 1463 οὐχ
315 1386 485 1463 ἧττον
505 1395 826 1463 δυναμένην
842 1391 1025 1450 πάντα
1041 1389 1110 1446 τὰ
1129 1397 1360 1447 τοιαῦτα
1376 1395 1620 1462 ἐμποιεῖν
1634 1390 1882 1446 *τούτων
1970 1389 1976 1456 j‘

195 1471 250 1528 δ’
287 1467 363 1528 αὖ
399 1473 627 1528 πάντων
660 1476 923 1543 μέγιστον
954 1475 1274 1544 διαφέροιεν
1296 1468 1370 1528 ἄν
1396 1472 1557 1528 τόπρι
1585 1473 1783 1544 χώρας,
1820 1475 1882 1526 ἐν

192 1549 274 1617 οἷς
292 1552 421 1608 θεία
448 1575 531 1618 τις
560 1556 815 1609 ἐπίπνοια
845 1555 937 1609 καὶ
965 1553 1258 1624 δαιμόνων
1280 1552 1456 1624 λήξεις
1478 1552 1604 1623 εἷεν,
1642 1573 1773 1617 τους
1799 1549 1884 1608 αἐὶ

191 1637 679 1718 κατοικιζομένους
696 1637 828 1708 ι’λεω
852 1633 1136 1704 δεχόμενοι
1157 1634 1249 1689 καὶ
1268 1631 1626 1690 τούναντίον·
1669 1629 1799 1699 οἷς’
1766 1655 1796 1688 ο
1794 1654 1882 1738 τγε
1961 1657 1966 1691 s

191 1721 340 1771 νοῦν
357 1710 498 1786 ἒχων
515 1720 826 1787 νομοθέτης
851 1715 1304 1787 ἐπισκεψάμενος,
1328 1712 1402 1780 ὥς
1428 1714 1740 1787 άνθρωπον
1759 1710 1880 1770 οἷόν

189 1794 240 1851 τ’
265 1799 377 1852 ἐστὶ
399 1809 630 1854 σκοπεῖν
646 1819 715 1853 τα
734 1803 979 1868 τοιαῦτα,
1002 1793 1150 1852 οὕτω
1170 1795 1396 1869 πειρωτ’
1418 1793 1491 1854 ὅὶν
1514 1800 1731 1853 τιθέναι
1749 1818 1881 1861 τους

190 1876 413 1947 νόμους.
452 1876 486 1934 ὂ
515 1879 583 1950 δὴ
610 1881 702 1935 καὶ
729 1881 815 1935 σοὶ
835 1881 1108 1950 ποιητέον,
1140 1899 1183 1933 ω
1210 1883 1464 1934 Κλεινία·
1501 1884 1725 1955 πρῶτον
1751 1897 1879 1949 τρε-

190 1961 359 2015 πτέον
379 1961 466 2016 ἐπὶ
483 1960 547 2016 τὰ
569 1966 798 2016 τοιαῦτα
817 1964 1075 2032 μέλλοντί
1086 1981 1150 2030 γε
1170 1965 1495 2027 κατοικίζειν
1511 1960 1714 2031 χώραν.

333 2046 454 2097 ΚΛ.
485 2040 654 2113 Ἀλλ’,
678 2035 724 2098 ὦ
745 2045 865 2108 ξένε
878 2039 1155 2113 Ἀθηναῖε,
1175 2045 1349 2112 λέγεις
1371 2063 1430 2098 τε
1450 2041 1743 2111 παγκάλως
1760 2042 1884 2112 ἐμοί

186 2142 250 2179 ,τε
274 2120 424 2178 οὕτω
444 2127 719 2195 ποιητέον.

857 2287 1211 2295 -—-———-—-

987 2455 1089 2524 δ’.

79 2628 164 2677 751
332 2615 369 2666 1.
408 2618 527 2669 ΑΘ.
561 2611 719 2669 Ἀλλὰ
756 2611 870 2684 μὴν
899 2613 1035 2684 μετά
1062 2633 1125 2683 γε
1155 2611 1334 2668 πάντα
1361 2610 1428 2667 τοὶ
1466 2616 1575 2666 νῦν
1615 2611 1874 2682 εἰρημένα

193 2689 392 2765 σχεδὸν
410 2690 482 2747 ἂν
502 2691 690 2763 άρχῶν
709 2691 820 2750 εἶέν
839 2709 926 2749 σοι
944 2692 1301 2758 καταστάσεις
1319 2698 1387 2764 τῇ
1406 2693 1575 2748 πόλει.

332 2778 450 2829 ΚΛ.
475 2771 618 2844 Ἔχει
636 2774 746 2847 γὰρ
765 2768 870 2831 οὖν
889 2773 1079 2840 οὕτως.
